3736 5962
97 57 167 115 itas

612 53 661 109 in
681 51 798 111 cesai
815 52 922 111 esrai
940 50 1129 110 insumet
1148 35 1332 112 mennon.

97 179 231 253 estquod
254 182 421 236 antumant.
449 176 513 244 Sed,
534 176 610 233 sicut
639 176 743 245 lariua,
769 185 797 234 et
820 176 909 250 aqua‘,
924 185 952 236 et
967 180 992 236 Α
1006 180 1070 251 ejus
1088 181 1261 237 sacramenti
1285 194 1343 238 non
1373 179 1513 240 rideatur
1536 182 1581 240 illi
1607 198 1672 242 esse
1688 186 1726 243 dih

97 255 139 313 sal
160 266 227 309 cum
244 249 289 308 his
315 249 356 306 ita
370 247 480 305 fuerint
505 247 655 304 commista
672 257 700 306 et
723 250 849 316 decocta,
870 250 950 321 quod

96 325 280 384 scilicetnon
295 327 363 378 sunt
387 319 492 399 lerina,
520 334 573 375 hec
598 333 687 390 aqua,
714 334 856 392 hecquae
884 330 950 379 ante

97 397 226 461 lucrant,
242 394 290 450 sed
309 405 375 448 vere
404 404 486 460 panis
515 404 609 460 purus
629 401 671 448 est
699 399 726 447 et
754 392 884 449 dicitur:
910 393 950 449 ita

97 467 285 538 panisquem
319 469 381 531 post
414 475 524 518 cinnam
553 463 637 518 iesus
661 462 793 518 Christus
815 463 950 520 manibus

98 552 160 595 suis
184 534 305 603 accepit,
333 540 485 603 postquam
514 533 593 589 hunc
620 532 766 589 benedixit
792 543 820 591 et
854 537 948 606 tregit,

97 621 204 677 corpus
219 604 324 662 Christi
341 618 398 658 non
422 605 504 673 panis
522 604 693 675 intelligitur
713 619 784 673 esse,
802 606 841 675 {et
859 606 948 661 credi-

98 687 147 734 tur
163 677 241 748 quod
264 673 397 732 Christus
421 675 553 731 Salvator
569 690 603 731 ao
627 676 799 745 Redemptor
822 676 850 731 in
867 689 948 732 caena

98 749 159 807 suis
174 747 326 816 discipulis
350 746 438 814 dedit,
462 747 583 801 dicens:
608 746 732 815 Accipite
755 751 780 800 et
807 749 946 817 comedite,

97 822 148 876 hoc
163 823 203 873 est
215 833 314 888 corpus
326 832 425 872 meum.
442 818 580 872 Eauidem
597 826 735 872 rationem
751 824 779 872 et
800 819 835 873 de
849 819 946 887 calice,

96 904 248 963 perquem
269 891 377 960 gratias
395 902 494 961 agens,
510 895 538 943 et
560 889 637 944 dedit
649 887 799 958 discipulis
820 891 881 945 suis
900 890 947 944 iii-

98 966 203 1030 cimus‚
232 960 320 1017 etiam
343 960 417 1016 dixit
440 960 506 1016 eis:
532 960 621 1014 Bilite
640 975 674 1014 ec
697 959 744 1014 hoc
766 975 875 1030 omnes3
904 960 948 1015 tic

98 1038 139 1090 cst
160 1033 274 1099 sanguis
299 1046 375 1085 meus
404 1035 468 1086 notu
495 1035 660 1098 testamenti,
696 1033 745 1099 qui
851 1031 947 1088 inultis

99 1104 256 1175 effundetur
280 1105 310 1157 in
332 1102 543 1171 redemptionem
563 1108 747 1172 peccalorum.
764 1047 945 1158 Epiitddidit:

99 1176 314 1242 Quotiescunque
336 1175 457 1239 feceritis
482 1173 540 1242 boc,
565 1175 649 1241 facite
674 1173 704 1226 in
727 1187 813 1227 meam
832 1189 947 1228 comme·

98 1250 287 1302 morationcm.
305 1245 372 1300 iirec
398 1244 488 1300 verba
507 1258 605 1315 quiea
621 1245 733 1300 Christo
752 1244 781 1299 in
801 1258 882 1300 coeua
898 1259 944 1301 su-

98 1331 150 1389 per
176 1317 252 1374 istud
281 1323 494 1372 sacramentum
524 1315 633 1385 prolata
666 1314 796 1383 luerunt,
823 1315 947 1371 maxime

27 1442 30 1447 .
98 1387 185 1460 quasi
217 1387 355 1445 ultimum
385 1393 587 1443 testamentum
628 1386 721 1441 notari
751 1385 865 1442 debent.
892 1386 947 1442 Sed

99 1474 167 1516 eum
199 1458 296 1515 dixit:
333 1459 549 1527 Quotiescunque
572 1459 694 1525 feceritis
719 1456 778 1526 boc,
798 1459 882 1524 facite
916 1460 947 1511 in

1005 251 1126 320 inutilis,
1147 251 1195 308 sed
1217 259 1295 307 certa
1315 259 1342 308 et
1361 250 1500 320 utillima,
1524 263 1554 312 et
1576 254 1611 310 in
1640 270 1726 327 presa

1004 336 1072 393 pore
1087 322 1291 393 susceptibilis,
1307 322 1338 380 iu
1353 324 1446 394 specie
1462 326 1554 395 panis
1569 334 1600 382 et
1617 330 1689 396 riui,
1708 345 1726 401 qi

1002 394 1032 448 in
1052 409 1133 449 cmua
1149 394 1236 459 dedit,
1260 403 1288 451 et
1311 408 1416 464 corpus
1441 410 1534 452 suum
1562 397 1726 456 distribues

1003 465 1074 529 ruit,
1088 465 1169 520 addit
1186 480 1192 518 :
1209 466 1278 520 Coro
1292 471 1363 519 enim
1387 482 1447 520 mco
1461 483 1529 522 uere
1547 473 1590 522 est
1606 471 1723 536 cibuset

1002 550 1076 590 meas
1100 551 1161 590 vere
1191 544 1230 589 est
1248 541 1329 606 pctus
1353 537 1441 607 (loon.
1469 541 1523 608 vi).
1557 539 1615 595 Sed
1645 556 1705 598 sunt

1003 605 1127 662 baeretici
1142 608 1192 676 qui
1219 611 1338 662 creduut
1360 611 1507 665 audiendo
1523 609 1652 667 verbum
1675 614 1716 669 itii

1002 691 1068 732 care
1083 691 1197 733 carnem
1215 678 1265 732 iiiii
1283 678 1418 743 bominis,
1431 688 1459 735 ct
1474 683 1544 749 ejus
1558 679 1722 753 sanguinem

1002 748 1087 816 quasi
1118 747 1249 805 Christus
1279 749 1401 805 nesciret
1428 750 1529 807 dicere
1565 768 1621 824 qui
1647 770 1726 811 ommi

1005 819 1122 874 Verbum
1140 835 1227 874 meum
1248 835 1310 874 cere
1330 825 1368 875 cst
1392 821 1484 889 cibus,
1507 828 1535 877 et
1560 832 1678 892 sanquis
1700 845 1726 881 m

1002 897 1042 944 est
1058 895 1158 959 potus;
1173 891 1252 946 allud
1274 892 1396 946 verbum
1415 905 1468 961 pro
1492 894 1552 948 alio
1572 899 1726 966 ponensS

1002 961 1056 1017 boc
1074 961 1169 1017 dixit:
1187 963 1255 1018 coro
1267 977 1327 1017 mec
1347 977 1409 1017 cere
1423 968 1464 1017 est
1489 966 1584 1033 cibus,
1605 974 1632 1022 ct
1656 985 1726 1038 sonci

999 1047 1063 1086 vere
1077 1037 1116 1086 est
1127 1037 1218 1102 potus,
1234 1046 1292 1089 uon
1307 1034 1378 1089 dixit
1395 1049 1402 1087 :
1419 1033 1497 1090 Caro
1514 1051 1582 1092 mea
1597 1053 1664 1095 vere
1681 1055 1716 1097 isi

1000 1111 1028 1159 et
1044 1104 1220 1173 intellectus;
1240 1104 1300 1173 sed,
1318 1116 1454 1174 operante
1477 1108 1634 1175 spirituali
1658 1115 1726 1181 grati

1000 1188 1061 1228 meo
1073 1189 1133 1229 cere
1147 1180 1188 1230 est
1208 1174 1294 1241 cilius,
1310 1180 1335 1229 et
1357 1180 1474 1243 sanquis
1491 1194 1569 1234 meus
1592 1196 1656 1234 nere
1667 1191 1702 1236 cst
1711 1201 1726 1253 p

1001 1243 1055 1300 boc
1081 1247 1194 1314 proprie
1219 1246 1350 1303 Christus
1376 1245 1463 1303 dixit.
1488 1249 1528 1305 iit
1558 1254 1726 1310 certissimoi

1001 1322 1180 1372 sacramento
1196 1318 1278 1385 panis
1296 1326 1323 1372 et
1337 1317 1400 1372 viui
1419 1319 1504 1389 quod
1525 1319 1559 1376 iu
1573 1337 1657 1378 coeua
1669 1325 1722 1395 ejus

1000 1386 1036 1441 Et
1066 1385 1238 1456 quotidiea
1270 1387 1410 1445 ministris
1445 1391 1501 1445 uei
1526 1393 1671 1450 ordinatis
1691 1400 1726 1451 ιιι

1000 1467 1131 1514 mentum
1146 1472 1232 1527 super
1263 1457 1352 1514 aliare
1383 1460 1413 1515 iu
1443 1460 1577 1518 ecclesia
1607 1464 1659 1521 bei
1676 1480 1726 1522 ciui

99 1545 186 1586 meam
214 1532 501 1596 commemorationem,
530 1529 560 1584 iu
593 1528 637 1585 his
674 1528 773 1583 verbis
804 1527 1070 1585 indicaturitcum
1087 1528 1177 1610 ipsius
1198 1532 1483 1586 commemoratione.
1509 1531 1567 1589 Sed
1585 1538 1720 1604 quiarim

100 1602 178 1673 quod
205 1601 336 1657 Christus
357 1599 433 1656 istud
461 1608 573 1656 tantum
594 1608 622 1654 et
649 1606 708 1654 tam
732 1600 946 1656 sanctissimum

99 1676 314 1729 sacramentum
331 1671 422 1727 noluit
437 1678 469 1727 ut
492 1671 530 1726 ibi
553 1670 637 1726 linem
660 1670 785 1726 haberet.
811 1669 862 1726 Sed
878 1684 945 1740 apo·

99 1744 189 1812 stolis,
207 1745 283 1799 sicut
308 1744 369 1798 suls
397 1742 596 1798 cohaeredibus
610 1749 637 1797 et
659 1754 760 1797 eorum
779 1742 949 1797 successori·

101 1815 167 1880 bus,
193 1814 246 1869 hoc
274 1822 486 1868 sacramentum
517 1821 579 1882 post
607 1827 690 1867 suain
720 1826 890 1883 passionem,
920 1820 948 1869 et

100 1885 351 1950 resurrectionem,
367 1893 395 1940 et
415 1884 609 1940 ascensionem
627 1897 713 1938 suam
740 1898 767 1938 in
797 1885 946 1953 sempiter-

99 1971 172 2013 num
195 1956 288 2012 lacere
317 1956 460 2025 praecepit,
482 1956 509 2010 iu
535 1955 702 2010 memoriam
717 1968 776 2010 suae
807 1954 947 2024 passionis

99 2037 127 2084 et
143 2029 171 2082 in
187 2041 236 2096 spe
252 2035 366 2082 aiteinae
379 2027 489 2082 salutis.
507 2024 578 2083 Cum
607 2025 747 2082 Dominus
774 2026 856 2081 lesos
870 2025 948 2080 Chri·

100 2106 162 2154 stus
178 2099 338 2169 discipulos
366 2112 435 2154 suos
452 2106 662 2169 congregasset,
686 2111 801 2153 carnem
818 2111 900 2153 suaiu
917 2096 947 2151 ιιι

98 2171 192 2238 ιριιιι
207 2172 298 2239 panis,
318 2176 346 2225 et
372 2169 545 2240 sanguinein
561 2183 647 2224 suum
665 2168 811 2238 inispecie
838 2167 899 2223 viui
917 2180 946 2223 se

100 2240 238 2296 daturum
255 2241 312 2296 illis
325 2240 467 2310 promisit,
484 2249 516 2295 ut
532 2239 561 2295 io
588 2239 746 2311 Evangelio
770 2238 846 2295 beati
859 2239 946 2294 loan-

99 2310 145 2366 nis
168 2312 342 2377 contiuetur,
365 2319 393 2367 et
407 2312 475 2367 dicit
500 2310 571 2382 (cop.
598 2310 666 2377 vil:
696 2311 782 2364 l’anis
797 2325 875 2376 quein
899 2325 946 2378 eqo

99 2382 168 2435 dabo
188 2383 275 2446 cotis,
299 2396 362 2435 coro
376 2397 434 2436 ineo
458 2386 558 2450 estpro
572 2383 668 2436 mundi
694 2383 760 2436 vito.
778 2382 871 2437 iudaei
895 2394 946 2436 au·

99 2458 157 2508 tem
184 2452 238 2507 boc
265 2453 416 2508 audientes
446 2453 519 2507 inter
552 2466 582 2506 se
612 2452 771 2523 litigabant,
820 2451 947 2507 dicentes

102 2522 218 2594 hiddi:
241 2521 376 2587 Quomodo
401 2527 490 2593 polest
505 2524 581 2577 nobis
596 2523 663 2578 darc
689 2538 798 2578 carnem
810 2538 889 2577 tuom
910 2523 947 2577 od

99 2593 346 2649 manducandum?
362 2595 480 2663 Propter
508 2595 582 2649 hauc
601 2593 800 2664 litigationem,
821 2603 848 2650 et
876 2596 947 2662 quie

99 2665 242 2721 intellexit
260 2679 308 2720 eos
336 2665 514 2734 spiritualem
548 2665 722 2720 intellectum
754 2679 811 2719 nou
842 2664 946 2720 habere

100 2737 154 2792 sub
170 2745 248 2792 certa
274 2736 441 2802 assertione,
468 2734 543 2790 dixit
568 2737 629 2791 eis:
655 2737 753 2801 Amen,
780 2751 857 2789 amen
886 2736 945 2790 dico

98 2807 184 2864 cobis.
211 2808 266 2861 nisi
286 2807 515 2861 inanducooem'tis
540 2822 646 2861 carnem
674 2808 726 2873 filii
756 2806 882 2871 hominis,
919 2811 943 2859 el

1001 1604 1122 1654 cationis
1137 1599 1225 1671 buius
1247 1601 1421 1657 sacramenti
1440 1610 1470 1658 et
1499 1603 1663 1663 utilitatem
1687 1609 1726 1664 bei

1001 1669 1145 1740 pientibus
1184 1672 1332 1727 ostendere
1369 1672 1477 1741 voluit,
1517 1677 1638 1734 addidit
1666 1680 1725 1745 (ibid

999 1741 1147 1796 manducat
1175 1758 1263 1797 mecm
1284 1757 1402 1808 carnem,
1427 1749 1454 1796 et
1483 1743 1564 1800 bibit
1582 1765 1670 1803 meina
1692 1766 1726 1804 soi

999 1814 1028 1866 i'n
1047 1828 1089 1867 me
1111 1819 1212 1881 monet,
1237 1819 1263 1868 et
1291 1828 1338 1881 ego
1360 1816 1389 1868 in
1422 1815 1486 1869 iiic.
1510 1819 1553 1873 Et
1577 1824 1629 1890 qui
1656 1823 1726 1876 ninid

999 1885 1059 1953 ipse
1073 1887 1145 1939 uiuet
1159 1889 1273 1954 propter
1296 1900 1354 1952 me;
1382 1894 1412 1941 et
1433 1887 1503 1942 baec
1532 1890 1638 1947 virius
1660 1893 1726 1964 buius

1000 1955 1090 2010 menti
1105 1964 1132 2011 et
1149 1955 1256 2011 utilitas
1276 1955 1346 2011 bene
1358 1958 1564 2026 percipientis
1586 1965 1665 2032 quod
1685 1980 1726 2020 iou

999 2024 1099 2091 ildelis,
1113 2027 1220 2083 scilicet
1232 2041 1296 2082 eum
1313 2027 1341 2082 iu
1358 2027 1419 2082 Dee
1437 2043 1588 2098 manere,
1600 2046 1630 2091 et
1649 2036 1724 2091 beum

997 2097 1083 2152 ethic
1099 2097 1164 2153 talis
1181 2097 1262 2153 alleri
1286 2098 1417 2153 trucium
1451 2104 1608 2168 multum,
1632 2117 1664 2162 ut
1686 2109 1726 2162 loa

999 2175 1093 2222 statur
1106 2169 1177 2238 (cap.
1197 2168 1263 2240 xri:
1280 2167 1350 2234 Quia
1364 2174 1429 2223 sine
1451 2187 1512 2240 me,
1533 2183 1572 2234 ut
1596 2178 1667 2233 dicit
1683 2181 1726 2247 liei

997 2239 1068 2292 nihil
1081 2244 1194 2308 potestis
1221 2242 1321 2307 facere.
1345 2239 1460 2298 Beatus
1488 2258 1571 2302 vero
1598 2251 1726 2319 apostolia

998 2308 1088 2379 huius
1112 2315 1183 2366 tanti
1211 2319 1238 2366 et
1265 2319 1322 2367 tam
1350 2312 1524 2370 certissimi
1551 2323 1724 2376 sacramenti

999 2379 1156 2437 utilitatem
1185 2381 1318 2448 audiens,
1344 2389 1373 2438 et
1400 2398 1608 2455 cognoscens
1637 2406 1726 2447 suos<

998 2450 1142 2507 instruere
1171 2452 1268 2508 uirbis
1289 2460 1317 2507 et
1343 2453 1481 2520 actibus,
1514 2462 1631 2517 voleus
1653 2462 1717 2518 nibil

998 2535 1100 2577 eorum
1125 2522 1248 2579 salutem
1264 2524 1305 2578 eis
1317 2523 1523 2596 subtrahere,
1555 2541 1594 2587 ut
1611 2535 1673 2590 suis
1687 2548 1726 2589 seo

998 2593 1188 2662 sequentibus
1206 2593 1234 2648 in
1263 2600 1405 2651 memoria
1427 2597 1626 2671 baberetur,
1653 2605 1681 2660 iii
1696 2606 1726 2674 lii

998 2672 1075 2719 recta
1087 2666 1121 2718 ad
1137 2663 1300 2721 Corinthios
1323 2667 1426 2734 prima
1443 2673 1592 2741 scripsit,
1610 2675 1725 2731 dicensi

998 2735 1055 2801 Ego
1081 2736 1152 2789 enim
1175 2740 1267 2804 accepi
1288 2751 1306 2790 a
1330 2738 1459 2795 homino
1493 2747 1581 2812 quod
1612 2754 1639 2800 et
1666 2736 1726 2801 trud*

999 2804 1131 2869 Quoniam
1159 2809 1287 2861 iloma'nus
1315 2815 1413 2862 noster
1458 2813 1560 2870 destas
1609 2819 1726 2874 Chi-istm

99 2878 221 2932 biberitis
237 2880 294 2945 eJ'us
318 2879 490 2946 sanquinem,
513 2894 567 2931 non
592 2877 723 2932 babebitis
751 2880 837 2931 oi'lcm
855 2878 884 2930 in
900 2892 942 2930 co·
960 2873 982 2930 G
998 2885 1073 2931 nacte
1098 2877 1270 2944 tradebatur,
1296 2883 1403 2948 occepit
1431 2898 1571 2952 panem,
1605 2897 1632 2943 ct
1657 2895 1724 2957 proti

101 2949 165 3004 bis:
189 2956 214 3003 et
239 2954 286 3018 qut'
312 2950 461 3004 niaiiducat
478 2964 565 3002 meam
588 2965 695 3003 carnem
722 2954 748 3003 et
767 2947 834 3002 bibit
858 2964 944 3001 mcum

99 3024 272 3088 sanquinem,
288 3020 396 3074 babebit
416 3023 501 3075 citam
517 3026 656 3084 artemam,
680 3025 704 3074 et
717 3036 764 3087 eqo
779 3018 943 3072 resuscitabo

102 3106 162 3146 eum
176 3095 206 3145 in
221 3093 366 3146 novissimo
395 3091 448 3144 die.
477 3093 508 3145 ln
531 3091 577 3145 his
599 3090 695 3147 verbis
724 3091 885 3146 notandum
903 3097 945 3146 est

100 3163 177 3233 quod
208 3177 292 3218 nemo
318 3170 408 3231 potest
435 3162 540 3217 habere
576 3163 664 3217 vitain
698 3169 847 3222 micinam,
886 3158 943 3214 nisi

99 3232 320 3288 manducaverit
347 3246 463 3287 carnem
492 3231 591 3301 ipsius,
614 3239 642 3286 et
671 3231 774 3287 biberit
792 3231 856 3299 eJus
873 3244 941 3285 saii-

119 3305 227 3369 uinem‚
248 3301 408 3358 secuudum
436 3304 489 3355 hoo
516 3304 593 3369 quoii
620 3303 777 3370 ipsedixit.
804 3301 857 3356 Sed
883 3300 942 3369 ipse

97 3319 228 3429 {hristus
256 3372 348 3426 noluit
373 3372 527 3439 discipulos
550 3385 616 3426 suos
643 3370 750 3438 tallere,
780 3386 831 3427 uec
855 3386 941 3427 suum

97 3443 272 3512 promissum
288 3441 405 3496 inaniri.
429 3441 551 3497 Carnem
578 3455 663 3497 suam
692 3456 758 3497 vero
774 3451 801 3497 et
821 3443 939 3512 saugui-

97 3528 162 3570 nem
179 3527 265 3568 suum
295 3512 323 3567 iu
343 3511 436 3581 specie
454 3512 536 3581 panis
561 3514 677 3578 etvini,
695 3513 723 3567 in
746 3512 847 3568 ultima
860 3528 941 3568 crena

96 3592 128 3641 ut
154 3585 364 3639 manducarent
391 3584 451 3639 siue
472 3585 530 3638 oris
553 3584 749 3639 abhorritione
768 3583 830 3639 suis
857 3584 941 3640 disci·

96 3654 173 3725 pulis
188 3655 273 3711 dedit.
303 3653 357 3710 Sed
384 3655 672 3725 quecunqoeverha
699 3652 829 3711 Christus
855 3656 939 3723 dixit,

6 3784 10 3793 ,
94 3726 298 3783 certissimaet
321 3727 469 3781 verissima
497 3733 576 3791 suut,
596 3739 690 3795 neque
719 3725 750 3780 in
769 3725 866 3795 aliquo
891 3726 940 3782 lal-

94 3797 169 3854 lunl.
186 3797 277 3853 diuite
290 3797 367 3851 enim
381 3797 454 3852 dixit
470 3811 536 3867 qum
557 3810 626 3852 vera
642 3804 719 3862 sunt,
735 3810 801 3866 quae
820 3796 843 3852 si
863 3796 939 3852 alius

95 3870 219 3932 dixisset,
238 3881 291 3922 nec
311 3881 380 3922 vera
406 3881 467 3922 esse
481 3868 649 3923 viderentur
671 3881 722 3922 nec
742 3869 936 3924 crederentur.

94 3940 144 3996 Ille
158 3939 236 3996 euim
248 3938 321 3993 dixit
338 3952 343 3991 :
360 3939 492 4005 Egestam
514 3941 625 4004 ostium,
648 3953 697 4008 per
719 3939 799 3992 mesi
818 3941 878 4008 quis
892 3943 938 3993 in·

97 4013 212 4078 troierit,
234 4010 401 4075 sulcabitar3
419 4024 466 4077 epo
482 4024 541 4063 sum
557 4013 653 4079 postor
672 4009 757 4062 bonus
780 4009 869 4078 (Jocn.
887 4008 938 4079 x);

94 4097 142 4151 epo
168 4096 227 4136 sum
245 4082 326 4149 ponis
341 4080 431 4147 (toan.
450 4082 500 4150 vi),
534 4088 587 4135 eto.
603 4082 661 4149 Ego
675 4094 735 4133 sum
750 4082 815 4134 uitis
839 4096 902 4134 cera
913 4086 939 4134 et

999 2949 1092 3014 [repit
1115 2954 1140 3001 et
1155 2949 1250 3004 discit:
1276 2950 1406 3019 Accipite
1430 2960 1462 3007 et
1490 2960 1686 3019 manducate:
1700 2962 1726 3015 lio

999 3033 1050 3086 pus
1077 3035 1177 3085 meum,
1202 3019 1273 3085 quod
1296 3035 1348 3090 pro
1380 3024 1470 3080 uobis
1508 3032 1721 3101 tradetur3hae

998 3104 1085 3143 meam
1097 3092 1385 3146 commemorationem.

1035 3161 1069 3216 Ei
1086 3164 1136 3215 hoc
1162 3164 1321 3217 notandum
1348 3171 1395 3218 est
1421 3170 1519 3234 quod
1545 3171 1679 3230 Christus
1701 3173 1726 3243 iu

999 3229 1157 3300 discipulos
1172 3232 1229 3288 boc
1243 3241 1482 3294 sacramentum
1512 3242 1547 3298 in
1580 3249 1629 3301 sui
1658 3260 1726 3301 hiemi

998 3315 1071 3367 cere,
1085 3311 1112 3357 et
1126 3311 1158 3356 ut
1183 3303 1225 3357 ilii
1248 3306 1309 3359 suis
1329 3304 1508 3376 discipulis
1539 3318 1701 3384 traderent,
1721 3330 1726 3370 t

997 3372 1034 3426 ab
1049 3388 1080 3427 eo
1097 3374 1286 3441 accipiebant,
1302 3383 1334 3430 ut
1360 3383 1526 3438 memoria
1551 3388 1650 3456 ipsius
1676 3402 1726 3458 pass

998 3442 1051 3497 hoe
1072 3455 1283 3500 sacramentum
1308 3448 1336 3499 iit
1366 3453 1536 3509 saeculum
1563 3459 1667 3514 saeculi
1688 3460 1716 3513 iu

997 3513 1162 3570 haberetur.
1180 3516 1274 3571 item:
1297 3516 1445 3572 Similiter
1465 3520 1504 3578 et'
1523 3533 1645 3583 calicem
1666 3536 1726 3598 posti

995 3590 1084 3650 nouit,
1101 3585 1216 3640 dicens:
1245 3588 1295 3640 llio
1322 3588 1402 3642 cotim
1422 3599 1505 3649 movi·
1538 3605 1726 3654 testamentis

995 3661 1147 3722 soriguine3
1163 3657 1211 3710 lioc
1233 3660 1319 3721 facite
1340 3664 1590 3739 quotiescunque
1614 3673 1726 3726 biberitis

995 3732 1280 3782 commemorationem.
1305 3727 1552 3808 Quotiescunque
1577 3744 1657 3797 enim
1679 3759 1726 3796 iiim

992 3813 1092 3866 parion
1116 3798 1229 3852 nuncet
1247 3801 1356 3854 calicem
1386 3801 1516 3874 bibetis,
1550 3819 1671 3869 mortem
1695 3817 1726 3869 itt

994 3869 1159 3923 nuntiabitis
1174 3869 1257 3924 donec
1271 3872 1374 3925 ueniat.
1401 3874 1521 3947 Itaque
1544 3890 1705 3954 quicunque
1720 3901 1726 3936 i

993 3944 1062 3993 uerit
1088 3956 1195 4010 ponem,
1223 3942 1266 3995 vel
1300 3941 1400 3997 biberit
1447 3952 1579 4008 calicem
1604 3959 1712 4011 Domini

993 4025 1056 4090 reiis
1070 4016 1122 4065 erit
1147 4015 1268 4080 corporis
1291 4017 1318 4066 et
1346 4020 1515 4082 saiipuini‘s
1545 4029 1664 4081 bomini
1694 4027 1726 4091 (il

994 4095 1027 4144 si,
1043 4088 1076 4136 ut
1091 4083 1217 4138 haeretici
1231 4083 1341 4148 dicunt,
1356 4087 1449 4153 panis
1472 4100 1506 4148 ei
1535 4097 1649 4153 vinum
1674 4111 1726 4153 coit:

94 4169 140 4208 cos
156 4153 284 4222 palmites
301 4152 389 4222 (toan.
405 4154 473 4218 xv);
488 4166 535 4220 ego
555 4166 615 4205 sum
637 4152 693 4218 uio,
708 4154 820 4218 veritos,
835 4157 861 4206 et
879 4154 976 4245 vitan
993 4151 1104 4208 nullam
1131 4153 1269 4209 habereut
1291 4153 1488 4229 dignitatem,
1514 4179 1620 4236 quarte
1644 4171 1726 4239 Aucti

96 4224 186 4295 (Joan.
217 4223 278 4293 xiv)
312 4223 403 4277 lanta
426 4236 502 4276 euim
529 4229 571 4278 ιιι
599 4222 643 4277 ιιι
665 4222 744 4277 verbi
772 4222 823 4277 Ilei
851 4230 938 4293 atque
993 4232 1072 4279 neret
1100 4222 1256 4295 indignum
1286 4225 1488 4295 accipientem
1536 4252 1649 4307 panem
1671 4252 1726 4294 mni

92 4297 197 4358 virtus,
227 4301 260 4350 ut
287 4295 385 4350 emula
400 4306 585 4363 quaecunque
599 4292 673 4348 dixit
690 4292 768 4362 quod
785 4306 936 4362 uunquam
992 4296 1119 4363 corporis
1143 4296 1340 4366 etsahguiuis
1360 4295 1490 4358 Domini
1518 4320 1589 4365 esse
1615 4309 1716 4366 reum?

93 4364 471 4434 lallitnecpraeterit,sicot
495 4363 568 4418 dixit
593 4364 770 4419 Psalmista:
807 4366 937 4419 limitet
991 4364 1057 4435 quis
1075 4378 1177 4434 panem
1195 4365 1352 4436 simplicem
1370 4373 1531 4442 comedat,
1562 4394 1712 4438 reusesse

92 4439 256 4505 factasunt,
272 4434 412 4490 mondavit
430 4437 456 4488 et
470 4441 563 4488 creato
577 4440 642 4489 sant
660 4434 863 4505 (Psotxxxii).
990 4443 1018 4490 et
1047 4435 1198 4507 sanguinis
1231 4437 1341 4491 Domini
1375 4452 1436 4494 nou
1473 4445 1600 4507 dicitur
1645 4465 1726 4507 nec.

128 4508 231 4564 Ethoc
255 4506 414 4563 notandum
439 4512 482 4560 est
510 4507 587 4575 quod
611 4507 788 4576 evengelista
813 4519 933 4575 nonpo·
990 4505 1025 4561 Et
1054 4505 1116 4560 ideo
1153 4506 1306 4576 Apostolus
1341 4517 1393 4565 aut
1420 4515 1582 4591 quislibet
1601 4493 1671 4577 ’hoc
1701 4534 1726 4576 sa

92 4581 152 4635 suit
176 4580 364 4649 praeteritum,
383 4579 430 4633 sed
447 4591 581 4646 praesens,
595 4579 729 4647 quamvis
746 4584 807 4646 post
827 4579 935 4646 passio·
989 4584 1063 4639 tuni,
1087 4577 1217 4633 videlicet
1248 4579 1330 4648 panis
1353 4588 1380 4635 et
1406 4585 1490 4651 nini,
1541 4594 1697 4662 percipm

91 4665 156 4706 uem
173 4665 254 4706 suam
269 4649 416 4714 scriberet,
434 4648 596 4719 intelligens
610 4649 766 4704 etcredehs
790 4647 842 4703 hoc
857 4648 934 4718 quod
990 4648 1090 4717 probet
1123 4663 1257 4718 seipsum,
1294 4650 1320 4704 id
1346 4660 1389 4705 est
1413 4666 1531 4724 purget
1568 4662 1726 4733 seipsum

91 4720 303 4778 Christusdirit
326 4729 551 4785 seesse,etest,
575 4727 603 4774 et
624 4733 736 4788 semper
757 4719 821 4785 erit,
847 4720 934 4774 itaee
990 4720 1025 4774 tis
1052 4719 1126 4785 suis,
1155 4729 1182 4775 et
1215 4721 1256 4775 sic
1286 4720 1320 4776 de
1349 4735 1424 4790 pane
1459 4727 1515 4784 illo
1540 4733 1625 4795 edat,
1664 4736 1726 4790 eid

91 4794 176 4849 verba
193 4807 258 4863 quae
273 4791 403 4849 Christus
420 4795 447 4845 iu
463 4805 542 4846 coena
561 4790 679 4858 protulit
703 4803 799 4846 corani
821 4804 880 4845 suis
895 4789 934 4845 di·
989 4789 1079 4845 bibat.
1098 4791 1166 4846 item
1182 4791 1240 4859 ipse
1255 4795 1409 4861 Apostolus
1425 4797 1675 4860 redditcausam
1688 4821 1725 4874 qu

88 4864 216 4935 scipulis,
232 4873 259 4919 et
281 4878 328 4919 eos
347 4864 455 4928 docuit,
474 4862 502 4917 in
527 4875 556 4917 se
572 4863 693 4917 retinent
719 4874 806 4931 quam
829 4861 934 4916 habue-
988 4861 1096 4929 cipiens
1112 4868 1283 4931 piirgatusa
1302 4866 1425 4931 peccatis
1455 4881 1526 4925 esse
1553 4876 1655 4943 dehet,
1682 4892 1726 4932 cui

87 4933 592 5004 runtinapostolisinsacrauienlo
615 4933 697 5001 pariis
720 4942 747 4988 et
771 4932 841 4999 vini,
860 4931 934 4988 scili·
987 4931 1039 4996 Qui
1062 4934 1134 4986 enim
1160 4934 1312 4987 inanducat
1331 4940 1357 4988 et
1388 4935 1460 4990 bittit
1493 4944 1724 5017 &dignabilis

88 5007 270 5077 cetcorporis
297 5015 324 5062 ct
351 5004 503 5072 sauguinis
531 5004 655 5071 Doiniiii,
677 5011 704 5058 et
719 5004 847 5058 eamdem
873 5017 931 5056 viiii
986 5005 1133 5057 manducat
1159 5010 1184 5057 et
1212 5005 1288 5066 bibit,
1314 5020 1368 5058 non
1398 5006 1575 5074 dijudicans
1608 5035 1708 5088 corpus

86 5086 114 5136 et
126 5081 272 5144 virtutem,
285 5086 312 5133 et
324 5077 480 5132 ellioaciaui
501 5076 529 5129 iii
551 5076 599 5129 liei
615 5076 755 5129 ministris
767 5074 931 5130 retinebuut
986 5075 1055 5129 ltim
1071 5090 1126 5130 iiim
1143 5086 1184 5129 est
1206 5075 1234 5129 in
1252 5075 1352 5131 merito
1376 5090 1604 5153 consecrantis,
1623 5092 1673 5145 sed
1699 5091 1724 5143 in

86 5165 181 5222 usque
207 5150 235 5204 iu
257 5149 341 5204 linem
364 5148 470 5203 saeculi.
489 5148 643 5216 Postquam
671 5146 810 5201 Dominus
836 5149 932 5201 hoster
985 5149 1140 5201 etveritate
1162 5146 1284 5214 Spiritus
1305 5147 1408 5212 sancti,
1433 5152 1726 5230 spiritusapprohai

86 5222 168 5279 iesus
183 5220 313 5278 Christus
330 5220 552 5290 protudaeorum
571 5216 672 5288 litigio,
684 5218 761 5287 quad
787 5217 930 5272 iaciebant
986 5216 1104 5272 lirnians
1118 5216 1172 5273 hoo
1186 5224 1398 5273 sacramentum
1415 5224 1507 5288 panis
1524 5237 1554 5282 et
1574 5232 1639 5286 riui
1660 5247 1720 5287 esse

86 5293 121 5347 de
136 5307 224 5349 carue
237 5305 301 5356 sua,
322 5291 436 5348 audivit
448 5297 476 5346 et
490 5289 562 5344 dixit
576 5287 617 5344 eis
634 5287 718 5344 :Nisi
738 5288 930 5343 manducave·
985 5287 1109 5355 bomini,
1135 5290 1211 5358 quod
1229 5286 1383 5344 Corinthiis
1401 5297 1583 5355 ostenderat
1613 5304 1726 5360 rerbci

84 5362 271 5421 riutceruem
286 5363 347 5419 Filii
362 5359 732 5430 homiuisetbiberintejus
746 5373 796 5415 san
819 5361 927 5428 niuem,
983 5373 1050 5415 cum
1077 5360 1106 5414 iu
1127 5359 1252 5431 Epistola
1272 5359 1366 5428 prima
1392 5359 1434 5417 eis
1453 5372 1646 5430 transmissa
1667 5377 1726 5430 scri

81 5445 143 5488 non
158 5433 308 5492 habebunt
321 5433 409 5491 vitam
423 5441 579 5502 aeternam;
595 5431 645 5489 sed
685 5430 716 5487 ui
731 5374 929 5489 maniacam-
982 5429 1144 5502 caustcop.
1169 5429 1220 5501 xl:
1242 5431 1322 5489 tatic
1347 5429 1553 5497 benedictionis
1579 5448 1632 5500 ms
1655 5446 1726 5502 sem

79 5502 139 5561 rint
161 5512 190 5562 et
208 5505 336 5563 biberint
347 5506 411 5578 ojus
424 5503 608 5577 sanguinem,
628 5501 666 5559 ba
704 5500 882 5559 boninitam
900 5507 929 5560 et
981 5501 1288 5560 nonnecommiinicctio
1309 5505 1457 5573 concutitis
1483 5510 1600 5571 omues
1627 5516 1726 5574 „iii

65 5581 207 5635 aternam
239 5576 492 5637 resumentiouem.
519 5572 673 5634 Promisslo
694 5569 927 5633 manducationis
982 5574 1353 5647 cammerinorum
1374 5578 1571 5654 partimin
1595 5590 1722 5661 m
