3804 5962
121 213 190 269 tlot
386 209 489 267 rarat
508 210 694 269 damnabat
714 208 792 269 orb.
812 209 902 270 PARS
919 212 969 270 llt.
986 240 1021 255 -
1032 210 1253 272 rasoloolca
1269 214 1314 270 ET
1333 212 1596 272 rfllbosorulclt.
1800 216 1865 273 litt

118 351 212 411 posse,
232 350 286 394 noo
308 335 372 409 eius
394 340 526 409 unquam
544 336 726 395 volunlatem
758 337 858 410 aliquo
872 337 966 410 impe·
981 339 1007 399 ll
1021 353 1088 398 oum
1110 339 1216 398 dicitur
1237 343 1328 411 prius,
1350 339 1420 412 quia
1446 339 1577 412 possibile
1601 347 1643 398 est
1666 341 1761 399 licum
1776 340 1865 400 inoar-

54 499 56 503 ἢ
119 426 247 485 dimento
272 425 431 485 disturbari
456 439 548 498 posse.
578 426 631 493 oui
658 427 746 484 etiam
774 427 848 486 sicut
869 429 966 486 omnia
1020 431 1094 501 nari,
1110 438 1138 488 ot
1150 430 1332 502 postmodum
1347 430 1471 487 dicimus
1485 430 1555 501 quia
1567 430 1702 501 possibile
1714 437 1760 488 est
1772 431 1862 502 ipsun

119 530 233 587 semper
251 515 304 573 scit
319 529 386 586 qua
413 514 572 586 aliquando
599 515 661 585 scit,
690 517 735 574 vel
763 529 877 588 semper
903 518 966 575 vult
1019 520 1289 586 incarnatumesse‚
1305 534 1357 576 nec
1382 520 1530 576 diversum
1546 520 1654 576 lactum
1678 534 1733 578 nec
1752 520 1863 578 diversa

119 618 187 678 que
201 603 362 676 aliquando
386 602 461 673 vult,
485 618 538 662 nec
563 619 697 676 unquam
723 604 853 677 aliquam
875 605 967 663 scien·
1020 604 1192 676 possibllitas
1207 614 1396 675 monstratur,
1412 608 1461 664 sed
1486 621 1538 678 pro
1563 607 1662 665 eodem
1688 607 1769 679 quod
1786 608 1865 680 priua

119 693 189 752 tiam
214 693 330 762 amittit,
350 693 393 750 vol
415 693 595 750 voluntatem
609 702 713 762 mutat,
730 708 818 766 quam
835 708 966 765 unquam
1020 700 1081 749 erat
1103 692 1246 762 iuturom,
1276 694 1407 752 almodo
1432 701 1474 751 est
1493 695 1681 764 preteritum,
1706 704 1865 769 utrumque

118 781 231 851 babuit,
252 780 293 838 ita
307 796 420 853 semper
432 782 530 840 omnia
556 790 729 855 potestque
744 783 900 855 aliquando
916 797 967 854 po·
1019 793 1088 838 vere
1099 781 1215 839 dicitnr.
1233 783 1337 853 Liquet
1356 783 1454 854 itaque
1472 783 1570 850 boum,
1587 783 1660 840 sicut
1675 798 1730 840 neo
1747 783 1865 840 scientia

118 879 183 941 test,
198 884 251 928 neo
267 883 399 942 unquam
414 871 516 944 aliqua
531 885 586 930 soa
608 872 735 944 potentia
756 873 899 944 privatur.
920 873 965 928 lit-
1019 869 1066 927 vel
1092 870 1241 928 voluntate
1265 871 1383 940 mutari,
1412 871 1452 928 ita
1478 886 1533 929 nec
1552 872 1639 929 etiam
1665 872 1865 943 possibilitate

118 960 143 1018 ai
161 961 240 1018 onim
255 959 339 1019 seivit
353 959 422 1018 olim
450 974 496 1018 me
519 961 702 1019 nasciturum
730 975 801 1031 esse,
819 967 967 1019 notamen
1020 957 1097 1017 0.....
1114 960 1212 1030 itaque
1236 960 1315 1031 qnod
1337 959 1423 1017 semel
1439 961 1500 1025 scit,
1530 975 1641 1032 semper
1654 961 1717 1028 scit,
1743 968 1773 1020 et
1789 961 1865 1034 qnod

119 1050 191 1107 sciat
215 1063 260 1107 me
285 1049 467 1107 nasciturum
495 1063 565 1118 esse,
588 1064 646 1107 non
682 1057 779 1107 tamen
809 1049 873 1107 ideo
897 1050 966 1107 olim
1020 1048 1185 1106 semelvult
1212 1063 1325 1120 semper
1347 1051 1429 1109 vult:
1445 1051 1532 1108 itaet
1559 1065 1648 1123 quam
1671 1050 1761 1108 semel
1781 1051 1866 1109 babet

120 1136 234 1211 aliquid
248 1139 332 1197 scivit
345 1139 423 1210 quod
436 1139 521 1197 modo
543 1154 601 1197 non
623 1139 706 1210 sclat3
721 1139 771 1196 sed
797 1139 827 1197 id
843 1140 878 1197 do
892 1139 965 1196 nati·
1021 1138 1178 1208 potentiam
1193 1152 1348 1209 nunquam
1372 1139 1498 1211 deponit.
1525 1141 1664 1212 lienique,
1685 1141 1710 1197 si
1725 1153 1807 1199 more
1822 1140 1867 1196 bo

120 1228 210 1287 vitate
224 1241 290 1286 mea
305 1229 483 1285 nuncetiam
502 1228 565 1298 scit,
588 1229 666 1300 quod
677 1228 787 1286 sciebat
809 1235 966 1300 antequam
1020 1225 1134 1283 minum
1151 1226 1281 1285 dicamus
1295 1242 1363 1286 oum
1377 1227 1456 1286 aliud
1471 1243 1552 1300 posse
1572 1243 1631 1286 uno
1647 1236 1776 1300 tempore
1790 1228 1865 1300 quod

120 1317 211 1388 deret,
226 1316 291 1375 licet
312 1324 340 1375 et
364 1325 485 1375 nuncet
500 1325 570 1374 tuno
585 1318 660 1374 bano
674 1318 738 1389 ejus
757 1317 906 1374 scientiam
925 1317 965 1375 di·
1020 1313 1078 1370 alio
1090 1327 1148 1371 non
1162 1317 1260 1386 possit,
1281 1323 1396 1387 propter
1412 1317 1464 1373 boc
1488 1316 1622 1374 vidcllret
1639 1316 1735 1374 solum
1752 1315 1863 1388 quodsi

119 1407 211 1468 versis
231 1406 328 1465 verbis
342 1406 467 1479 exprimi
489 1414 641 1478 oporteret.
660 1405 770 1477 Quippe
794 1406 873 1477 qnod
897 1413 968 1463 tunc
1021 1403 1156 1460 convenit
1170 1418 1230 1461 uno
1254 1412 1380 1475 tempore
1398 1405 1427 1461 id
1450 1405 1542 1462 lacere
1560 1405 1637 1476 quod
1652 1419 1712 1462 non
1734 1405 1867 1462 convenit

120 1496 256 1556 loturum
281 1505 343 1554 erat
368 1497 453 1554 modo
477 1504 625 1567 peractum
653 1502 704 1565 est,
733 1495 855 1567 ideoque
878 1496 966 1553 verba
1022 1490 1090 1560 alio,
1113 1492 1195 1549 nulla
1218 1493 1282 1564 ejus
1298 1494 1327 1549 in
1350 1493 1405 1550 boc
1427 1493 1596 1564 impotentia
1609 1494 1654 1551 vel
1673 1495 1811 1565 potentia
1823 1492 1866 1550 di·

121 1589 298 1644 commutata
324 1585 382 1643 sint
397 1585 433 1642 ad
451 1585 546 1656 ipsum
575 1584 803 1657 designandum
829 1584 903 1641 sicut
925 1584 965 1640 di·
1023 1581 1146 1638 minutio
1160 1589 1202 1638 est
1217 1582 1413 1654 intelligenda,
1431 1597 1497 1639 cum
1521 1583 1558 1639 ad
1578 1583 1735 1654 potentiam
1752 1581 1864 1654 cujusli·

122 1674 213 1734 versis
243 1673 423 1746 temporibus
448 1673 598 1745 loquentes
622 1673 753 1730 eamdem
780 1672 857 1729 diem
885 1673 968 1731 modo
984 1632 1007 1690 B
1024 1669 1204 1729 betminime
1230 1672 1371 1742 pertineat
1386 1672 1464 1743 quod
1487 1673 1513 1729 ei
1537 1672 1707 1730 nuliatenus
1725 1672 1864 1740 convenit,

122 1777 175 1837 per
189 1763 244 1821 boc
258 1762 431 1821 adverbium
449 1776 510 1818 oros
530 1761 716 1833 designamus
730 1762 800 1818 dum
815 1760 911 1818 adbuc
925 1762 967 1818 lu·
1023 1767 1057 1817 ot
1072 1759 1138 1816 inde
1166 1760 1363 1817 commendari
1392 1759 1481 1831 possit
1509 1761 1597 1818 imoe
1624 1760 1785 1829 contrario,
1810 1759 1865 1832 qus

123 1858 191 1910 tnra
204 1858 256 1921 est,
282 1852 365 1909 modo
393 1864 444 1922 per
467 1850 547 1906 bodie
569 1851 641 1907 dum
663 1863 790 1921 praesens
816 1857 869 1917 cst,
887 1849 970 1907 modo
1024 1848 1327 1921 derogaretdignitati.

122 1954 175 2014 per
188 1942 258 2009 lteri,
274 1955 341 1999 cum
361 1940 507 2012 preterita
529 1948 581 1998 ost.
606 1942 768 2010 Antequam
793 1939 891 2010 itaque
914 1952 970 1996 na·
1426 1937 1471 1994 vl.

123 2043 228 2100 scater,
248 2045 315 2088 cum
330 2030 557 2088 sciretlleusmo
569 2027 751 2086 nasciturum
765 2041 836 2096 esse,
856 2041 889 2084 eo
904 2028 970 2099 qui·
1059 2023 1132 2082 Cum
1147 2033 1244 2083 antem
1266 2025 1303 2083 ad
1331 2026 1486 2098 potentiam
1511 2041 1562 2084 seu
1581 2026 1747 2084 firmitatem
1766 2025 1867 2084 divine

123 2119 189 2178 dem
217 2128 343 2193 tempore
372 2135 431 2192 quo
454 2120 620 2178 nasciturus
643 2132 732 2186 eram,
757 2131 837 2176 nunc
855 2129 971 2188 quoque
1024 2121 1138 2172 naturae
1153 2115 1214 2185 ipsa
1226 2117 1289 2188 eius
1304 2115 1579 2174 incommutabilitas
1594 2117 1746 2188 pertineat,
1763 2116 1869 2188 deipsa

123 2208 314 2267 nibilominus
330 2210 360 2266 id
375 2209 438 2278 soit,
466 2208 576 2265 scilicet
597 2207 696 2264 eodem
719 2213 846 2276 temporo
869 2212 970 2262 natum
1024 2217 1104 2260 nunc
1114 2204 1198 2261 nobis
1213 2204 1413 2262 disserendum
1436 2205 1571 2274 occurrit,
1592 2207 1738 2277 praecipue
1752 2220 1868 2264 cumen

123 2310 184 2353 esse
197 2313 204 2353 :
219 2297 260 2354 sic
283 2304 310 2353 et
330 2297 405 2354 idem
431 2297 466 2354 de
494 2297 594 2354 eadem
620 2294 773 2352 nativitate
799 2307 864 2351 mea
892 2307 972 2350 nunc
1024 2292 1202 2364 quibusdam
1218 2308 1284 2365 quae
1298 2293 1357 2364 ipse
1371 2302 1518 2364 operatur,
1539 2293 1614 2352 sicut
1628 2301 1655 2352 et
1673 2307 1726 2351 nos
1742 2294 1807 2366 ipsl,
1823 2307 1866 2351 ra-

124 2399 242 2457 qucqne
266 2385 330 2442 vult
357 2386 435 2456 quod
459 2393 530 2442 tunc
551 2383 655 2454 voluit,
681 2390 715 2439 ut
737 2382 870 2440 videlicet
902 2389 972 2440 tunc
1025 2380 1096 2438 riari
1121 2381 1266 2450 videatur,
1298 2397 1364 2439 cunr
1386 2383 1517 2440 videlicet
1546 2382 1646 2455 aliqua
1669 2383 1755 2442 modo
1776 2384 1867 2450 iaciat,

123 2475 214 2543 lieret,
232 2473 349 2545 quando
367 2487 430 2530 eam
454 2473 516 2530 lieri
542 2474 578 2530 ab
598 2480 706 2529 aeterno
720 2471 813 2528 voluit
835 2479 863 2528 et
877 2471 969 2528 scivit.
1025 2471 1109 2527 modo
1124 2472 1160 2527 ab
1174 2471 1281 2528 eisdem
1295 2471 1443 2543 completis
1463 2472 1603 2544 quiescat.
1620 2473 1702 2530 Unde
1716 2479 1744 2531 ει
1759 2474 1795 2532 de
1810 2474 1866 2544 ipso

123 2565 159 2621 Et
174 2562 299 2630 attende,
315 2562 394 2633 quod
407 2561 492 2618 sicuti
507 2575 574 2618 eum
585 2560 720 2628 dicimus,
735 2558 875 2617 beusscit
888 2558 971 2615 modo
1025 2559 1163 2630 scriptum
1186 2567 1238 2629 εει,
1269 2563 1349 2631 quod
1367 2561 1515 2633 completis
1542 2561 1678 2632 operibus
1706 2561 1780 2630 suis,
1808 2574 1866 2633 qua

79 2641 89 2652 ’
123 2650 153 2709 id
168 2650 363 2713 lactumesse.
378 2648 598 2707 velvultmodo
613 2649 640 2705 id
662 2648 771 2706 iactum
798 2661 859 2704 esse
874 2662 883 2719 ;
899 2645 972 2703 illud
1025 2662 1077 2706 ses
1109 2647 1212 2706 diebus
1237 2658 1373 2721 operatus
1398 2657 1450 2720 est,
1484 2651 1604 2722 septimo
1630 2650 1777 2722 requievit
1795 2649 1866 2722 (den.

124 2740 210 2807 modo,
228 2741 265 2797 ad
293 2740 407 2797 diversa
434 2738 622 2810 conjunctum
647 2752 813 2796 supressum
839 2737 973 2794 enuntia·
1026 2754 1056 2806 u,
1072 2738 1113 2808 a),
1129 2738 1183 2796 boc
1198 2747 1239 2796 est
1269 2740 1306 2796 ab
1321 2740 1467 2810 operando
1481 2739 1612 2796 cessavit.
1631 2738 1710 2796 Sicut
1732 2753 1805 2812 ergo
1822 2751 1868 2795 nos

124 2828 211 2888 tionis
224 2835 328 2897 mutat,
354 2829 395 2885 ita
408 2829 505 2894 etiam,
528 2835 561 2883 ut
584 2841 675 2898 supra
690 2826 887 2894 meminimus,
904 2838 998 2882 cum·
1026 2828 1156 2886 iaciendo
1180 2828 1270 2896 aliud,
1297 2837 1325 2886 ct
1345 2829 1526 2900 postmodum
1549 2829 1733 2900 quiescendo,
1751 2828 1868 2901 physica

123 2918 198 2988 dico,
216 2925 307 2990 potest
322 2918 405 2974 modo
433 2916 463 2973 id
478 2916 579 2983 lacere,
605 2915 681 2973 idem
706 2915 879 2973 adverbium
905 2926 1010 2990 con-0
1026 2918 1099 2973 ratio
1111 2919 1198 2975 etiam
1218 2917 1335 2974 alterari
1350 2917 1540 2986 demonstrat,
1557 2918 1597 2974 ita
1617 2919 1704 2975 etiam
1719 2918 1779 2989 ipse
1798 2917 1870 2975 banc

121 3006 258 3079 junctum
274 3006 422 3062 diversum
437 3018 603 3061 successum
623 3004 728 3060 variat.
746 3005 838 3060 Potest
863 3001 971 3074 quippe
1027 3003 1204 3061 alterationis
1244 3007 1432 3062 mutationem
1465 3005 1580 3063 videtur
1612 3005 1779 3064 incurrere.
1821 3006 1869 3064 cni

125 3096 203 3168 quod
225 3095 299 3164 dico,
329 3095 406 3151 Deus
429 3094 481 3149 scit
509 3093 593 3149 modo
617 3091 645 3147 id
669 3089 778 3148 factum
801 3105 871 3158 esse,
888 3091 971 3148 modo
1025 3093 1111 3150 etiam
1131 3094 1230 3151 localis
1251 3103 1346 3152 motus
1367 3095 1481 3152 videtur
1495 3096 1603 3165 abesse,
1628 3109 1695 3152 cum
1719 3094 1807 3153 modo
1827 3095 1868 3152 do-

125 3183 196 3242 illud
213 3192 272 3242 tam
297 3183 405 3239 adscit
433 3194 521 3253 quam
545 3181 580 3237 ad
599 3181 705 3247 {cctam
727 3195 784 3235 esse
801 3179 913 3237 reterri.
935 3182 973 3236 llc
1025 3183 1161 3239 accudere
1192 3183 1303 3254 aliquo,
1329 3184 1374 3240 vel
1401 3186 1525 3242 transire
1552 3183 1652 3256 aliqua
1675 3185 1806 3253 dicatur,
1828 3184 1867 3240 vel

125 3273 150 3329 ai
169 3273 303 3329 videlicet
327 3271 368 3326 ita
394 3269 519 3336 dicatur,
540 3269 684 3341 quomodo
712 3270 765 3325 scit
787 3268 841 3325 boc
864 3269 972 3325 lactum
1025 3269 1123 3340 egredi
1138 3282 1288 3341 quoquam
1303 3270 1363 3326 sive
1378 3269 1444 3327 inde
1457 3271 1568 3344 regredi
1583 3271 1779 3330 describatur.
1796 3271 1867 3330 Unde

125 3373 196 3427 esse,
220 3357 250 3415 id
275 3364 318 3415 est
332 3358 416 3414 modo
443 3356 530 3414 babet
544 3357 620 3414 hanc
644 3356 792 3414 scientiam
813 3357 890 3428 quod
919 3357 973 3414 boc
1026 3365 1054 3415 ει
1069 3358 1099 3414 in
1114 3357 1263 3431 Virginem
1279 3366 1338 3415 tant
1362 3359 1491 3417 Verbum
1512 3360 1604 3417 Patris
1628 3373 1718 3432 quam
1734 3360 1866 3434 Spiritum

125 3447 233 3505 lactum
259 3452 311 3515 est,
333 3446 378 3503 vel
402 3445 455 3503 scit
471 3446 548 3517 quod
568 3445 597 3501 id
612 3446 696 3503 modo
716 3445 826 3503 iactum
841 3454 891 3508 εει,
907 3460 973 3517 quae
1026 3455 1161 3503 sanctum
1181 3446 1359 3504 descendisse
1382 3447 1536 3506 salubriter
1560 3449 1712 3519 tradimus,
1731 3458 1759 3508 et
1788 3463 1864 3509 vora·

125 3536 211 3609 longe
234 3536 350 3592 diversa
368 3541 447 3592 sunt.
471 3533 518 3591 Sic
538 3541 566 3591 ct
590 3549 656 3591 cum
688 3535 823 3602 dicimus,
840 3535 918 3606 quod
932 3534 974 3590 sic
1026 3536 1097 3593 citer
1112 3536 1313 3607 predicamus.
1330 3536 1364 3593 In
1379 3550 1438 3608 qua
1452 3538 1538 3595 etiam
1559 3539 1673 3610 virgine
1696 3539 1774 3597 Deus
1790 3540 1866 3597 bomo

124 3625 291 3695 modoquia
312 3625 365 3683 scit
382 3623 455 3681 illud
478 3624 563 3682 modo
592 3624 654 3681 ilari
669 3624 748 3695 quod
774 3638 831 3681 non
855 3623 909 3680 scit
924 3637 972 3693 po·
1025 3622 1120 3681 factus
1151 3625 1222 3681 adeo
1245 3625 1355 3681 mutari
1378 3625 1505 3693 videtur,
1525 3634 1559 3682 ut
1573 3627 1653 3683 aliud
1672 3640 1765 3699 quam
1787 3625 1866 3685 fueut

125 3723 186 3774 atea
201 3714 272 3780 deri,
289 3716 312 3772 si
327 3722 386 3771 tam
403 3713 486 3771 modo
505 3728 596 3786 quam
618 3721 716 3785 postea
731 3713 767 3770 ad
782 3711 971 3770 soltrelcran-
1026 3712 1120 3770 lactus
1134 3727 1195 3770 esse
1210 3712 1338 3770 dicatur:
1363 3713 1441 3785 quod
1469 3715 1506 3772 ad
1521 3714 1605 3773 illum
1621 3717 1795 3774 substantie
1816 3728 1866 3773 mo

126 3811 184 3866 tur.
202 3803 307 3861 laisum
323 3810 375 3860 εει.
1027 3810 1089 3861 tum
1109 3802 1297 3873 praecipuum,
1323 3817 1421 3874 quaea
1442 3804 1620 3875 pbilosophis
1639 3807 1790 3878 generatio
1805 3803 1866 3862 dicl-

160 3892 206 3949 lix
233 3906 266 3949 eo
295 3892 422 3964 prolecto
450 3891 666 3949 concedendum
695 3898 768 3948 esset
792 3891 871 3962 quod
899 3889 971 3948 illud
1026 3898 1084 3959 tur,
1100 3891 1376 3961 pertinerevidetur.
1392 3891 1455 3947 Non
1478 3893 1596 3949 omnino
1612 3894 1868 3965 igiturincommu·

125 3996 244 4056 quoque
258 3982 438 4054 quandoque
452 3981 515 4047 scit,
533 3981 710 4052 quandoque
724 3981 811 4037 etiam
836 3993 894 4036 non
909 3981 971 4037 scit.
1027 3979 1122 4038 tabilis
1136 3979 1252 4036 videtur
1266 3979 1352 4046 Deus,
1378 3992 1445 4036 cum
1464 3979 1533 4050 ipse,
1561 3988 1593 4038 nt
1607 3981 1719 4039 dictum
1734 3989 1788 4050 est,
1815 3990 1867 4040 tan

125 4070 236 4129 sivero
259 4070 296 4127 ad
319 4070 380 4127 deri
400 4077 526 4141 utraque
544 4071 773 4140 conjungantur,
802 4082 904 4126 varum
931 4075 973 4125 est
1027 4067 1204 4126 alterationis
1225 4081 1314 4140 quam
1338 4067 1404 4135 loci,
1434 4082 1485 4125 seu
1499 4069 1587 4126 etiam
1607 4070 1805 4142 generationis
1818 4084 1869 4128 mo

125 4159 204 4231 quod
218 4159 341 4219 dicitur:
364 4172 418 4216 nec
439 4159 506 4216 indo
519 4158 709 4215 annuendum
724 4167 766 4214 est
790 4157 868 4229 qnod
892 4156 972 4214 aliud
1027 4165 1091 4214 tum
1118 4157 1264 4228 suscipere
1281 4155 1426 4213 videatur.
1449 4156 1503 4214 Sed
1522 4159 1546 4214 si
1569 4158 1725 4229 diligenter
1743 4158 1867 4216 attenda-

125 4262 186 4306 uuo
202 4254 329 4319 tempore
343 4247 415 4305 sciat
432 4247 510 4318 quod
526 4246 583 4303 alio
595 4246 716 4303 nesciat.
732 4246 764 4303 ld
778 4252 820 4302 est
835 4260 902 4302 cunr
917 4243 970 4303 hn-
988 4264 1012 4320 p
1027 4259 1103 4314 mus,
1120 4260 1173 4302 nec
1196 4245 1225 4302 in
1247 4245 1292 4302 bis
1306 4259 1359 4302 neo
1376 4244 1440 4302 aliis
1454 4247 1543 4303 ullam
1559 4247 1730 4304 mutationis
1741 4247 1869 4306 variatio

121 4336 251 4410 jusmodi
265 4336 410 4394 adverbiis
425 4335 485 4392 baec
500 4336 588 4394 verba
611 4335 731 4404 iaciunt,
749 4333 813 4392 vult
827 4342 854 4391 et
871 4342 970 4405 potest,
1027 4347 1092 4390 nem
1108 4333 1241 4390 incurrit.
1258 4333 1367 4406 Quippe
1394 4350 1462 4391 cum
1485 4335 1608 4393 dicimus
1622 4350 1689 4394 cum
1705 4336 1822 4409 aliquid
1836 4335 1868 4391 la

125 4426 258 4484 similitor
273 4439 340 4484 cum
363 4425 403 4482 eis
418 4439 583 4483 successum
609 4424 765 4481 variantia.
787 4423 909 4480 sienim
930 4423 958 4479 di
1026 4437 1100 4491 cere,
1130 4436 1188 4480 non
1207 4423 1334 4495 aliquem
1358 4425 1389 4481 in
1408 4426 1552 4496 operando
1576 4434 1686 4483 motum
1709 4423 1751 4482 illi
1784 4425 1868 4482 inesse

125 4522 218 4585 catur,
235 4521 326 4585 potest
346 4515 423 4571 Deos
436 4512 466 4571 id
498 4513 582 4571 modo
608 4513 712 4581 iacere,
737 4520 764 4571 ει
788 4512 824 4569 ad
848 4512 971 4569 verbum
1027 4511 1225 4584 intelligimus,
1250 4512 1296 4571 vel
1323 4514 1452 4586 aliquam
1467 4515 1498 4571 in
1524 4515 1681 4572 laborando
1695 4515 1867 4589 passionem.

121 4609 224 4677 potest,
242 4603 380 4660 adverbia
407 4603 582 4670 reserantur,
609 4602 794 4659 falsissimum
822 4606 874 4671 est,
903 4601 973 4673 quia
1027 4602 1101 4658 sicut
1119 4601 1202 4658 nobis
1226 4602 1355 4661 accidere
1373 4604 1453 4673 solet,
1470 4605 1517 4662 sed
1541 4605 1605 4676 ejus
1619 4605 1804 4675 sempiterna
1822 4616 1868 4659 vo

122 4695 184 4767 lam
200 4705 258 4751 uno
275 4701 400 4763 tompore
413 4692 572 4763 quamdam
587 4691 674 4748 nabet
698 4689 864 4761 potentiam,
883 4703 973 4762 quam
1027 4689 1148 4748 luntatis
1162 4704 1271 4749 novum
1286 4692 1413 4765 aliquem
1424 4693 1622 4765 significamus
1635 4692 1782 4751 ellectum.
1802 4692 1868 4751 Cum

126 4784 182 4842 alio
209 4796 268 4840 non
287 4779 416 4838 baberet.
433 4780 462 4838 Si
487 4795 555 4838 vero
583 4780 618 4837 ad
639 4781 731 4848 socero
755 4785 880 4850 utraque
906 4793 974 4837 con·
1026 4794 1095 4852 ergo
1115 4780 1239 4838 dicimus
1258 4795 1327 4839 eum
1354 4782 1465 4854 aliquid
1488 4782 1592 4850 iacere,
1609 4783 1703 4841 dicero
1721 4790 1765 4839 est
1789 4783 1869 4854 juxta

124 4872 300 4946 jungantur,
316 4870 501 4927 verissimum
516 4877 568 4927 est.
595 4870 631 4926 Et
647 4869 722 4926 sicut
742 4882 800 4925 non
816 4867 973 4925 ostendun-
1026 4869 1090 4940 ejus
1102 4869 1280 4926 voluntatem
1304 4869 1415 4943 aliquid
1431 4873 1604 4944 contingere,
1622 4880 1655 4929 ut
1674 4872 1704 4928 ln
1723 4871 1789 4943 ipso
1803 4869 1868 4929 nibil

127 4967 176 5019 tur
193 4961 314 5019 diversa
324 4959 526 5016 scientiarum
542 4958 650 5015 dicitur
663 4957 697 5014 tie
711 4961 783 5028 lpso,
803 4958 874 5030 quia
892 4955 973 5015 scivit
1026 4957 1094 5013 novi
1107 4957 1264 5028 contingat,
1284 4960 1333 5015 sed
1351 4973 1460 5018 novum
1475 4961 1587 5032 aliquid
1610 4961 1684 5018 siout
1700 4960 1731 5017 in
1746 4960 1815 5032 elus
1828 4972 1867 5015 vo

126 5051 194 5110 olim
218 5049 431 5107 incarnandum
460 5061 531 5117 esse,
548 5047 587 5105 ita
612 5052 640 5104 et
667 5061 733 5104 cum
760 5046 878 5115 dicitur,
905 5045 974 5103 olim
1027 5044 1138 5103 luntata
1162 5045 1253 5103 lirum
1279 5056 1439 5117 permanet,
1463 5049 1522 5107 ilat.
1540 5050 1621 5108 Unde
1648 5050 1721 5108 beno
1739 5057 1783 5108 est
1804 5050 1866 5110 illul
1898 5054 1901 5097 Ξ

123 5139 219 5211 potuit
235 5139 393 5207 incarnari,
417 5147 445 5197 et
472 5136 555 5194 modo
583 5142 674 5208 potest
704 5136 873 5192 incarnatus
900 5149 972 5202 csse,
1027 5134 1270 5206 philosophicum:
1382 5160 1387 5165 ·

127 5224 302 5299 possibilitas
325 5228 497 5285 ostenditur.
521 5224 585 5283 Non
608 5225 686 5283 enim
707 5238 775 5282 cum
792 5225 901 5282 dicitnr
925 5236 975 5294 per
1064 5223 1399 5297 ...stobittsqcemoaeos
1411 5227 1461 5284 dut
1479 5235 1576 5287 coacto
1589 5235 1702 5292 moveri.

126 5316 338 5375 successionem
370 5316 518 5388 temporis,
551 5315 628 5372 bans
646 5313 827 5384 incarnatur,
843 5319 870 5372 et
898 5313 974 5370 Deus
1027 5311 1081 5381 Qui
1096 5313 1183 5371 etiam
1206 5328 1273 5372 cum
1289 5315 1327 5373 ab
1348 5318 1495 5388 operando
1512 5319 1660 5392 quiescere
1672 5322 1794 5395 dicitur,
1809 5338 1863 5384 con·

126 5402 297 5464 incarnatus
310 5412 363 5472 est,
379 5405 495 5464 diversa
513 5417 581 5477 qua
603 5402 701 5463 lecerit
720 5403 911 5474 ostendimus,
925 5401 974 5461 sed
1027 5399 1249 5463 summationem
1262 5405 1355 5477 operis
1377 5407 1450 5480 rp'us,
1465 5422 1605 5469 nonaum
1618 5410 1656 5470 ab
1674 5413 1776 5488 aliqno
1788 5415 1864 5475 actio

127 5504 181 5564 pro
192 5491 292 5550 eodem
305 5493 386 5566 qnod
400 5491 488 5552 semel
502 5491 610 5563 locent,
639 5493 695 5552 ista
720 5493 870 5552 dicuntur.
885 5490 932 5551 sio
945 5497 975 5551 et
1028 5491 1074 5551 uls
1089 5500 1172 5553 motu
1189 5506 1301 5555 ooesare
1329 5494 1539 5568 argumetum.
1564 5498 1624 5559 llos
1656 5509 1756 5563 auum
1789 5499 1866 5563 nodo
