3804 5962
732 196 849 254 sanilo
868 196 959 254 xxvi.

1580 32 1796 47 ἡ

1668 199 1721 254 542

79 325 177 384 unibus
192 326 260 384 fnlei
278 325 438 385 virtutibus
464 340 522 384 non
551 338 732 398 apparemus.
749 296 821 383 'Nee
834 325 859 380 li
874 324 929 382 bus
943 324 980 381 ad
995 323 1113 382 domum
1127 323 1201 395 ejus.
1227 323 1358 395 Cumque
1376 323 1524 382 audissent
1551 325 1622 396 qnia
1649 333 1724 384 esset

79 434 83 469 ι
106 416 232 472 victoria
245 416 391 473 metuendi
405 429 507 473 sumus
522 415 578 472 illis
597 429 686 487 quam
702 414 742 471 illi
766 429 821 471 no-

79 505 94 560 ιι
108 519 178 561 vero
192 504 321 561 Genitrix
339 505 470 562 omnium
497 503 645 560 munimen
673 503 821 575 [munimi-

79 595 234 650 .virtntum
251 594 401 662 adornata,
427 600 456 649 et
477 600 577 648 contra
593 592 716 662 impetus
746 606 822 663 qua-

79 696 162 753 nque
190 683 382 739 tentationum
399 681 445 737 vel
472 681 621 747 vitiorum,
637 681 823 752 singulariter

89 770 232 827 virtutum
247 771 392 838 roborata,
403 770 495 842 magis
510 769 565 826 illis
582 770 717 827 terribilis
732 784 822 841 quam

81 864 234 930 apparent.
734 861 736 865 ’

81 961 147 1003 mus
183 946 346 1003 ascendenti
373 946 496 1003 Domino
538 945 656 1017 angelos
691 945 821 1012 astitisse,

79 1034 198 1106 scipulos
215 1035 278 1105 ejus
299 1036 477 1091 consolantes
499 1034 660 1092 dixerunt:
680 1037 740 1091 Vin·
768 1037 822 1093 do-

79 1132 119 1180 tc.
143 1123 218 1194 (Aet.
243 1138 260 1191 ι,
280 1125 333 1194 ιι).
361 1124 509 1195 aquibus
524 1125 609 1180 etiam
637 1123 748 1181 crateris
764 1138 822 1194 praa

79 1212 164 1269 itione
178 1213 378 1283 quarentibus
395 1213 505 1284 angelis
522 1228 528 1266 :
547 1213 619 1279 Quid
640 1217 680 1267 est
706 1216 758 1268 isle
773 1229 823 1268 ree

877 413 1051 470 assumenda
1073 413 1109 470 de
1129 413 1248 479 mundo,
1262 412 1421 484 vigilabant
1436 427 1503 470 eum
1517 427 1552 470 ea
1575 414 1671 470 simul.
1689 415 1724 471 Et

876 517 940 560 eece
960 503 1099 560 Dominus
1123 504 1205 559 lesus
1233 501 1349 558 advenit
1373 516 1440 558 cnm
1470 502 1581 572 angelis
1609 502 1680 569 suis,
1696 510 1724 559 et

876 592 1020 663 accipiens
1045 591 1173 648 animam
1199 592 1271 663 ejus,
1300 590 1418 647 tradidit
1446 590 1578 648 bliebaeli
1602 592 1722 648 areban-

876 681 949 753 gelo,
978 688 1006 737 et
1031 680 1157 737 recessit.
1185 679 1316 737 Diluculo
1341 686 1439 736 autem
1463 679 1636 737 levaverunt
1656 694 1724 751 apo-

876 769 939 826 stoli
951 783 1019 826 eum
1031 767 1136 825 lectulo
1151 782 1254 838 eorpus
1269 770 1343 839 ejus,
1359 775 1578 839 posueruntque
1597 766 1668 825 illud
1693 769 1723 825 in

876 865 1073 926 monumento,
1097 866 1125 914 et
1143 856 1340 914 custodiebant
1360 857 1453 926 ipsum
1477 856 1633 914 adveutum
1664 856 1724 914 Do-

876 947 949 1002 mini
964 946 1169 1017 praestolantes.
1189 947 1221 1003 Et
1234 960 1299 1002 ecee
1319 946 1423 1002 iterum
1439 945 1528 1002 astitit
1552 945 1593 1003 eis
1622 945 1724 1007 Domi-

876 1050 943 1102 nus,
957 1043 985 1092 et
1003 1044 1169 1105 susceptum
1184 1049 1289 1106 corpus
1301 1043 1433 1092 sanetum
1462 1034 1491 1090 in
1522 1034 1600 1091 nubo
1620 1034 1725 1092 deferri

876 1124 961 1196 jussit
981 1125 1011 1181 in
1028 1124 1202 1194 paradisum,
1226 1123 1276 1180 ubi
1291 1138 1371 1180 nunc
1385 1130 1530 1192 resumpta
1545 1123 1723 1178 attimacum

876 1213 973 1270 electis
986 1213 1050 1284 ejus
1067 1214 1217 1270 exsultans
1231 1212 1384 1270 aeternitais
1399 1211 1481 1268 bonis
1500 1211 1581 1268 nullo
1605 1225 1724 1268 occasu-

79 1300 89 1356 ι
119 1302 206 1371 (Ριαι.
234 1315 317 1370 xxm,
354 1305 382 1370 ιι
409 1314 582 1371 responsum
609 1300 697 1358 fuisse
733 1301 823 1358 credi·

80 1391 214 1446 Dominus
242 1393 324 1458 (ortis
339 1395 364 1445 et
385 1396 491 1460 poiens,
519 1393 645 1444 Dominus
669 1394 764 1460 poiens
792 1393 823 1444 ia

82 1478 188 1550 (ibid).
218 1480 254 1535 El
280 1493 420 1536 rursum:
448 1482 578 1534 ιιοιηιιιιιι
601 1481 735 1534 uirtutum
764 1482 822 1550 ipse

80 1571 130 1622 ria
145 1567 243 1637 (ibid,
269 1568 323 1637 fo).
345 1567 541 1638 Utrorumquo
557 1582 623 1624 vero
649 1566 821 1638 angelorum
839 1589 859 1642 g
877 1567 1079 1626 celebrandum
1098 1577 1155 1626 tam
1171 1569 1231 1639 ipse
1246 1568 1384 1624 Dominus
1399 1582 1466 1624 cum
1482 1566 1591 1638 angelis
1619 1568 1653 1624 de
1672 1582 1724 1624 sn-

79 1655 200 1728 quadam
224 1655 393 1727 triumpboli
417 1670 521 1727 pompa
536 1657 676 1713 deductus
702 1655 738 1712 ad
766 1657 820 1713 Pa·
879 1658 975 1728 pernis
990 1659 1127 1725 oeenrrit,
1155 1672 1244 1730 quam
1259 1657 1379 1728 apostoli
1396 1657 1431 1712 de
1456 1655 1601 1713 universis
1628 1656 1725 1727 regio·

79 1745 217 1802 adextris
245 1747 308 1816 ejus
331 1746 493 1801 consedisse
523 1746 662 1801 noscitur.
688 1747 725 1803 Αι
751 1759 820 1803 ιιιο
876 1747 966 1804 nibus
980 1754 1048 1804 sunt
1063 1746 1240 1819 congregati,
1258 1753 1289 1803 ut
1303 1745 1457 1817 exsequias
1470 1747 1534 1817 ejus
1549 1745 1595 1802 ιιιι
1610 1758 1725 1815 praepa·

79 1841 176 1906 genter
202 1834 285 1889 illum
313 1841 382 1889 tunc
407 1848 560 1890 occursum
582 1833 762 1905 angelorum,
795 1841 822 1890 et
877 1843 976 1893 rarent
992 1850 1080 1907 quant
1097 1836 1138 1892 illi
1153 1836 1341 1906 susciperent.

79 1920 179 1977 ›balem
204 1935 338 1992 pompam
354 1923 465 1979 Christo
479 1922 650 1988 exhibitam,
676 1922 822 1979 hodiernae
861 1950 868 1960 ·
914 1925 1025 1982 Scimus
1051 1925 1192 1996 apostolos
1217 1925 1247 1981 in
1275 1933 1365 1980 morte
1394 1924 1509 1980 Domini
1535 1930 1614 1980 metu
1636 1921 1725 1980 fuisse

79 2011 136 2066 atis
157 2025 358 2082 comparemus
372 2012 560 2082 jucunditati,
582 2012 743 2068 videbimus
759 2012 823 2082 plus
877 2014 1030 2084 dispersos,
1047 2014 1120 2070 etin
1151 2013 1251 2084 fugam
1269 2026 1431 2071 conversos.
1448 2013 1533 2070 Nunc
1555 2018 1653 2069 autem
1681 2012 1724 2068 di-

79 2100 127 2155 lin
143 2101 338 2171 assumptione
363 2101 463 2156 matris
488 2100 515 2157 ei
543 2101 646 2157 deferri
673 2114 762 2171 quam
793 2102 823 2157 in
876 2102 945 2159 rina
960 2102 1170 2174 dispensatione
1192 2103 1357 2159 factumest
1377 2109 1409 2159 ut
1438 2104 1516 2174 quol
1545 2101 1575 2157 in
1601 2100 1658 2158 ιιιιο
1673 2100 1725 2156 mi·

79 2203 139 2246 rone
167 2189 232 2244 Filii
248 2190 302 2259 ipsi
317 2189 456 2256 exbiberi,
487 2192 515 2245 et
530 2190 619 2261 hujus
634 2203 745 2260 pompae
772 2188 823 2246 oe·
877 2206 933 2248 nus
947 2199 988 2249 est
1003 2196 1132 2260 auctum,
1148 2191 1179 2248 in
1207 2192 1346 2263 obsequio
1361 2191 1461 2248 matris
1475 2198 1724 2260 recompensetur;

79 2275 156 2333 tillo
183 2291 244 2334 non
259 2277 441 2334 mediocriter
456 2276 626 2350 digniorem.
644 2277 701 2335 Soli
717 2278 823 2349 quippe
876 2288 904 2338 et
925 2280 1003 2352 quod
1028 2280 1065 2337 ibi
1094 2281 1276 2352 deliquerant
1299 2280 1430 2351 dispersi,
1462 2279 1508 2335 bie
1536 2278 1726 2336 emendarent

97 2366 263 2422 ascendenti
279 2365 390 2423 Christo
405 2380 557 2423 occurrere
573 2374 748 2437 potuerunt3
763 2367 822 2437 ipso
877 2368 1053 2441 congregati.
1077 2369 1122 2425 Ex
1143 2383 1201 2440 quo
1213 2371 1300 2427 etiam
1315 2375 1434 2439 apparet
1462 2374 1572 2439 quanto
1598 2367 1726 2437 amplius

79 2456 244 2511 aritereum
259 2461 317 2511 tota
330 2469 455 2525 superna
469 2458 561 2524 curia,
578 2464 637 2512 tam
652 2456 822 2527 angolorum
877 2457 911 2513 de
928 2459 1035 2515 bonore
1063 2458 1162 2515 matris
1182 2459 1242 2528 ipse
1264 2457 1413 2525 Dominus,
1436 2470 1527 2527 quam
1550 2454 1585 2511 dc
1609 2454 1725 2525 proprio

84 2543 214 2601 fidelium
233 2544 397 2601 animarum
414 2545 478 2616 ejus
499 2546 627 2601 animam
646 2546 779 2615 suscepit,
792 2546 821 2601 iu
878 2547 965 2604 fuisse
979 2548 1112 2604 videatur
1125 2547 1273 2615 sollicitus,
1298 2546 1321 2603 si
1348 2546 1414 2617 quis
1429 2553 1487 2602 tam
1509 2545 1599 2601 vitam
1625 2544 1726 2600 matris

79 2646 115 2689 ise
130 2639 187 2689 tam
202 2634 330 2688 animam
346 2647 434 2703 qnam
448 2647 565 2690 carnem
587 2641 672 2690 autea
690 2647 821 2704 suscepe·
878 2650 966 2707 quam
995 2636 1106 2693 exitum
1133 2643 1240 2707 penset.
1268 2638 1330 2705 lpse
1351 2634 1477 2706 quippe,
1503 2646 1560 2688 uon
1576 2631 1672 2688 solum
1693 2631 1723 2687 in

79 2735 101 2777 te
125 2721 255 2777 animam
279 2722 383 2788 solnm,
413 2722 624 2779 verumetiam
651 2735 757 2793 corpus
785 2722 821 2778 ad
878 2725 1018 2797 passione,
1034 2738 1136 2781 verum
1152 2725 1238 2782 etiam
1254 2733 1337 2780 antea
1354 2730 1433 2779 tanta
1454 2719 1592 2777 sustinuit
1607 2719 1722 2790 probra,

79 2811 157 2868 nodio
188 2811 339 2868 sustulisse
358 2812 495 2879 creditur,
524 2819 557 2868 ut
581 2812 684 2867 animae
717 2810 823 2881 pariter
879 2814 1118 2872 utbomovorax
1144 2820 1171 2870 et
1194 2819 1307 2883 potator
1328 2811 1398 2878 vini,
1414 2816 1442 2866 et
1468 2808 1642 2865 daemonium
1668 2808 1723 2864 ba-

79 2900 125 2957 nis
152 2901 356 2972 glorificatione
381 2914 444 2956 eam
472 2907 681 2968 remuneraret,
693 2899 722 2956 in
752 2913 821 2970 qua,
878 2903 1113 2970 bensdieeretur,
1129 2902 1211 2959 nulla
1234 2915 1352 2973 prorsus
1372 2898 1498 2956 infamiae
1524 2897 1638 2954 macula
1659 2911 1724 2952 ma-

79 3000 133 3043 11111
160 2996 212 3056 0⁸¹,
236 2988 322 3044 Simul
351 2988 527 3044 1111131181
554 3001 671 3045 carnem
697 2989 824 3044 decrevit
877 2992 930 3050 tris
948 2991 1147 3049 excellentiam
1178 2990 1304 3062 respergi
1321 2988 1445 3060 pertulit.
1464 2986 1543 3043 llnde
1569 2989 1597 3042 et
1613 2985 1648 3043 de
1663 2986 1724 3056 ipsa

79 3089 132 3133 ere.
158 3076 212 3133 Cui
234 3077 352 3147 quidem
367 3076 408 3133 rei
431 3076 589 3147 plurimum
609 3084 761 3134 attestatur
780 3091 823 3134 ιι-
878 3083 1045 3138 nesciturus
1063 3094 1199 3151 sponsum
1226 3080 1252 3137 ei
1273 3078 1409 3151 providit,
1425 3089 1575 3149 perquem
1596 3089 1655 3132 non
1676 3089 1724 3132 so-

81 3179 111 3221 m
136 3179 263 3222 vaenum
280 3167 395 3237 penitus
408 3173 563 3237 repertum,
584 3167 658 3222 sicut
685 3174 713 3224 et
740 3174 825 3222 antea
878 3171 939 3228 lum
958 3171 1021 3241 ejus
1048 3168 1244 3241 corporalibus
1262 3165 1522 3225 necessitudinibus
1551 3163 1724 3235 provideret,

97 3253 294 3321 Dominicum
325 3262 358 3311 ut
385 3255 446 3326 ipsa
468 3269 586 3326 qnoque
607 3256 825 3312 resurrectionis
876 3274 979 3317 rerum
1007 3259 1092 3316 etiam
1119 3266 1177 3315 tam
1193 3258 1335 3315 maledicti
1355 3269 1443 3328 quam
1466 3254 1591 3311 infamiae
1615 3254 1725 3310 crimen

79 3350 140 3400 net
160 3343 304 3415 geminam
319 3345 421 3401 stolam
442 3345 545 3415 adepta
575 3344 720 3412 credatur,
749 3344 825 3400 sicut
879 3348 915 3405 ab
936 3362 970 3404 ea
996 3348 1186 3418 propulsaret.
1217 3347 1325 3404 Triduo
1356 3344 1536 3402 Dominicum
1561 3356 1665 3412 eorpus
1695 3342 1726 3397 in

79 3438 126 3489 ste
151 3431 253 3489 festiva
279 3432 369 3504 hujus
394 3433 451 3489 diei
479 3434 570 3489 oratio
606 3433 741 3502 continet,
778 3433 824 3488 bis
878 3437 1009 3507 sepulcro
1034 3436 1138 3507 jacuit,
1169 3442 1197 3491 et
1221 3450 1238 3492 a
1264 3436 1311 3492 die
1350 3431 1567 3492 resurrectionis
1594 3428 1724 3501 quadra-

84 3534 92 3576 :
122 3523 224 3591 inquo
247 3527 343 3577 scaete
369 3524 418 3576 Dei
447 3522 573 3578 deuterio
601 3527 713 3577 mortem
741 3522 824 3577 subiit
877 3527 959 3598 ginta
971 3526 1073 3584 diebus
1091 3525 1287 3582 ascensionem
1304 3538 1387 3581 suam
1403 3522 1524 3579 distulit.
1540 3519 1632 3587 Quam
1661 3517 1725 3589 qni·

79 3611 160 3676 aem,
187 3626 234 3665 aec
262 3615 352 3665 tamen
376 3612 471 3665 mertis
499 3610 616 3665 necibus
644 3611 763 3679 deprimi
772 3626 823 3680 po·
876 3615 940 3671 dem
957 3614 1122 3672 dilationem
1141 3627 1338 3686 nequaquam,
1362 3619 1395 3669 ut
1411 3612 1586 3675 dictumest,
1614 3607 1643 3664 in
1660 3619 1725 3663 ma-

79 3706 115 3756 te.
146 3698 218 3755 cnm
243 3701 320 3756 enim
343 3699 524 3769 praemissum
548 3699 594 3765 sit,
620 3704 731 3754 storiam
757 3703 823 3753 tem·
877 3708 920 3759 tre
935 3703 1062 3773 pertulit.
1095 3703 1224 3773 Denique
1237 3708 1265 3758 et
1293 3713 1409 3757 sacrum
1421 3711 1527 3769 eorpus
1546 3696 1621 3754 clam
1643 3695 1725 3765 prins

79 3803 107 3854 rt,
132 3795 261 3858 potenter
277 3788 438 3844 ostenditur
461 3788 489 3844 id
505 3787 583 3859 quod
603 3786 767 3858 subiectum
781 3795 823 3844 est
876 3791 907 3847 in
922 3791 1088 3862 paradisum
1105 3790 1231 3847 sustudit
1252 3802 1340 3860 quam
1357 3785 1548 3853 resuscitavit,
1565 3799 1624 3855 quo
1640 3784 1724 3840 mira·

79 3876 150 3934 culis
163 3875 272 3944 mortis,
289 3876 326 3933 ad
354 3883 475 3933 mortem
491 3876 569 3933 illam
591 3877 687 3932 earnis
701 3875 824 3932 referen·
876 3880 959 3937 bilior
979 3879 1123 3937 exanimis
1137 3876 1264 3948 corporis
1286 3876 1444 3945 assumptio
1461 3873 1539 3929 fleret
1564 3886 1598 3929 ac
1620 3886 1721 3928 resur-

79 3979 129 4035 318,
157 3979 215 4021 11011
240 3965 275 4021 ad
296 3973 414 4022 11101ῐθ111
439 3965 554 4031 animae,
584 3966 669 4035 cuins
698 3964 823 4022 vinculis
877 3969 973 4037 rectio,
1006 3968 1173 4025 nullatenus
1200 3965 1259 4037 jam
1285 3965 1379 4035 ipsum
1406 3961 1578 4018 suscitatum
1610 3966 1723 4016 terreno

79 4055 181 4112 etineri
209 4068 362 4112 commune
388 4063 431 4112 est
458 4055 595 4112 omuibus
618 4053 822 4121 etenimquod
876 4066 1011 4116 contactu
1035 4057 1170 4131 judicans
1195 4056 1327 4127 dignum.
1346 4054 1480 4110 creatum
1498 4056 1583 4107 extra
1608 4048 1723 4119 paradi-

82 4151 124 4201 ῑθῐ
139 4144 240 4200 heims
262 4159 380 4215 quoque
395 4144 550 4215 Gle80l¹11³
574 4143 749 4200 Τ111011θ11513
778 4149 820 4199 at·
836 4155 858 4210 D
875 4164 940 4208 sum
955 4146 1077 4221 legimus
1102 4147 1204 4215 adam,
1225 4146 1255 4202 in
1275 4143 1408 4216 paradiso
1433 4141 1539 4210 liram3
1568 4135 1722 4195 resuscita·

877 1302 917 1358 ris
932 1301 987 1358 fine
1002 1302 1170 1372 perfruitur.
1193 1301 1235 1357 Ex
1250 1315 1310 1372 qua
1325 1301 1442 1372 quidem
1458 1301 1529 1357 tanti
1543 1301 1599 1357 viri
1627 1314 1724 1357 asser-

877 1390 965 1457 tione,
982 1405 1069 1463 quam
1087 1391 1229 1461 gloriosus
1256 1393 1307 1446 iste
1331 1404 1453 1446 summae
1476 1389 1598 1463 virginis
1618 1389 1722 1462 transi·

877 1485 924 1537 tus
939 1480 975 1537 sit
989 1479 1087 1550 liquet.
1109 1480 1152 1537 Ad
1168 1494 1255 1550 quem
1277 1479 1408 1536 videlicet
1428 1478 1653 1535 consecrandum
1673 1491 1725 1535 seu

79 4246 94 4290 s
120 4247 188 4289 cnm
217 4233 251 4289 de
279 4234 402 4290 transitu
436 4234 500 4305 eius
528 4233 676 4299 scriberet,
700 4239 823 4289 maturae

79 4334 91 4378 o
116 4322 337 4380 resurrectionis
363 4322 425 4392 eius
455 4322 576 4395 gloriam
607 4336 733 4379 asserere
765 4337 823 4380 non

79 4411 127 4468 rit.
144 4412 224 4469 Unde
240 4411 444 4468 iliraculornm
459 4411 509 4468 lib.
530 4427 550 4478 1,
574 4425 638 4482 cap.
655 4412 682 4478 ι,
712 4411 751 4468 ιιι
764 4426 823 4468 me-

79 4500 159 4572 (39)ss
190 4500 284 4557 «Post
298 4499 455 4557 Dominieaa
486 4500 662 4557 ascensionis
689 4499 820 4571 gloriam,

79 4588 91 4644 i
116 4588 229 4645 Domini
256 4603 324 4645 enm
352 4588 434 4645 beata
468 4589 559 4645 blarria
587 4595 679 4644 matre
703 4589 765 4658 sius
793 4590 822 4645 in

102 4679 269 4750 congregati
299 4677 429 4743 domum,
470 4678 568 4734 omnia
605 4677 750 4747 ponebant
791 4677 821 4733 in

103 4780 157 4823 neo
184 4767 342 4838 quisquam
366 4779 453 4822 suum
476 4765 588 4837 aliquid
613 4780 674 4823 esso
698 4766 820 4832 dicebat,

79 4854 255 4926 unoquisque
287 4858 392 4911 cuncta
414 4854 576 4924 possidebat
603 4853 634 4909 in
669 4853 819 4921 charitate,

79 4955 153 5000 sacer
178 4941 323 5012 apostolia
350 4943 470 4999 actionis
497 4951 598 5000 narrat
623 4942 724 5013 stylus.
756 4943 821 4998 Post

79 5031 168 5103 sparsi
183 5035 251 5088 snut
278 5045 330 5101 per
354 5032 483 5103 regiones
505 5033 634 5089 diversas
649 5032 685 5087 ad
713 5031 820 5102 praedi-

79 5120 236 5178 nverbum
266 5120 326 5177 Dei.
343 5121 473 5191 Denique
488 5120 602 5192 impleto
618 5121 701 5178 beata
728 5120 820 5177 llaria

87 5209 156 5266 ritae
183 5222 283 5277 eursu,
309 5222 375 5264 cnm
399 5209 460 5279 iam
482 5216 635 5266 vocaretur
659 5224 676 5265 a
703 5209 818 5279 saeculo,

79 5297 138 5372 gati
153 5311 253 5356 omues
268 5304 336 5355 suut
354 5297 474 5369 apostoli
489 5298 524 5356 de
545 5298 667 5370 singulis
691 5299 819 5372 regioni-

79 5477 187 5538 Patrol.
201 5484 270 5536 tom.
286 5475 388 5546 lxxi,
402 5476 456 5534 eol.
470 5477 532 5534 toa.

878 4247 940 4297 tum
964 4238 993 4294 in
1021 4235 1104 4293 terris
1129 4236 1294 4299 Dominum,
1320 4232 1348 4289 in
1373 4229 1534 4288 eoelestibus
1559 4242 1627 4286 vero
1656 4239 1723 4283 cor-

878 4341 932 4398 pus
962 4333 1135 4384 maternum.
1166 4323 1348 4395 Perpendant
1371 4320 1484 4378 feminae
1512 4325 1624 4390 quanta
1651 4313 1722 4372 infe·

877 4415 981 4472 riorem
996 4427 1095 4470 earnm
1111 4426 1214 4470 sexum
1233 4410 1326 4484 gloria
1349 4410 1489 4466 Dominus
1508 4404 1720 4472 sublimaverit,

876 4511 1006 4575 etquam
1030 4503 1071 4559 eis
1098 4517 1160 4559 esso
1188 4500 1331 4557 naturalis
1356 4499 1491 4555 videatur
1517 4504 1575 4552 tam
1599 4494 1723 4551 eoelestis

876 4606 966 4664 quam
979 4590 1120 4648 terrestris
1135 4589 1297 4661 paradisus.
1314 4589 1348 4644 ln
1366 4587 1420 4643 boc
1449 4585 1556 4657 quippe
1581 4580 1722 4640 femineus

876 4695 964 4738 sexus
986 4688 1046 4737 tam
1071 4693 1189 4750 corpore
1213 4691 1302 4748 quam
1330 4677 1428 4733 anima
1443 4675 1569 4746 primum
1597 4677 1721 4735 creatus,

876 4770 906 4827 in
923 4769 1010 4826 istum
1039 4769 1122 4825 bodie
1135 4768 1233 4824 anima
1246 4765 1353 4838 pariter
1366 4778 1433 4821 cum
1447 4773 1566 4832 corporo
1580 4759 1720 4816 sublima-

876 4864 933 4915 tur.
946 4858 985 4913 De
998 4856 1088 4914 veteri
1113 4856 1203 4913 adam
1219 4861 1315 4912 ereata
1344 4859 1386 4908 est
1401 4851 1477 4920 liva3
1504 4861 1598 4905 novus
1625 4854 1721 4902 autem

874 4945 967 5002 Adam
982 4951 1010 5001 ct
1024 4945 1127 5001 veteris
1142 4943 1313 5013 Redemptor
1333 4946 1489 5012 generatur
1504 4950 1542 4993 ex
1554 4934 1653 4992 Maria.
1666 4934 1721 4990 llla

874 5033 909 5090 de
920 5031 1053 5103 paradiso
1068 5031 1150 5088 illum
1165 5045 1252 5088 suum
1279 5036 1338 5087 tam
1353 5028 1449 5085 virum
1468 5038 1558 5098 quam
1573 5031 1721 5095 parentem

874 5120 996 5192 expulit,
1021 5119 1098 5176 bane
1117 5119 1285 5177 bodiesuus
1301 5126 1358 5175 tam
1374 5129 1499 5187 sponsus
1524 5127 1613 5185 quam
1643 5113 1721 5170 filius

874 5210 910 5267 ad
933 5208 1088 5265 feliciorem
1113 5207 1280 5278 paradisum
1301 5205 1468 5278 assumpsit.
1495 5198 1562 5272 Qut·
1577 5199 1721 5274 quemad·

873 5298 992 5356 modum
1016 5295 1102 5355 coelos
1132 5295 1299 5354 ascendens.
1334 5309 1352 5353 a
1392 5293 1503 5352 dextris
1536 5291 1586 5350 Dei
1614 5290 1722 5350 sedisse
