3804 5962
66 188 132 242 tiit
151 260 161 273 .
250 218 257 227 .
465 181 607 240 niniod.
626 182 732 243 tremit
750 183 970 255 PHILOSOPH„
988 183 1137 244 JUDAEUH
1156 183 1199 240 ΕΤ
1216 181 1414 241 centsmart.
1745 181 1812 239 ibn

64 309 148 379 pletis
164 307 254 378 legem
270 314 298 363 et
316 319 367 376 per
381 306 437 363 boc
457 306 641 364 maledictum
664 308 737 381 legis
758 309 910 367 incurritis
923 309 949 364 Α
964 314 1000 377 te,
1020 313 1046 366 si
1071 314 1179 367 tontum
1202 311 1342 381 precepta
1358 307 1417 377 eins
1439 306 1573 362 audieris.
1596 306 1759 363 Benedictus
1780 310 1813 362 tu

10 398 15 440 t
64 397 234 464 damnandi,
251 402 302 452 aut
327 396 378 468 qui
400 396 461 453 baec
489 396 676 468 implentibus
703 401 731 468 (7
747 398 794 470 V.)
819 399 910 470 tegent
964 405 995 456 in
1011 402 1120 456 ciuitate
1138 404 1164 454 et
1179 399 1335 455 benedictus
1361 402 1392 452 in
1416 411 1493 466 apro.
1516 394 1676 452 Benedictus
1705 396 1813 464 Ductus

10 490 13 495 ’
63 487 207 558 promisit,
222 501 311 542 verax
326 486 355 541 in
370 488 431 542 suis
449 500 506 543 uon
528 487 625 543 existit
642 488 798 557 promissis.
816 489 911 554 Quod·
964 493 1069 546 uentris
1085 489 1128 544 tui
1142 494 1168 544 et
1181 491 1289 556 mucius
1314 492 1393 543 terra
1413 493 1475 551 tua,
1492 488 1654 556 frutusque
1672 484 1813 554 iumento-

10 592 13 599 ·
63 575 554 647 cunqueaniembornmeiigatis,
579 576 651 632 nihii
677 579 711 633 de
739 577 799 649 iege
828 578 911 635 video
964 597 1026 635 rum
1057 585 1175 641 tucrum,
1204 593 1298 647 greges
1319 580 1503 632 enceniorum
1530 580 1648 639 tuorum,
1673 580 1700 630 et
1727 574 1813 631 caute

10 671 12 706 ⁷
62 665 363 722 vobiseontidemum
381 679 452 732 esse,
474 680 575 735 parum
592 668 676 722 etiam
693 667 728 722 ad
757 667 909 724 beatitudi·
964 672 1055 726 ouium
1089 675 1206 724 tucrum.
1240 667 1390 723 Benedicta
1419 667 1519 721 iiorreo
1540 670 1589 719 iuc
1617 668 1643 717 et
1665 663 1812 720 benedicta

62 769 129 811 nem
145 763 281 810 meretur.
297 752 371 821 Quid
387 768 456 825 rogo
478 754 598 822 exstiit,
613 756 689 826 qnod
707 758 823 813 eumad
841 756 911 828 legis
965 760 1098 830 reliquiae.
1123 759 1285 815 Benedictus
1304 760 1358 812 eris
1377 756 1534 825 ingrediens
1554 758 1580 808 et
1596 752 1744 820 eurediens.
1766 754 1815 808 Bc·

61 843 276 901 observantiam
296 856 333 899 ex
357 844 421 914 ejus
445 847 677 900 remuneratione
697 859 748 901 nos
774 846 848 901 Dens
867 846 909 902 in·
964 850 1188 905 nediceicunetis
1212 847 1338 916 operibus
1357 860 1487 900 munuum
1507 848 1618 897 tuorum
1645 845 1671 896 et
1695 842 1814 909 iunuc-

61 935 177 999 vitaret,
194 931 273 1003 qnod
300 931 457 988 minimum
485 940 527 988 est
549 933 688 1002 promisit,
713 942 740 990 et
765 935 841 1004 quod
868 943 911 991 est
965 938 1005 993 bis
1019 938 1144 1006 penitius
1166 938 1259 991 muttit
1284 938 1310 990 et
1337 938 1397 1003 ipse
1425 949 1443 987 c
1471 934 1546 988 nutio
1564 933 1652 999 fnum
1685 931 1811 998 mcipies.

62 1022 225 1080 maximum
248 1022 362 1092 penitus
379 1020 515 1076 reticuit?
547 1023 608 1078 Non
641 1022 760 1079 discrete
786 1022 910 1093 proiecto
965 1026 1055 1097 (Dent.
1072 1041 1178 1090 xxviii.
1193 1023 1286 1095 n-ii).
1303 1024 1375 1079 Eece
1393 1021 1424 1079 in
1439 1020 1672 1078 remuneratione
1688 1018 1814 1089 impien·

63 1110 221 1182 peroravit,
235 1111 259 1166 si
273 1110 478 1179 utrumquead
492 1110 564 1181 legis
578 1110 769 1167 obedientiam
780 1111 912 1168 suiitcere
964 1116 1007 1171 dae
1027 1116 1098 1187 tegis
1111 1114 1185 1171 sicut
1206 1112 1374 1169 bominibus
1389 1112 1428 1168 ita
1441 1120 1469 1168 et
1483 1109 1592 1166 tructui
1614 1109 1814 1179 iumentorum

61 1200 153 1264 novit.
168 1214 234 1256 cnm
255 1200 284 1254 id
311 1198 454 1262 videlicet,
485 1199 562 1269 quod
590 1199 725 1256 suasione
752 1200 910 1270 plurimam
964 1210 1094 1269 tuorum,
1109 1202 1191 1274 gregi
1206 1208 1403 1257 armentorum
1423 1206 1552 1264 tuorum,
1565 1203 1594 1252 et
1608 1196 1699 1252 cautis
1712 1196 1812 1253 orium

59 1289 185 1354 vaiebat,
210 1289 328 1345 omnino
348 1288 494 1358 praeteriit.
512 1287 590 1344 ninii
606 1290 725 1359 quippe,
748 1297 779 1346 ut
800 1290 910 1347 dictum
964 1293 1123 1349 benedictio
1151 1289 1339 1362 promittitur,
1358 1295 1386 1344 et
1401 1287 1482 1344 nulia
1509 1284 1666 1356 spiritualis
1695 1284 1813 1342 benedi·

61 1390 114 1444 cst,
130 1378 164 1434 de
180 1391 248 1434 vera
265 1377 473 1433 iiiaetaeterna
494 1377 672 1434 beatitudine
694 1378 798 1434 ibidem
814 1378 842 1433 in
865 1392 908 1435 re·
964 1381 1069 1438 ctionis
1094 1381 1200 1438 animas
1215 1379 1247 1434 tit
1274 1378 1381 1434 mentio
1409 1376 1437 1448 (8
1468 1375 1529 1443 Vi,
1554 1388 1608 1431 nec
1635 1373 1810 1444 quidquam,

60 1467 263 1525 muneratione
275 1476 544 1534 corirmcmoratum,
561 1468 609 1523 sed
624 1467 655 1522 in
672 1475 784 1523 tantum
797 1475 910 1524 terrena
964 1469 1041 1540 qnod
1066 1469 1103 1525 ad
1125 1469 1247 1525 salutent
1265 1465 1427 1524 animaret
1459 1465 1674 1522 damnationem
1698 1462 1810 1532 attinet,
1836 1486 1838 1491 ·

61 1559 236 1627 prosperitas
252 1557 410 1621 intimatur,
434 1564 466 1612 ut
481 1555 535 1612 boc
549 1562 663 1612 tanturn
686 1556 716 1612 in
739 1570 827 1613 causa
843 1557 908 1613 obe·
926 1595 948 1652 Β
965 1558 1168 1617 obedientibus
1183 1557 1227 1614 vei
1244 1554 1526 1627 transgredientibus
1547 1551 1738 1624 promittitur,
1762 1551 1813 1608 sed

61 1645 178 1702 dientiae
193 1644 432 1718 cons[t]ituatur;
448 1653 476 1700 et
499 1645 604 1702 iterum
627 1646 859 1712 commendatur,
878 1653 910 1703 ut
965 1648 1027 1706 soia
1042 1648 1192 1705 commoda
1207 1647 1251 1703 vei
1269 1644 1452 1703 incommoda
1471 1650 1585 1700 terrena
1601 1647 1812 1710 memorantur,

62 1749 114 1806 per·
129 1734 219 1805 huius
246 1734 461 1803 responsionem
484 1734 562 1789 omni
584 1741 762 1805 posterorum
786 1733 911 1806 inquisi·
965 1738 1018 1802 bis.
1035 1751 1101 1809 quas
1117 1737 1333 1802 maximasunt‚
1349 1733 1467 1790 omnino
1478 1729 1689 1804 pretermissis.
1708 1728 1812 1796 Quaero

63 1823 135 1880 tioni
149 1821 279 1879 satisiieri
306 1829 466 1878 censeatur.
494 1820 539 1878 Sic
554 1822 662 1893 qnippe
691 1823 830 1892 scriptum
854 1831 906 1891 est,
964 1828 1063 1894 etiam,
1078 1827 1194 1883 sinune
1213 1839 1332 1897 quoquc
1347 1830 1408 1894 post
1428 1822 1520 1896 tegern
1542 1819 1627 1878 nobis
1640 1820 1750 1888 datam,
1769 1817 1812 1875 si·

62 1912 125 1982 ipso
137 1911 300 1983 iegisiatote
314 1911 409 1981 Moyse
424 1910 564 1981 poputum
587 1912 749 1971 instruente
770 1912 911 1971 aduersus
964 1924 1013 1974 cut
1028 1924 1055 1973 et
1081 1924 1177 1984 antea,
1206 1915 1252 1972 tex
1282 1913 1424 1971 natnraiis
1450 1912 1486 1969 ad
1512 1913 1634 1968 satutem
1663 1907 1813 1980 aiiqnibns

63 2000 224 2072 quamlibet
235 1999 305 2065 letis
315 1999 806 2070 impugnationem,aequuum:
822 2003 909 2073 nudi,
963 2006 1096 2063 sufficere
1125 2006 1222 2076 possit,
1243 2005 1353 2074 absque
1381 2001 1516 2060 videlicet
1540 1999 1734 2057 exterioribus
1756 1997 1813 2056 iilis

62 2092 158 2156 isruet,
179 2090 287 2145 cristodi
304 2095 443 2158 micetio
464 2091 570 2144 Domini
595 2091 642 2144 Dei
657 2093 706 2155 tui,
730 2107 762 2146 oo
780 2093 908 2147 testimo·
963 2104 991 2154 et
1011 2096 1135 2167 propriis
1158 2095 1228 2166 tegis
1243 2094 1387 2166 operibus.
1406 2092 1487 2162 Quod
1508 2090 1577 2162 quia
1593 2089 1675 2147 nnita
1702 2088 1814 2147 ratione
1835 2081 1839 2085 ’

59 2183 109 2235 nic
130 2185 155 2234 et
178 2180 360 2240 ceremonias·
378 2194 437 2245 iiie
461 2180 669 2248 praeeminet
691 2181 738 2244 icc
757 2180 908 2249 ‘1¹1⁰ch-
963 2200 1070 2257 negarc
1097 2186 1226 2256 potestis.
1243 2199 1311 2242 cnrn
1339 2184 1430 2255 legem
1461 2182 1537 2239 banc
1562 2187 1672 2237 constet
1697 2187 1814 2237 tautum

60 2270 144 2323 citum
159 2271 200 2322 est
213 2272 238 2321 et
254 2266 353 2321 bonum
375 2268 407 2321 in
430 2272 574 2335 conspectu
598 2268 713 2334 Domini,
738 2272 769 2323 ut
794 2268 858 2323 bene
872 2271 909 2325 sit
962 2274 1046 2333 vuius
1059 2288 1120 2331 essu
1136 2274 1245 2337 datam,
1266 2287 1325 2330 uuu
1349 2271 1413 2329 giiii
1432 2270 1558 2342 popufis,
1580 2283 1634 2325 neu
1658 2267 1811 2326 uimumui.

60 2359 121 2423 tibi,
138 2363 163 2412 et
186 2358 326 2426 Deretini
346 2357 485 2425 iiiiiide‘is
511 2361 613 2411 ‘eiiam
635 2358 777 2426 ‘'viimam·
798 2358 832 2413 di
854 2374 910 2425 ‘iiio
963 2365 1058 2423 aiones
1091 2364 1147 2420 nisi
1175 2363 1301 2420 Abrabae
1326 2369 1353 2418 et
1373 2361 1474 2418 semini
1491 2360 1627 2431 einsesse
1655 2357 1811 2430 iniunctus.

52 2449 165 2519 iurauit
180 2445 308 2517 putribus
331 2448 396 2511 tuis,
414 2452 445 2500 ut
466 2445 567 2500 delent
586 2461 676 2501 omnes
700 2448 824 2502 inimicos
849 2453 907 2503 tuos
963 2453 1005 2510 Ad
1026 2453 1243 2523 uniusquidem
1271 2465 1367 2507 semen
1388 2450 1440 2506 soii
1456 2448 1600 2518 pertinent
1622 2447 1675 2511 itii,
1695 2447 1749 2518 qni
1775 2446 1811 2503 de

59 2553 152 2593 corum
170 2540 196 2591 te
209 2539 280 2590 sicut
295 2536 398 2591 locutus
418 2541 465 2589 est.
484 2535 551 2591 cum
573 2537 782 2604 interrogaverit
797 2536 908 2605 icilius
960 2543 1042 2599 isaac
1056 2550 1227 2607 nascuntur,
1244 2541 1364 2598 Domino
1378 2539 1413 2594 ad
1427 2539 1522 2609 ipsum
1535 2538 1648 2595 dicente
1663 2552 1672 2593 ε
1688 2536 1758 2604 Quia
1779 2537 1811 2591 in

60 2632 123 2681 tuus
143 2640 205 2680 cros
223 2625 326 2686 dicens.
347 2624 415 2695 quid
437 2624 492 2679 sibi
515 2625 610 2680 colunt
632 2626 861 2681 testimoniatus
882 2631 909 2681 et
962 2634 1043 2687 Isaac
1057 2632 1198 2688 uocabitur
1206 2631 1260 2686 tibi
1273 2645 1362 2684 semen
1384 2628 1461 2700 (Gen.
1487 2640 1548 2692 xxi,
1566 2628 1622 2695 iii.
1652 2624 1708 2693 Qni
1722 2624 1809 2683 ctiam

59 2716 220 2771 carimoniae
257 2717 340 2782 utque
380 2713 495 2782 iudicia,
532 2729 591 2783 quc
618 2716 747 2783 praecepit
778 2717 907 2770 Dominus
962 2731 1060 2792 postea
1092 2735 1181 2792 quam
1221 2717 1451 2776 circumcisionis
1483 2723 1600 2787 pactum
1641 2713 1812 2770 instituisset

58 2808 132 2861 neus
147 2809 237 2859 noster
257 2803 345 2866 notu,
360 2802 432 2858 dices
452 2804 478 2858 ei
490 2821 500 2858 :
519 2804 600 2859 seui
624 2818 732 2859 comes
753 2804 905 2859 Pharaonis
960 2809 1083 2867 interius
1101 2810 1225 2879 aijeett:
1242 2809 1353 2864 Putem
1368 2822 1430 2862 vero
1446 2820 1535 2861 meum
1548 2801 1716 2858 statuamus
1731 2803 1810 2858 icccc

57 2896 88 2949 in
102 2896 229 2963 dirupto,
244 2897 270 2947 et
284 2891 381 2946 educit
393 2906 441 2946 nos
456 2894 584 2946 Dominus
599 2893 633 2946 de
646 2895 764 2963 AEpypto
777 2895 807 2947 in
821 2909 905 2948 manu
921 2867 945 2926 ⁰
960 2901 1038 2972 (Gen.
1047 2913 1119 2964 xvir,
1130 2900 1187 2966 ιι).
1199 2897 1251 2954 iob
1264 2910 1383 2967 quoqne
1392 2894 1538 2966 gentiiem.
1549 2905 1636 2962 quem
1645 2897 1707 2960 post
1719 2890 1809 2947 Abra·

58 2985 137 3051 torti.
153 2985 273 3051 fecitque
291 2984 381 3050 sicne,
393 2982 524 3052 predicti
538 2987 620 3047 elide
634 2997 734 3049 moeno
748 2986 774 3036 et
788 2985 906 3052 pessimo
961 2990 1026 3046 ham
1043 2990 1105 3045 sine
1132 2988 1194 3057 iege
1208 2986 1351 3043 exstitisse
1376 2998 1435 3041 non
1462 2982 1613 3048 dubitatis,
1639 2979 1669 3037 in
1693 2985 1810 3063 tantum

58 3075 88 3128 in
101 3075 220 3141 AEpypto
234 3075 332 3125 eontra
351 3071 518 3124 Pharaonem
536 3075 562 3124 ei
581 3086 684 3125 omnem
704 3070 812 3125 menum
830 3073 906 3128 ittius
960 3079 1100 3134 Dominus
1118 3074 1342 3141 commendavit,
1369 3085 1403 3130 ut
1430 3072 1558 3128 diceret:
1584 3068 1662 3135 Quod
1686 3084 1742 3124 non
1766 3066 1807 3124 sii

57 3163 88 3215 in
105 3165 250 3230 conspectu
269 3163 373 3218 nostro,
389 3162 414 3213 et
430 3158 527 3213 educit
550 3174 597 3213 rios
618 3159 693 3226 inde,
724 3163 754 3214 ut
780 3160 904 3215 introdu·
959 3168 1098 3222 eisimiiis
1114 3169 1145 3221 in
1169 3169 1252 3234 tecua,
1269 3164 1346 3218 bomo
1369 3162 1487 3231 simpiec
1506 3165 1533 3216 et
1555 3165 1644 3216 rectus
1659 3174 1692 3215 cc
1711 3160 1809 3215 timens

57 3253 108 3306 ciis
126 3250 204 3304 duret
220 3253 333 3313 terrum,
361 3263 514 3317 superque
528 3250 635 3315 junruit
647 3248 777 3317 putribus
792 3251 904 3305 nostris.
959 3261 1044 3314 neum
1062 3261 1088 3312 et
1100 3255 1226 3311 recedens
1243 3271 1260 3309 a
1277 3252 1350 3308 muto
1374 3253 1441 3322 (Job
1455 3267 1478 3322 r,
1501 3251 1541 3321 B).
1562 3248 1617 3317 Qui
1642 3260 1693 3319 pet·
1710 3255 1810 3306 mmet

57 3341 243 3409 Praecepitque
256 3338 333 3392 nobis
357 3339 502 3403 Dominus,
517 3342 549 3390 ut
570 3339 705 3405 suciamus
728 3341 819 3393 omnic
838 3340 905 3407 tepi-
960 3346 1056 3417 ipsum
1070 3358 1153 3401 sunm
1183 3343 1266 3400 nobis
1288 3355 1437 3411 exponens
1453 3339 1608 3409 iustitiam,
1628 3351 1718 3407 quam
1743 3336 1807 3394 imi.

58 3432 127 3484 timo
148 3429 202 3483 bec
225 3432 250 3480 et
279 3431 421 3481 timeamus
448 3427 591 3481 Dominum
622 3429 708 3480 Deum
733 3433 856 3481 nostrum
880 3431 907 3482 et
959 3443 1065 3501 tumui,
1096 3432 1167 3489 uibii
1192 3433 1227 3489 de
1251 3431 1307 3487 ittis
1334 3431 1407 3497 tegis
1430 3429 1567 3500 operibus
1591 3432 1808 3492 commemorat,

58 3519 119 3591 (toi.
136 3516 211 3588 stt.)
227 3516 293 3571 bene
312 3518 349 3570 sit
364 3517 441 3571 nobis
458 3517 560 3570 cunctis
587 3515 768 3570 diebusvitae
794 3522 904 3586 nostra,
959 3522 1008 3579 seu
1023 3529 1137 3579 tautum
1162 3521 1232 3592 tugis
1257 3519 1401 3576 naturalis
1428 3531 1525 3588 opera,
1551 3530 1618 3586 qum
1645 3513 1808 3585 unicnique

56 3607 128 3663 sieut
142 3612 181 3661 esi
195 3607 275 3662 bodie
292 3608 380 3675 (Deut.
396 3620 445 3671 ιιι,
462 3607 500 3668 3).
517 3605 606 3660 item:
625 3606 660 3660 Te
678 3605 758 3673 elegii
773 3607 904 3661 Dominus
960 3611 1022 3681 ipsa
1038 3611 1111 3666 ratio
1132 3607 1275 3666 naturalis
1292 3608 1453 3679 persuadet.
1475 3607 1508 3664 si
1530 3604 1680 3671 ombuicui,
1698 3602 1806 3675 iuquit,

56 3699 129 3752 Deus
144 3703 218 3762 tuus,
242 3701 273 3749 ut
296 3697 333 3750 sis
345 3700 370 3748 et
387 3694 507 3764 populus
531 3691 716 3766 peeutiuqriis
744 3693 776 3747 de
800 3697 903 3750 eunctis
959 3702 1135 3769 inpunitate,
1150 3699 1357 3765 nutlesiinceit
1372 3698 1403 3752 in
1419 3695 1480 3751 doio
1498 3711 1546 3766 pes
1561 3709 1647 3759 meus,
1664 3694 1689 3750 si
1708 3696 1807 3760 neceni

53 3785 169 3857 pupulis
185 3785 232 3855 qui
244 3792 308 3839 sum
320 3798 405 3853 supro
424 3789 538 3839 terrum.
560 3784 672 3839 Custodi
686 3797 749 3850 erpo
766 3788 906 3852 precepta
960 3789 1035 3860 quod
1052 3788 1179 3843 uolebant
1201 3786 1370 3857 pauperihus
1392 3789 1419 3840 et
1442 3786 1532 3840 ocutos
1549 3782 1642 3839 uidua
1663 3787 1808 3853 ecpeetore

57 3882 84 3932 et
111 3876 283 3931 ceremoniis
313 3878 395 3940 cique
419 3872 541 3941 judicic,
568 3888 628 3939 <1¹¹2
656 3872 827 3939 ecomendo
856 3875 907 3927 tici
958 3880 1021 3946 ieci,
1036 3886 1090 3934 etc.
1108 3877 1173 3949 (deb
1200 3889 1286 3934 xxxi.
1302 3877 1389 3945 iiic),
1417 3887 1484 3945 quae
1505 3872 1666 3942 ipscnnbis
1693 3871 1807 3943 gentiii-

56 3963 138 4018 bedi‘e
154 3967 185 4017 vi
198 3965 298 4030 imics.
315 3963 345 4019 δι’
366 3963 525 4018 amiciens
539 3977 571 4016 ei
593 3967 619 4015 ei
640 3963 748 4029 severii.
772 3962 906 4016 custodiet
959 3967 1016 4023 bus
1031 3975 1088 4022 tam
1104 3964 1201 4022 verbis
1215 3978 1305 4035 qnam
1319 3963 1460 4035 exemptis
1478 3971 1620 4034 tanquam
1646 3961 1738 4029 tegern
1759 3960 1807 4018 itt-

57 4059 83 4108 et
103 4055 234 4108 Dominus
253 4055 321 4107 Deos
343 4056 405 4106 tous
429 4052 481 4105 titi
502 4055 615 4120 paetum
637 4055 662 4105 et
677 4050 901 4111 misericordium,
921 4088 942 4144 D
959 4055 1061 4112 stituit.
1078 4053 1157 4122 Quod
1175 4053 1198 4110 si
1215 4055 1275 4111 iraec
1291 4053 1333 4110 vei
1349 4062 1416 4109 ante
1440 4052 1532 4124 tegern
1548 4049 1594 4107 rel
1617 4050 1708 4106 etiam
1728 4063 1808 4108 nunc

58 4142 258 4212 qunmjurueii
276 4140 404 4210 putribus
424 4143 490 4205 tuis,
511 4145 536 4194 et
553 4140 651 4208 diliget
672 4144 696 4193 te
715 4155 746 4194 cc
772 4140 905 4208 muitipti-
959 4143 1107 4215 aliquibus
1133 4143 1169 4200 ad
1193 4144 1316 4200 satutem
1339 4141 1496 4206 sufficiant,
1520 4141 1590 4210 uuiti
1616 4153 1729 4197 necesse
1752 4138 1808 4196 init

56 4230 141 4295 cubit,
159 4229 349 4296 benedicetque
363 4230 469 4296 (ructui
482 4232 585 4283 uentris
601 4230 651 4293 tui,
668 4233 693 4282 et
705 4230 812 4296 fructui
828 4233 910 4283 terre·
957 4236 1063 4308 iugum
1078 4233 1150 4303 tegis
1164 4233 1278 4298 addere,
1294 4240 1322 4287 et
1336 4230 1534 4301 multipiicatis
1550 4228 1697 4300 preceptis
1710 4237 1808 4286 irens-

56 4324 112 4375 tua
130 4321 268 4387 frumento
292 4324 374 4387 cique
393 4318 546 4384 vindemia,
564 4320 621 4373 cieo
643 4322 669 4372 et
688 4320 829 4386 armentis,
846 4333 905 4392 pre
960 4322 1119 4396 pressiones
1134 4320 1264 4393 angeret
1279 4321 1333 4378 tini
1349 4319 1424 4376 enim
1450 4333 1507 4375 non
1523 4327 1563 4375 est
1579 4317 1637 4385 lex,
1662 4332 1714 4374 nce
1744 4316 1808 4389 ejus

55 4409 137 4479 pibus
161 4411 251 4464 ouium
273 4413 384 4463 tuorum
415 4423 499 4477 supet·
523 4414 625 4463 terram
647 4422 697 4477 pro
719 4422 774 4474 quc
796 4408 905 4479 iurauit
960 4409 1160 4484 praevaricatio
1189 4409 1317 4467 accidere
1341 4416 1441 4479 potest.
1458 4407 1606 4476 Quomodo
1632 4404 1807 4476 peculiarem

53 4497 183 4568 patritus
196 4498 252 4551 iuis
267 4501 297 4552 ut
323 4497 403 4551 curet
417 4511 477 4550 eom
500 4496 561 4552 tibi·
584 4496 744 4551 Benedictus
762 4500 815 4551 eris
834 4498 906 4550 iuter
959 4503 1100 4573 poputum
1116 4499 1179 4571 iege
1194 4498 1261 4555 data
1275 4497 1434 4561 mrstttuit,
1453 4503 1482 4554 et
1504 4509 1565 4566 qua
1590 4494 1703 4553 ratione
1721 4491 1808 4552 taraci

55 4601 147 4641 omnes
179 4586 305 4657 populos,
340 4586 441 4640 sciticet
466 4601 521 4639 ooo
548 4586 601 4639 erit
633 4584 710 4653 opud
747 4588 773 4640 te
802 4584 904 4639 sterilis
959 4589 1185 4661 primogenitum
1210 4600 1297 4645 suum
1313 4586 1454 4655 nominat,
1479 4598 1568 4656 quem
1589 4589 1669 4640 tanta
1692 4581 1808 4639 sarcina

55 4677 297 4745 utrimquesecus
323 4680 379 4729 tum
401 4677 431 4728 in
457 4673 610 4728 nominibus
634 4687 717 4742 quum
730 4674 760 4726 in
774 4673 905 4742 precibus
943 4680 1021 4737 ,sine
1037 4691 1126 4735 cansa
1140 4675 1268 4749 gravat?
1285 4675 1353 4748 quis
1368 4675 1453 4731 etiam
1473 4688 1525 4730 vos
1539 4688 1557 4731 a
1571 4671 1722 4730 maledicto
1735 4670 1807 4742 tegis

56 4767 123 4819 teis.
152 4763 269 4829 dutuet
297 4777 315 4816 o
343 4767 369 4817 te
385 4777 489 4816 omnem
513 4761 670 4828 taupuorem
692 4767 717 4815 et
731 4763 905 4832 infimitates
958 4781 1098 4825 excusare
1128 4768 1225 4837 possit,
1247 4765 1310 4835 qni,
1339 4764 1442 4819 restris
1459 4761 1645 4834 exigentibus
1673 4760 1805 4833 peccatis,

55 4853 316 4922 Eetetipetii'moi,
332 4865 401 4921 quos
427 4865 483 4906 ἢθη
510 4852 610 4918 inseri!
639 4849 699 4917 tibi,
728 4850 776 4905 ted
800 4852 905 4907 cunetis
959 4857 1033 4914 sicut
1049 4856 1103 4926 ipsi
1127 4851 1301 4927 profitemini
1326 4851 1417 4922 (icit
1438 4851 1484 4924 tt.)
1509 4858 1615 4908 terram
1637 4847 1805 4920 promissio·

55 4942 179 4997 nostibus
198 4944 261 4996 tuis.
284 4940 428 4995 umorem
448 4954 537 4994 omnes
564 4942 691 5010 popuios,
719 4953 786 5009 quos
809 4941 904 4995 Domi·
959 4946 1004 5003 nis
1017 4944 1161 5010 amisistis,
1176 4951 1262 4999 extra
1276 4955 1365 5012 quam
1382 4939 1497 5011 impiere
1524 4939 1616 5011 tegern
1639 4937 1808 4995 nuliatenus

55 5045 110 5086 nes
127 5032 194 5085 Deus
210 5034 274 5085 tuot
293 5029 409 5083 dicturus
436 5030 541 5083 esttibi
569 5028 659 5099 (iieui.
687 5042 736 5095 vii,
760 5029 853 5099 6-16)1
870 5029 906 5085 Ει
957 5035 1070 5103 valetis,
1087 5033 1196 5105 quibus
1217 5044 1270 5087 nec
1288 5039 1400 5087 vestras
1427 5027 1604 5100 permittitur
1622 5026 1806 5100 justitiarum

55 5133 195 5177 rituum:
222 5120 302 5174 Dein
323 5118 445 5188 pluviem
473 5123 552 5174 teme
582 5124 681 5173 nostrae
706 5122 905 5188 temporaneum
957 5136 1091 5180 exercere
1115 5121 1268 5188 vindictas,
1298 5133 1352 5176 nec
1379 5119 1444 5175 iicet
1462 5118 1525 5187 ipsa
1552 5117 1698 5175 celebrare
1715 5116 1807 5174 sacri·

56 5213 83 5264 ei
96 5210 253 5272 serotinum,
268 5212 298 5262 ut
321 5207 455 5275 eotiipctis
475 5209 623 5275 frumenta,
648 5209 743 5263 uinum
764 5213 791 5264 et
806 5209 904 5276 oteum,
959 5212 1025 5270 ficia
1042 5211 1087 5269 rei
1102 5209 1261 5268 oblationes
1280 5208 1316 5265 ad
1330 5215 1514 5279 peccatorum
1538 5207 1741 5278 purgationem
1765 5206 1806 5264 in·

53 5301 151 5368 tenum
164 5314 199 5353 ec
212 5299 301 5367 nuru,
321 5298 359 5352 cd
373 5298 510 5367 poscenda
520 5299 657 5367 jumento,
674 5302 700 5354 et
714 5305 743 5353 ut
758 5299 815 5367 ipsi
833 5314 904 5354 com·
959 5302 1086 5369 stitutas,
1101 5314 1154 5357 nec
1165 5299 1227 5371 ipsa
1242 5298 1329 5356 etiam
1351 5297 1521 5354 divinarum
1544 5296 1664 5353 tandum
1695 5296 1806 5368 persoi-

56 5388 146 5444 edctis
175 5392 201 5444 et
223 5389 385 5443 saturemini
413 5387 504 5459 (Dent.
527 5402 567 5456 ιι,
595 5386 700 5456 ii-iii.
735 5387 904 5460 venientque
958 5404 1026 5450 rere
1039 5390 1161 5448 cantica.
1179 5387 1262 5456 Quod
1289 5385 1405 5459 quidem
1428 5391 1457 5444 ct
1476 5385 1597 5465 vosipsi
1619 5384 1805 5458 profitemini,

55 5493 141 5550 super
155 5480 327 5537 tenniuerte
354 5477 549 5538 condictiones
563 5479 633 5550 itte,
648 5482 675 5536 et
697 5477 903 5552 meebendcnt
945 5480 1109 5571 dicentes:
1132 5477 1271 5548 Quomodo
1292 5475 1464 5535 cmtcbimus
1486 5476 1625 5538 mnticnm
1646 5477 1760 5539 Doutim
1776 5478 1807 5535 in
