3804 5962
74 214 143 271 lese
832 200 884 258 sic
913 201 955 258 ET
971 201 1051 258 NON.
1751 191 1820 248 lesu

68 346 142 396 sum,
165 336 219 386 ete.
244 327 328 400 (Psoi.
354 342 390 394 m,
417 327 455 398 5).
483 327 581 383 seneen
602 326 633 379 in
658 324 809 395 proverbiis
840 323 916 378 suis:
934 323 958 375 A
974 321 1068 379 ritate.
1085 321 1178 375 Item:
1205 316 1271 377 Alia
1286 318 1309 373 sl
1326 330 1384 373 nou
1403 316 1518 380 habeas,
1545 314 1600 371 boc
1616 314 1701 382 habe,
1719 321 1748 373 el
1770 314 1822 373 im·
1890 326 1895 339 ·

68 419 161 476 Omne
176 425 326 488 peccatum
340 415 414 472 actio
429 422 488 482 est;
507 414 602 471 omnis
616 420 712 470 aulem
728 411 801 470 actio
816 411 919 469 volun·
974 411 1056 482 plesti
1074 409 1173 482 legem.
1196 410 1271 465 ldem
1293 409 1329 462 lte
1358 406 1424 461 bono
1445 405 1606 474 conjugali:
1639 400 1822 479 Continentia

69 507 147 565 taria
160 513 203 564 est
218 513 275 562 tam
299 506 419 562 honesta
434 518 525 575 quarn
547 503 656 573 turpis;
673 515 758 559 ornne
771 515 839 573 ergo
851 515 919 571 pec·
973 515 1032 556 nnn
1047 500 1174 571 eorporis
1190 499 1238 555 sed
1254 496 1345 555 animi
1374 496 1469 553 virtus
1490 501 1541 553 est.
1570 493 1698 553 Virtutes
1721 499 1821 553 autem

68 604 169 652 catum
183 593 382 652 voluntarium
395 599 447 648 est.
468 591 817 661 Omitteexeusationem3
835 605 919 646 nemo
973 590 1075 656 animi,
1103 597 1157 646 ete.
1183 591 1365 657 Hieronymus
1395 585 1525 640 adoneus
1554 581 1734 639 Heluidium:
1755 582 1821 653 Qua

69 692 169 755 peccat
194 683 314 739 invitus.
349 685 393 738 Ee
426 683 537 751 seriptis
572 683 740 750 Hieronymi,
779 682 920 735 sententie
973 696 1028 734 non
1042 684 1082 734 est
1100 682 1188 748 nuptu
1202 678 1304 744 cogitet
1328 690 1387 745 quae
1401 675 1511 730 Domini
1524 676 1598 740 sunt,
1620 675 1651 725 ut
1674 671 1711 727 sit
1724 675 1821 729 sanctu

67 777 157 843 ipsius
172 771 352 828 uiduolesuet
368 771 553 824 monachiles:
569 771 631 825 Duo
646 776 714 825 sunt
733 782 839 840 genera
855 782 919 839 pec·
973 772 1075 839 spiritu
1089 772 1115 822 et
1135 782 1244 837 corpore
1261 765 1281 836 (1
1301 766 1361 821 Cor.
1386 777 1434 831 ru,
1451 759 1509 831 34).
1535 758 1667 832 Virginis
1690 758 1821 819 delinitio

68 869 221 919 mierum:
237 858 359 916 alterum
379 858 457 930 quod
472 872 508 915 ex
524 858 674 928 proposito,
702 857 826 914 alterum
842 855 920 927 quod
974 865 1103 915 sanctam
1114 871 1176 912 esse
1197 867 1316 925 corpere
1329 853 1400 909 dicit
1414 859 1441 908 et
1456 849 1569 921 spiritu,
1582 847 1653 921 quia
1667 846 1739 904 nibil
1752 862 1819 920 pro·

66 965 106 1007 ex
125 949 304 1022 negligentia
316 949 428 1018 pendet.
444 949 530 1003 item:
549 946 680 1017 Plerique
695 955 783 1014 metu,
804 960 862 1002 uon
879 946 920 1001 iu·
973 948 1034 1004 dest
1047 959 1165 1002 carnem
1182 944 1287 999 babere
1302 941 1455 1013 virginem,
1471 939 1494 995 si
1510 944 1604 995 niente
1632 937 1702 1008 quis
1714 951 1820 1008 nupse·

67 1038 203 1096 nocentia
228 1044 351 1092 cessant.
375 1036 511 1091 illenim
542 1035 641 1098 timidi,
664 1048 722 1090 non
753 1035 920 1090 innocentes
973 1036 1020 1092 rit.
1039 1035 1114 1090 idem
1137 1048 1219 1102 super
1232 1031 1385 1101 Epistulam
1399 1029 1436 1085 od
1449 1029 1593 1095 Romanos,
1610 1026 1688 1083 tib.l
1710 1042 1718 1081 ι
1743 1024 1819 1085 Fieri

65 1135 149 1185 sunt.
167 1125 395 1195 augustinusait
414 1125 537 1180 Orestam
556 1123 737 1192 inlibroper
756 1121 917 1190 dialogum:
972 1139 1031 1181 non
1047 1129 1147 1193 potest,
1176 1128 1218 1188 ut,
1234 1119 1291 1175 nisi
1306 1118 1373 1189 quis
1395 1117 1555 1174 moechetur
1570 1114 1653 1186 prius
1677 1114 1818 1189 incuruo,
1885 1112 1888 1121 '

10 1252 12 1257 ·
68 1216 153 1274 Unde
179 1213 308 1271 malum?
336 1212 562 1270 discernendum
592 1218 618 1267 et
646 1211 778 1282 quidest
802 1208 917 1266 meleia-
973 1208 1216 1278 mmcbaripossit
1239 1207 1269 1263 in
1295 1204 1590 1276 corporeambrosms
1612 1206 1647 1260 lte
1669 1204 1817 1275 lapsuuin

67 1318 145 1362 ecre.
169 1305 254 1359 item:
283 1301 422 1358 Fortassis
445 1314 513 1372 ergo
537 1300 624 1356 libido
640 1300 668 1355 in
693 1299 832 1356 adulterio
856 1312 918 1354 rna·
971 1301 1044 1368 ginis
1059 1301 1242 1353 consecretur:
1266 1297 1377 1352 llorere
1391 1308 1450 1351 non
1464 1300 1554 1364 potest
1579 1307 1645 1350 caro
1669 1290 1818 1364 eorrumpi

67 1392 133 1451 lum
153 1399 205 1448 est.
229 1391 302 1448 llam
325 1398 358 1446 ut
377 1389 521 1460 inteiligas
545 1388 696 1444 libidinem
721 1387 751 1443 in
776 1386 918 1443 adulterio
971 1394 1051 1454 ante,
1074 1386 1129 1442 nisi
1145 1400 1226 1442 mens
1249 1384 1337 1441 luerit
1362 1385 1447 1454 prius
1469 1389 1613 1453 corrupta.
1643 1381 1817 1451 Augustinus

67 1480 179 1538 malum
189 1493 260 1545 esse,
276 1478 301 1534 si
317 1478 365 1534 oui
380 1476 465 1533 etiam
480 1490 537 1531 non
551 1477 700 1547 contingat
715 1474 836 1532 lacultas
851 1489 916 1530 eon·
972 1491 1053 1547 super
1068 1476 1223 1546 Epistolom
1235 1477 1368 1531 ioannis:
1390 1472 1455 1530 Non
1475 1471 1547 1545 quid
1570 1469 1638 1528 lacit
1656 1469 1753 1539 bomo,
1768 1467 1818 1527 sed

66 1568 224 1626 cumbendi
242 1580 310 1622 curn
327 1579 418 1622 uxore
437 1565 541 1633 aliena,
567 1564 686 1634 planum
703 1571 798 1620 tamen
817 1563 916 1633 aliquo
933 1580 955 1637 g
973 1579 1030 1636 quio
1052 1564 1161 1630 animo,
1187 1562 1428 1619 considerandum
1443 1568 1494 1618 est.
1517 1562 1551 1617 ln
1564 1559 1663 1616 ecdem
1684 1558 1759 1616 lacto
1773 1556 1817 1615 in·

64 1656 152 1712 modo
174 1656 211 1711 sit
238 1667 306 1710 eum
331 1653 360 1709 id
387 1665 502 1722 cupere,
526 1660 563 1717 et.
588 1651 612 1707 si
640 1657 764 1720 potestas
784 1650 912 1718 daretur,
968 1654 1104 1710 venimus
1131 1654 1223 1708 Deum
1240 1653 1362 1719 Patrem,
1390 1650 1419 1706 in
1446 1663 1506 1720 quo
1533 1647 1652 1717 Judam;
1680 1647 1757 1705 iacta
1776 1654 1819 1706 est

64 1743 211 1802 iacturum
227 1757 300 1809 esse,
315 1756 374 1799 non
391 1742 490 1797 minus
508 1754 576 1796 reus
589 1747 631 1796 est
645 1753 733 1809 quain
755 1739 780 1795 si
800 1741 828 1794 in
852 1739 913 1809 ipse
968 1741 1116 1798 tradition
1131 1740 1230 1811 Patre;
1247 1739 1321 1797 lacta
1342 1747 1384 1796 est
1398 1753 1416 1795 a
1435 1738 1519 1809 Filio;
1546 1737 1622 1795 lacta
1635 1743 1709 1794 esta
1729 1734 1815 1794 luda.

64 1832 141 1889 lacto
169 1831 441 1902 deprehenderetur.
469 1829 602 1886 Orosius:
634 1827 709 1884 llibil
729 1835 771 1884 est
795 1827 914 1884 omnino
969 1830 1087 1887 Diversa
1103 1831 1221 1886 intentio
1236 1829 1351 1885 diversa
1365 1827 1440 1885 lacta
1454 1827 1529 1885 lecit.
1550 1825 1623 1884 Cum
1644 1825 1681 1882 sit
1697 1838 1758 1882 una
1771 1837 1818 1883 res

64 1920 262 1988 manilestius3
280 1918 392 1975 clarum
407 1925 449 1973 est
464 1917 540 1973 enim
554 1918 615 1987 jam
631 1916 704 1972 nibil
728 1915 809 1971 aliud
824 1928 913 1986 quiem
968 1932 1005 1974 ex
1020 1919 1141 1974 diversis
1161 1917 1382 1985 intentionibus,
1400 1931 1465 1975 eam
1484 1916 1509 1973 si
1531 1915 1697 1979 metiamur,
1723 1927 1817 1972 unum

64 2008 217 2065 libidinem
247 2007 277 2063 in
310 2011 368 2063 tcto
401 2005 599 2061 malelaciendi
632 2019 736 2075 genere
769 2003 911 2060 damnari.
968 2007 1125 2063 amandum
1140 2014 1193 2075 est,
1210 2006 1333 2062 alterum
1355 2005 1565 2062 damnandum.
1581 2002 1753 2060 ltemssnla
1766 2002 1816 2060 be·

65 2096 273 2167 Augustinus:
302 2093 399 2150 Scisne
431 2093 514 2149 istam
542 2093 689 2148 libidinem
717 2092 767 2149 alii
798 2093 914 2148 nomine
967 2095 1131 2153 nevolentia
1149 2093 1254 2151 suldelt
1269 2095 1391 2161 amanti,
1406 2093 1518 2150 etiamsi
1533 2105 1591 2149 nou
1607 2092 1643 2149 sit
1657 2090 1816 2163 quodprae-

63 2184 253 2255 cupiditatem
267 2181 385 2239 vocarit
404 2181 540 2238 Orosius:
558 2181 629 2237 Soio.
653 2182 729 2236 idern
753 2184 789 2237 lte
813 2182 867 2250 fide
888 2184 914 2236 et
968 2191 1085 2240 stemus.
1107 2183 1186 2238 Idem
1200 2187 1229 2237 in
1244 2182 1292 2238 tib.
1307 2183 1406 2250 Quasi.
1422 2185 1475 2237 vet.
1492 2188 1518 2237 et
1536 2197 1598 2237 nou.
1616 2183 1706 2250 tepus:
1729 2178 1817 2237 Nulla

63 2273 209 2342 operibus:
229 2272 256 2327 Si
276 2270 359 2342 virgo
383 2272 512 2326 nesciens
531 2270 593 2326 viro
618 2270 749 2340 nupserit
764 2269 869 2336 alieno,
889 2269 913 2325 si
967 2275 1074 2330 nutura
1094 2272 1232 2341 probatur
1247 2270 1373 2329 malum:
1389 2271 1526 2327 voluntas
1548 2276 1645 2326 antem
1664 2275 1717 2326 est.
1732 2268 1815 2337 lton,

62 2373 177 2431 semper
190 2352 312 2426 nesciat,
329 2371 481 2428 nunquam
497 2372 533 2413 ex
550 2359 602 2414 boe
612 2360 665 2415 erit
682 2358 913 2415 adulterantem
967 2379 1027 2434 cop.
1054 2363 1090 2418 lll
1105 2380 1112 2419 r
1130 2362 1253 2432 illiricos
1267 2364 1383 2427 scimus,
1400 2361 1495 2418 subito
1506 2361 1661 2427 dementes,
1673 2356 1815 2430 quosdam

62 2453 95 2505 in
110 2450 157 2504 tib.
176 2450 188 2502 l
206 2449 246 2503 De
259 2448 369 2503 ciuitate
385 2447 436 2502 Dei
457 2447 561 2517 (Maur.
584 2447 646 2514 llll,
666 2447 707 2519 l8)
725 2465 732 2502 ε
752 2445 913 2503 Lucretiam
966 2461 993 2508 et
1008 2451 1161 2519 occidisse;
1194 2457 1292 2521 captos
1319 2459 1415 2507 autem
1443 2456 1472 2506 et
1498 2450 1529 2505 in
1554 2447 1674 2519 jndiciis
1691 2446 1813 2516 oblatos,

63 2532 141 2595 certe
156 2543 318 2592 matronam
339 2534 467 2591 nobilem
483 2543 665 2605 veteremque
683 2537 842 2591 itomanam
858 2550 911 2605 pu·
966 2540 1086 2597 minime
1104 2553 1167 2597 reos
1180 2539 1281 2606 laetos,
1296 2553 1329 2595 co
1345 2539 1423 2610 quod
1439 2552 1498 2595 non
1512 2537 1673 2606 volumtate,
1694 2533 1742 2592 sed
1757 2533 1815 2592 irn-

62 2625 171 2683 dieitiae
187 2624 300 2696 magnis
308 2624 433 2681 ederunt
448 2624 592 2680 laudibus.
604 2625 698 2696 liujus
712 2638 831 2695 corpore
845 2638 912 2680 curn
966 2628 1087 2700 pellente
1100 2629 1131 2684 vi
1150 2628 1246 2684 nescio
1261 2641 1321 2698 qua
1336 2627 1389 2684 boe
1401 2627 1542 2699 gesserint
1557 2624 1723 2683 nescientes.
1740 2624 1815 2689 Quc-

61 2715 203 2772 riolenter
225 2727 359 2784 oppresso
383 2711 535 2783 Tarquinii
558 2712 633 2784 regis
660 2714 736 2786 filius
761 2712 912 2769 libidinose
966 2717 1141 2773 modoenim
1161 2729 1228 2772 reus
1250 2715 1445 2783 constituitur,
1474 2713 1524 2785 qui
1540 2714 1631 2770 nescit
1654 2709 1814 2783 quidlece·

61 2804 174 2878 potitus
196 2810 278 2869 esset,
300 2800 350 2858 illa
369 2801 464 2858 scelus
490 2801 692 2871 improbissimi
716 2802 833 2873 juvenis
849 2814 910 2857 ma·
967 2805 1027 2862 riti
1040 2807 1083 2862 lta
1096 2812 1123 2861 et
1139 2803 1270 2861 diabolus
1284 2802 1307 2859 si
1323 2804 1432 2860 bonum
1447 2801 1548 2867 nescit,
1564 2814 1656 2873 qnare
1670 2799 1815 2857 damnan-

61 2893 118 2951 rito
137 2891 277 2949 Collatino
301 2897 329 2947 et
353 2891 515 2961 propinquo
532 2890 630 2958 Bruto,
653 2890 724 2946 viris
744 2889 912 2946 clarissimis
929 2860 950 2916 G
967 2895 1022 2951 dus
1036 2901 1168 2950 censetur
1191 2893 1243 2964 qui
1259 2906 1317 2948 non
1332 2891 1399 2949 lacit
1414 2889 1491 2962 quod
1511 2889 1624 2947 nescit?
1646 2890 1724 2954 lum.
1751 2903 1812 2959 obp.

61 2986 91 3037 et
106 2979 279 3046 lenissimis,
303 2978 453 3042 indicavit,
476 2992 583 3048 eosque
604 2978 640 3033 ad
659 2977 818 3035 vindictam
840 2992 911 3032 eon-
969 2983 1044 3039 XGll
1066 2982 1152 3038 :Non
1180 2981 1273 3039 omnis
1289 2980 1427 3052 ignorans
1455 2978 1624 3036 immunisa
1652 2990 1737 3050 plena
1750 2983 1814 3047 sst;

62 3067 196 3126 strinxit.
221 3067 350 3138 lienique
372 3066 438 3122 loedi
456 3067 486 3122 iu
512 3080 543 3122 se
558 3066 701 3122 commissi
728 3080 806 3138 aegra
824 3074 912 3137 atque
967 3072 1014 3129 bio
1032 3070 1111 3127 enim
1130 3069 1180 3141 qni
1208 3069 1300 3140 potuit
1327 3068 1421 3124 dicere
1448 3075 1556 3137 elnon
1580 3066 1658 3124 dedit
1686 3079 1814 3139 operam,

66 3155 220 3226 impatiens
239 3169 268 3210 ⁸0
288 3154 418 3225 peremit.
435 3153 509 3220 Quid
532 3153 679 3211 dicemus?
705 3154 837 3213 adultera
852 3154 912 3211 baec
966 3173 1049 3218 reum
1062 3162 1102 3229 {se
1123 3158 1198 3215 lecit.
1220 3157 1347 3212 Isidonrs
1362 3161 1392 3211 in
1415 3156 1590 3227 synonymis,
1611 3156 1659 3211 lib.
1679 3154 1729 3210 ll:
1750 3154 1815 3214 Nun

63 3259 104 3303 an
118 3252 195 3300 casta
209 3241 368 3313 judicanda
382 3241 445 3296 esti
467 3242 589 3313 Egregie
603 3242 723 3313 quidam
741 3256 778 3298 ex
792 3243 846 3298 boe
860 3256 911 3298 vc·
967 3255 1057 3319 potest
1080 3245 1226 3316 eorrumpi
1253 3258 1367 3315 eorpus,
1384 3243 1439 3301 nisi
1463 3243 1545 3315 prius
1572 3248 1728 3314 corruptus
1753 3240 1815 3299 ani·

64 3330 408 3403 raciterquedeelamans
425 3330 480 3386 ait:
509 3330 638 3387 Mirabile
659 3331 757 3387 dictu?
781 3330 838 3386 duo
854 3330 913 3386 lue·
967 3335 1247 3393 musluerit.1tem:
1268 3333 1375 3390 biunde
1397 3347 1415 3390 a
1438 3331 1612 3405 cogitatione
1635 3329 1726 3389 animi
1747 3344 1815 3389 carc

64 3428 136 3480 runt
151 3429 178 3477 et
201 3419 375 3477 adulterium
400 3434 479 3477 unus
502 3419 627 3475 admisit.
649 3417 802 3492 splendido
824 3427 912 3489 atque
966 3439 1024 3480 non
1044 3431 1151 3494 peceat.
1171 3423 1374 3494 Cbryrostomus
1390 3437 1472 3492 super
1498 3422 1675 3478 Mettbaum:
1699 3418 1815 3478 Volun-

64 3509 236 3567 rerissime:
263 3509 378 3565 intuens
409 3508 487 3565 enim
529 3508 559 3563 in
595 3508 719 3564 duorum
758 3520 912 3578 corporum
967 3520 1010 3570 tas
1033 3513 1111 3582 apud
1128 3512 1219 3567 ltenrn
1241 3517 1454 3573 remuneratur,
1474 3524 1532 3566 non
1557 3524 1648 3580 0pus;
1672 3507 1742 3581 quia
1761 3521 1814 3566 rc-

65 3598 264 3654 commistione
292 3597 383 3653 unius
418 3596 679 3666 inquinatissimam
713 3596 910 3666 cupiditatem,
967 3602 1064 3658 luntas
1078 3615 1115 3656 er
1129 3599 1251 3656 arbitrio
1276 3606 1374 3656 nostro
1389 3597 1527 3669 procedit,
1552 3611 1626 3668 opus
1649 3604 1746 3656 autern
1762 3611 1816 3669 per

65 3686 186 3743 alterius
200 3684 390 3743 castissimam
412 3684 602 3752 voluntatem,
625 3693 652 3741 et
672 3698 729 3739 non
751 3684 821 3755 quid
841 3699 913 3741 oon·
967 3690 1017 3746 Dei
1034 3688 1399 3760 ginrmmoonsummatur.

61 3773 214 3846 junctione
232 3774 440 3839 membrorum,
461 3773 509 3829 sed
524 3773 595 3844 quid
613 3772 777 3830 animorum
792 3769 911 3829 diversi·
1330 3790 1445 3849 CXLIV·

65 3869 125 3919 tale
140 3870 285 3932 ageretur,
313 3863 481 3918 attendens:
504 3861 571 3925 duo,
597 3860 703 3931 inquit,
729 3860 858 3927 fuerunt,
885 3867 913 3916 et
967 3882 1044 3951 om
1061 3884 1187 3951 peccator
1207 3881 1244 3935 gg
1257 3880 1304 3934 (ηε
1326 3884 1415 3935 gamen
1434 3879 1483 3945 qm·
1502 3878 1632 3935 megum
1655 3880 1812 3949 mewa.

63 3949 244 4007 adulterium
260 3964 338 4006 uuus
360 3949 488 4006 admisit.
513 3949 621 4006 Puduit
636 3962 700 4005 eam
724 3948 913 4020 turpitudinis
1273 3952 1351 4019 cote,
1363 3955 1388 4005 et
1402 3955 1507 4005 eontra.

63 4031 256 4116 alienaexinse
271 4033 430 4090 cuminissae
451 4034 504 4089 etsi
530 4047 586 4089 nou
605 4048 713 4099 securri,
734 4042 762 4090 ct
784 4035 912 4091 Ronlana
1003 4044 1133 4110 Origenes
1158 4044 1188 4095 sn
1212 4040 1337 4110 Epistola
1361 4040 1443 4094 Ponti
1469 4038 1668 4107 cunemannus,
1695 4036 1743 4092 lib.
1768 4034 1812 4096 V:

63 4120 172 4177 mulier
187 4119 281 4177 laudis
297 4121 383 4177 avida
399 4122 522 4178 nimium
538 4122 688 4188 veritaest,
704 4137 740 4178 ne
760 4127 950 4200 putaretur„
968 4130 1131 4188 emendicat
1150 4130 1220 4200 quia
1242 4143 1341 4185 omnes
1362 4134 1565 4198 peceaverunt,
1588 4124 1668 4184 aliud
1687 4131 1730 4184 est
1750 4139 1813 4197 pen.

63 4210 144 4281 quod
160 4209 300 4266 violenter
313 4216 356 4267 est
372 4224 455 4280 passa
469 4224 535 4266 cirin
552 4212 672 4279 vireret,
689 4211 811 4269 libenter
828 4226 912 4282 passa
966 4235 1055 4287 casse,
1082 4219 1162 4274 aliud
1187 4225 1230 4274 est
1253 4224 1431 4288 peccatorem
1453 4230 1524 4272 esse.
1551 4215 1686 4272 Peccator
1707 4213 1816 4273 dieitur

63 4297 91 4354 si
122 4297 240 4354 viveret·
271 4298 347 4353 idem
375 4299 421 4353 tib.
455 4300 490 4352 lll
520 4303 556 4354 De
583 4299 710 4358 doctrino
737 4301 908 4357 Christiano:
966 4309 1070 4381 quiin
1095 4306 1335 4363 consuetudinem
1358 4319 1392 4361 ae
1411 4303 1538 4361 studium
1564 4302 1702 4374 peccandi
1724 4300 1813 4372 venit,

62 4385 129 4444 Non
150 4385 278 4456 praecipit
303 4385 451 4456 Scriptura
470 4388 524 4443 nisi
546 4388 724 4455 charitatem,
748 4404 806 4446 non
829 4389 907 4445 darn·
965 4397 1041 4454 sieut
1067 4396 1164 4467 justus
1192 4390 1250 4449 non
1281 4395 1304 4449 is
1333 4393 1386 4465 qui
1408 4391 1495 4450 semel
1510 4399 1561 4448 ant
1589 4390 1702 4463 aliquid
1726 4390 1816 4462 J'usti-

63 4483 117 4530 nat
141 4488 195 4531 neo
221 4473 320 4544 culpat
345 4474 401 4530 nisi
426 4475 621 4546 cupiditatem.
647 4478 912 4537 Charitelemvoeo
966 4484 1145 4550 tremuerit,
1175 4483 1223 4538 sed
1255 4482 1363 4553 quiin
1395 4496 1450 4538 usu
1480 4489 1508 4538 et
1535 4479 1745 4538 consuetudine
1767 4479 1813 4552 ju·

63 4569 177 4619 motum
192 4561 281 4618 animi
297 4563 332 4618 ad
356 4562 512 4620 fruendum
540 4566 593 4621 llec
614 4576 731 4636 propter
762 4567 868 4638 ipsum,
886 4576 913 4626 et
967 4571 1072 4628 stillam
1092 4571 1188 4627 babet.
1216 4571 1287 4626 Nam
1302 4570 1325 4624 si
1342 4570 1410 4639 qllis
1432 4569 1461 4624 in
1477 4568 1586 4626 caeteris
1608 4567 1667 4626 lere
1681 4567 1817 4625 omnibus

63 4664 96 4706 se
118 4656 146 4705 et
174 4651 308 4720 proximo
332 4660 448 4721 propter
473 4653 577 4721 Derim3
607 4654 792 4724 cupiditatem
816 4662 913 4712 autem
967 4661 1094 4731 injustus
1108 4660 1156 4728 sit,
1172 4658 1259 4714 semel
1279 4664 1331 4714 aut
1356 4657 1401 4714 bis
1428 4657 1540 4728 aliquid
1566 4657 1639 4729 justi
1667 4656 1761 4729 operis
1775 4655 1815 4713 1ο-

63 4745 177 4793 motum
193 4739 283 4794 animi
299 4739 500 4796 adlruendum
512 4755 540 4795 se
555 4751 581 4796 et
597 4743 727 4811 proximo
742 4750 769 4799 et
784 4744 913 4814 quelibet
967 4749 1046 4815 ecrit,
1064 4747 1142 4818 juste
1162 4748 1256 4818 egisse
1277 4746 1390 4804 dicetur
1414 4746 1483 4819 (13),
1513 4745 1552 4802 ita
1576 4753 1605 4803 et
1626 4745 1724 4817 justus
1749 4758 1812 4817 pec·

61 4839 182 4896 corpore
207 4839 266 4883 non
292 4836 408 4897 propter
432 4830 532 4884 Deum.
562 4828 642 4895 Quod
663 4837 761 4887 alitem
785 4832 846 4902 agit
872 4832 914 4887 in·
967 4851 1046 4893 casse
1071 4835 1189 4907 quidem
1217 4834 1329 4890 dicetur
1365 4833 1431 4904 (li),
1462 4835 1486 4890 si
1521 4833 1631 4905 aliquid
1666 4832 1813 4891 commise-

59 4914 171 4970 duinita
187 4914 378 4984 eupiditasad
393 4918 640 4985 corrumpendum
656 4918 785 4974 animum
802 4928 829 4976 et
852 4935 913 4977 cor·
967 4925 1003 4981 rii
1031 4923 1188 4994 aliquando
1226 4922 1303 4992 quud
1332 4937 1391 4978 nou
1430 4922 1507 4989 lieet,
1549 4937 1607 4979 ucn
1647 4931 1743 4980 tamen
1778 4936 1815 4981 ex

62 5002 546 5074 pussnum,flagitiumvocatur;
570 5006 648 5074 qiiod
668 5015 763 5063 autem
787 5007 856 5079 agit.
883 5018 914 5065 ut
968 5015 1023 5071 hoe
1061 5019 1192 5083 peccator
1228 5010 1420 5080 appellabitur
1458 5011 1510 5082 quii
1548 5011 1686 5083 peccandi
1729 5024 1815 5069 usum

60 5090 146 5147 alteri
162 5099 273 5158 noceat,
299 5091 412 5147 lacinus
431 5092 548 5148 dieitur.
576 5094 611 5148 Et
636 5095 777 5151 bessum
793 5097 914 5168 uuege-
968 5116 1029 5158 non
1052 5107 1137 5166 teuit,
1160 5099 1281 5168 sieutet
1309 5099 1438 5156 medicus
1466 5100 1573 5157 dicitur
1595 5100 1647 5172 qui
1669 5115 1754 5159 usum
1782 5113 1817 5158 ac

62 5193 137 5237 nera
162 5187 357 5248 peecatorum.
387 5180 460 5235 leem
491 5197 572 5250 super
601 5184 753 5251 Epislotnrn
776 5187 912 5240 ioannis:
968 5187 1097 5243 studium
1126 5200 1160 5241 ae
1195 5185 1376 5256 disciplinam
1411 5188 1497 5245 babet
1535 5188 1677 5246 medendi.
1710 5189 1817 5249 Omnes

60 5267 129 5327 Non
144 5267 352 5326 discernuntur
377 5268 428 5325 filii
445 5269 494 5327 Dei
522 5269 621 5325 atiliis
641 5271 757 5336 diaboli,
773 5272 829 5329 nisi
848 5274 915 5331 cba—
969 5282 1060 5346 potest
1086 5274 1145 5331 lieri
1170 5280 1202 5331 ut
1227 5274 1418 5344 peccaverint,
1439 5276 1552 5335 etiamsi
1576 5277 1668 5335 sancti
1693 5276 1814 5347 tuerint,

100 5439 158 5512 (13)
174 5439 279 5499 Cous:
296 5440 440 5498 dicuutur.
885 5456 897 5474 ⁰
1006 5449 1063 5521 (ll)
1080 5449 1164 5507 Cous.
1179 5449 1309 5507 :elicitum
