3804 5962
486 79 751 142 neotoomctts
768 79 844 141 eud
860 78 974 139 eundo
991 79 1204 139 manno.
1659 86 1728 146 {002

79 234 91 264 1
110 211 223 279 Petrus,
250 207 358 280 iuquit,
385 219 499 278 semper
528 205 626 265 turbat
652 204 821 273 Ecclesiam,
838 205 936 261 aseae
960 202 1060 273 (itate.
1078 205 1141 274 111).
1158 206 1221 263 llon
1235 205 1390 277 impugnat
1403 205 1488 263 tidem
1513 207 1601 277 Petri,
1619 210 1672 281 qni
1695 210 1727 267 b·

79 316 85 333 ·
111 299 257 374 excogitat
282 296 446 355 novitatem.
471 295 493 354 0
513 295 659 366 temporat
677 294 820 352 omoresl
877 293 941 351 dem
955 293 1082 352 aldrmat
1103 295 1189 352 Petri.
1216 294 1305 351 Debet
1330 308 1399 366 ergo
1422 294 1555 353 invenire
1579 298 1728 372 retugium

79 392 139 448 icat
153 390 188 445 de
202 389 259 445 soie
276 401 379 444 caecus.
405 386 449 442 Sic
472 385 568 458 pingit
590 384 620 440 iii
642 384 824 441 1111111131-
878 384 957 454 apud
984 385 1080 441 sedern
1097 386 1183 442 Petri.
1212 385 1322 447 Patere,
1351 398 1458 455 queso,
1489 386 1602 443 Petrum
1632 397 1728 446 tecum

79 482 100 536 ic
127 480 230 535 urbem
259 476 439 548 appretiatur
467 475 575 529 asinus.
611 471 656 526 Sic
685 467 824 525 animales
878 487 939 528 esse
966 471 1172 530 Cbrislianum.
1190 474 1262 529 Etsi
1281 473 1335 537 vis,
1359 483 1450 528 tecum
1472 474 1526 530 erit
1552 473 1726 534 Catboiicus.

79 569 98 625 ii
118 567 262 639 judicant,
283 568 419 621 siccasus
435 563 585 626 ventilant,
603 560 644 617 sic
662 558 824 616 discutiant
878 561 962 618 Etsi
988 576 1046 618 non
1071 564 1127 628 vis,
1153 570 1248 619 tamen
1275 563 1328 620 erit
1353 561 1527 620 Catbolicus.
1558 563 1726 623 Communis

79 672 108 713 is.
137 655 183 712 Sic
203 663 335 726 pugnant
352 661 454 708 contra
479 666 546 707 eum
570 650 619 706 tilii
636 651 736 705 matris
751 661 823 705 suae.
878 651 954 708 enini
979 651 1055 707 Deus
1078 660 1129 719 est,
1152 667 1210 707 non
1233 651 1373 722 privatus.
1400 652 1453 708 Sed
1470 653 1492 709 si
1516 655 1593 710 sedet
1613 665 1726 712 senten·

79 761 99 802 is
112 758 215 802 crassae
229 747 369 800 adversus
383 743 514 798 silentem
531 739 731 811 grunniunt.»
878 740 919 797 tia
940 741 1029 808 cordi,
1057 727 1212 811 pergamus
1243 744 1349 811 pariter
1372 742 1561 812 contemplari
1584 744 1728 814 quomodo

79 849 91 891 1
114 842 155 890 tot
181 833 280 902 itaque
298 839 325 887 et
341 839 436 887 tantas
459 829 611 900 angustias
629 828 825 897 deprenensus
880 831 981 886 Petrus
1002 829 1091 886 fidem
1115 830 1230 886 inlestat
1245 830 1330 887 Petri.
1348 830 1453 887 Scribit
1474 832 1550 887 enim
1576 833 1679 889 Petrus
1693 833 1729 890 ad

79 924 146 979 idus
165 922 202 978 ad
229 920 351 977 Romani
370 919 514 975 examinis
542 918 673 990 confugit
700 916 824 988 asylum.
880 918 1016 974 ancillam
1055 919 1104 976 liei
1144 920 1301 975 lleloissam
1337 920 1426 976 sacris
1461 920 1562 977 litteris
1600 923 1731 992 apprime

79 1025 189 1079 issum,
209 1010 315 1081 inquit,
341 1009 476 1065 llomanae
493 1008 635 1065 Ecclesia.
653 1006 827 1064 Volocausa
880 1008 1052 1075 institutam,
1077 1008 1249 1065 familiarem
1280 1009 1351 1065 satis
1373 1010 1533 1079 epistolam,
1560 1025 1626 1082 quae
1654 1010 1731 1068 inter

79 1101 147 1172 prasi
168 1100 248 1170 impii
268 1098 436 1170 judicetur:
461 1099 592 1154 calorem
616 1097 723 1167 appello
750 1095 824 1166 (Act.
880 1097 993 1168 reliqua
1021 1097 1129 1154 borum
1155 1098 1242 1156 etiam
1269 1100 1427 1156 verborum
1450 1099 1557 1158 redolet
1582 1100 1731 1157 continen-

79 1210 87 1242 l
115 1191 152 1246 At
178 1187 340 1244 Bernartius
370 1186 470 1253 abbas,
498 1187 526 1242 in
547 1184 633 1256 cujiis
657 1185 773 1241 bracbio
794 1184 824 1241 ll·
882 1187 970 1244 tiain:

87 1275 425 1349 11111111111111111»
443 1275 593 1331 1111111111
612 1275 827 1346 utprasesuui
915 1283 1000 1341 Soror
1036 1297 1101 1341 mea
1120 1283 1248 1341 lleloissa
1273 1285 1423 1356 quondam
1457 1284 1529 1342 mibi
1564 1285 1593 1342 in
1619 1259 1746 1344 saeculo

79 1365 236 1424 10111111
266 1365 297 1421 11
326 1365 471 1421 1111111111
494 1365 630 1421 01111111
668 1364 827 1434 1111111111»
882 1373 981 1441 obera,
996 1387 1077 1431 nuno
1092 1374 1121 1430 in
1135 1372 1248 1432 Christo
1271 1373 1451 1443 charissima,
1466 1382 1520 1431 etc.
1543 1373 1614 1433 Vide
1632 1391 1729 1446 supro,

79 1470 171 1512 ¹sorem
196 1454 248 1508 ibis
283 1451 388 1524 (ibid),
416 1451 464 1507 sed
499 1450 639 1508 Caesarem
666 1451 825 1522 appellasti,
881 1464 960 1518 initio
969 1464 1123 1519 uoluminis.

82 1557 176 1601 000000
197 1557 255 1641 000
279 1543 342 1598 000·
370 1541 557 1640 0000000000
570 1554 649 1596 0000
668 1549 865 1638 (1001100οΒ
919 1573 985 1627 ilaec
1001 1572 1036 1627 de
1050 1569 1170 1641 epistola
1186 1570 1262 1627 Petri
1277 1570 1312 1625 ad
1328 1569 1450 1628 verbum
1470 1570 1651 1642 excerpenda
1676 1585 1731 1642 pu·

79 1641 106 1734 0,
119 1631 292 1731 0100000001
311 1639 340 1686 00
358 1637 485 1686 000000
502 1629 631 1727 0000000
658 1631 723 1685 0000
747 1628 827 1728 00000
883 1660 953 1725 tavi,
969 1666 1001 1715 nt
1014 1659 1157 1730 liquidnm
1171 1658 1252 1716 lieret
1272 1660 1416 1730 quomodo
1430 1659 1532 1716 Petrus
1547 1661 1733 1730 impugnaret

79 1731 173 1778 00000
198 1734 227 1775 ¹¹¹
248 1719 363 1775 000000
395 1731 445 1816 000
469 1717 644 1816 0000000000
671 1718 828 1775 0000000
884 1748 969 1804 iidem
993 1748 1081 1804 Petri.
1104 1748 1198 1806 Nunc.
1219 1748 1312 1818 rigide
1337 1762 1446 1816 censor,
1474 1749 1580 1812 adesto,
1605 1747 1733 1804 etlldem

79 1819 161 1868 0000·
192 1810 353 1865 00000000
384 1809 477 1864 00000
509 1822 540 1864 ⁰⁸
567 1807 637 1864 ’000
664 1817 829 1877 00001000·
883 1837 962 1893 Petri
985 1837 1095 1893 sincero
1122 1839 1263 1908 perpende
1279 1837 1400 1907 jndicio.
1431 1836 1551 1892 Dixisti:
1571 1859 1581 1888 1
1600 1836 1664 1893 Non
1686 1835 1734 1892 de·

92 1901 221 1969 0000001
263 1901 332 1956 1000
369 1898 443 1966 00001
485 1898 641 1969 00010000
668 1897 827 1954 0000000·
885 1923 931 1980 bet
945 1925 1088 1999 retugium
1111 1925 1241 1980 invenire
1267 1926 1343 1995 apud
1366 1926 1459 1982 sedem
1476 1926 1562 1987 Petri,
1580 1925 1632 1994 qui
1649 1925 1733 1980 fidem

79 2000 154 2055 00001
185 1989 257 2087 1000
287 1988 384 2089 0οῙ001
423 1989 541 2088 0000001-
572 1987 722 2087 10000000
742 1989 828 2042 0010·
884 2013 1035 2085 impugnat
1058 2014 1142 2070 Petri,
1162 2035 1177 2062 »
1197 2016 1253 2068 lloc
1275 2030 1324 2084 per
1348 2030 1377 2071 se
1401 2015 1509 2072 dictum
1528 2015 1734 2086 1331131111-

79 2086 138 2135 ’000
165 2079 239 2143 0010
265 2078 379 2136 000000
405 2079 513 2149 (100000
543 2092 601 2134 000
628 2078 733 2147 0000001
759 2078 830 2134 000·
883 2112 925 2159 sci
938 2103 1069 2160 eminens
1084 2110 1111 2160 et
1134 2102 1266 2174 generale
1281 2118 1392 2161 verum.
1411 2104 1463 2160 Sed
1484 2106 1554 2175 quia
1572 2101 1733 2174 personali-

79 2169 90 2223 0
359 2261 364 2271 ι
883 2200 928 2248 ter
950 2190 1049 2247 dixisti
1072 2192 1107 2248 de
1130 2192 1223 2258 Petro,
1249 2193 1388 2250 convinco
1414 2202 1439 2249 te
1455 2194 1561 2249 sentire
1588 2189 1735 2247 contraria

79 2264 194 2345 0100000
214 2259 722 2383 00010000311000010000000001
883 2293 961 2337 1111.
990 2280 1052 2337 Non
1074 2281 1150 2335 eniin
1178 2282 1277 2336 Petrus
1305 2282 1404 2353 arguit
1420 2282 1515 2350 iidem,
1540 2280 1576 2337 ad
1603 2279 1688 2351 cujus
1702 2279 1735 2335 li-

79 2344 687 2468 md'r'ssusseffrffi'ssfgessmffrasgggtl-Zuss‘oussgn’
883 2383 968 2469 neam
988 2369 1175 2470 vitam'suam
1191 2369 1583 2470 111113111111111311111111111
1599 2384 1616 2425 a
1630 2366 1735 2469 Christi

81 2476 113 2536 is,
131 2477 155 2527 ,g
171 2474 293 2538 mandas,
309 2475 334 2525 si
347 2475 386 2525 sic
398 2470 519 2525 decernis
535 2471 688 2538 apenditia·
886 2468 1026 2528 portione,
1044 2472 1129 2529 cuius
1148 2472 1177 2513 se
1193 2466 1251 2513 tain
1266 2458 1415 2515 humiliter
1437 2466 1587 2527 insignivit
1607 2471 1733 2513 nomine.

79 2560 104 2598 m
114 2560 197 2613 penes
216 2545 362 2598 arbitrium
384 2549 434 2609 est,
446 2549 471 2596 et
486 2543 528 2595 iiis
542 2550 567 2595 ct
586 2557 681 2596 norma
692 2542 828 2611 loquendi.
886 2547 1007 2602 Deberet
1021 2561 1090 2618 ergo
1105 2546 1250 2619 retugium
1274 2548 1352 2618 apud
1376 2548 1471 2604 sedem
1492 2547 1567 2603 Petri
1591 2546 1733 2614 iuvenire,

90 2656 231 2713 uuquam,
248 2643 315 2698 lesu
337 2640 421 2705 bone,
442 2639 534 2710 culpa·
552 2644 611 2696 tarn
626 2653 714 2696 caecos
729 2641 831 2699 babuit
886 2635 909 2691 si
923 2650 982 2691 non
998 2634 1138 2692 illecebrae
1162 2636 1204 2691 tui
1219 2636 1327 2706 eloquii
1353 2635 1525 2692 clausissent
1546 2635 1657 2691 viscera
1684 2633 1734 2688 nii-

81 2746 104 2800 s,
121 2738 153 2787 ut
171 2746 229 2786 uon
253 2729 392 2800 utrinque
416 2741 510 2784 cansae
533 2727 623 2784 latera
646 2730 829 2799 ventilarent,
885 2723 1045 2780 aerioordiae
1069 2724 1205 2780 Romanae
1229 2724 1373 2781 Ecclesia.
1403 2724 1467 2792 Sed,
1496 2724 1565 2780 dum
1595 2732 1626 2779 tn
1653 2723 1735 2778 Petro

79 2821 257 2890 uinquam
286 2817 463 2889 potissimum
493 2827 603 2887 partem
628 2818 677 2889 jus
706 2828 873 2891 vergente
891 2811 1048 2868 clementia
1075 2812 1181 2868 ostium
1207 2813 1344 2880 obstruis,
1380 2819 1524 2883 conceptae
1549 2810 1677 2868 vesaniae
1698 2810 1737 2867 si·

79 2909 159 2965 rent‘l
173 2909 232 2976 isti,
258 2907 363 2964 clausis
377 2906 477 2974 oculis,
495 2906 613 2977 palpant
633 2910 792 2981 negotium,
807 2920 836 2972 et
891 2909 1015 2973 guanter
1034 2899 1169 2971 impetum
1187 2901 1291 2971 prodis.

86 2997 193 3054 oculati
219 3010 315 3053 rerum
331 2995 494 3067 cognitores
519 3009 590 3052 arcu
615 2997 835 3068 iniquitatisin·
925 2999 977 3054 llic
1000 2996 1129 3064 tortasse,
1157 2997 1288 3068 inquies:
1307 2997 1428 3054 «Nimia
1456 3010 1540 3067 snper
1566 3011 1611 3053 me
1625 2996 1739 3053 lacessit

93 3087 219 3143 toxicum
244 3087 340 3142 subito
352 3085 530 3157 jaculantur.
548 3083 704 3156 Quidquid
726 3089 835 3147 intesti-
891 3087 1010 3158 injuria.
1031 3086 1115 3142 chus
1136 3087 1238 3143 domus
1259 3086 1306 3143 liei
1331 3087 1453 3143 comedit
1478 3100 1530 3150 me,
1552 3099 1585 3142 eo
1600 3085 1677 3154 qnod
1701 3084 1739 3140 le·

79 3176 190 3231 diorum
213 3177 302 3241 inror,
329 3175 473 3246 quidquid
496 3175 687 3244 implacabilis
702 3180 835 3237 amentiae
889 3191 942 3247 pra
970 3177 1235 3233 insanmdocssrinae
1264 3177 1423 3232 macularet
1452 3189 1556 3245 corpus
1592 3172 1736 3229 Ecclesiae.

95 3270 200 3318 rotaret
216 3263 246 3317 in
269 3265 396 3327 Petrum,
412 3265 555 3334 quidquid
574 3263 676 3334 iniqua
697 3268 835 3325 oonllaret
889 3263 1134 3322 Ciiiobvianduin
1152 3264 1256 3335 inipso
1279 3265 1375 3321 statim
1397 3262 1534 3334 nequitiae
1555 3263 1663 3318 semine
1686 3275 1737 3331 pu·

79 3351 138 3417 itio,
163 3363 291 3405 censurae
327 3351 489 3418 apostolicae
523 3351 653 3408 sobrium
681 3369 834 3426 nunquam
889 3354 961 3422 tivi,
981 3367 1017 3408 ne
1033 3352 1088 3409 late
1102 3362 1226 3423 serperet
1243 3354 1289 3408 vis
1312 3352 1425 3409 veneni.
1454 3352 1553 3408 Nonne
1569 3359 1653 3405 caule
1673 3364 1740 3406 con·

82 3450 140 3494 tare
154 3438 254 3494 debeat
280 3451 413 3492 acumen.
442 3436 495 3491 Sed
514 3437 596 3493 lacile
611 3440 706 3495 devint
720 3456 737 3497 a
749 3445 835 3513 justi·
889 3442 1022 3512 sciteque
1037 3442 1092 3512 egi,
1119 3441 1196 3511 quod
1218 3441 1324 3496 loedum
1350 3440 1422 3497 illud
1437 3440 1671 3511 sacrilegumque
1685 3438 1739 3494 do-

79 3528 109 3583 ui
127 3528 194 3600 pius
211 3528 354 3582 bominem
370 3539 460 3595 quam
482 3526 572 3580 ileum
596 3523 673 3580 limet
690 3526 720 3582 in
735 3542 832 3584 eausa.
890 3543 956 3598 gina
972 3529 1100 3583 manuali
1122 3528 1248 3597 quodam
1274 3529 1399 3584 indiculo
1421 3529 1617 3599 comptissime
1632 3527 1740 3584 scilicet

79 3632 153 3688 nque
169 3617 239 3672 illud
261 3615 393 3685 estquod
415 3628 465 3684 per
480 3614 677 3683 propheticum
692 3631 835 3687 organum
890 3615 1016 3672 breviter
1040 3614 1206 3670 volentibus
1229 3614 1372 3685 attingere
1391 3612 1535 3671 summ'am
1558 3617 1610 3682 rei,
1638 3629 1737 3672 onero·

79 3722 83 3759 :
108 3706 189 3761 Omne
204 3708 288 3772 caput
312 3702 487 3773 languidum,
503 3719 521 3757 a
537 3703 637 3772 planta
656 3704 734 3774 pedis
749 3721 836 3776 usquc
889 3719 955 3761 sum
970 3711 1044 3761 esset
1060 3702 1102 3760 ire
1116 3717 1167 3773 per
1185 3703 1323 3773 spatiosos
1350 3703 1441 3759 saltus
1456 3704 1638 3759 voluminum
1655 3703 1739 3760 aba·

79 3796 174 3862 uicem,
195 3810 249 3849 non
264 3799 304 3848 est
317 3795 386 3865 ingo
402 3794 507 3847 sanitas
523 3792 592 3860 (iso.
609 3792 637 3860 i).
889 3793 974 3850 lardi.
991 3813 1005 3842 »
1030 3793 1072 3849 Ad
1093 3791 1154 3848 baec
1176 3806 1246 3863 ego:
1264 3812 1279 3842 i<
1296 3792 1394 3848 Laudo
1410 3799 1446 3858 te,
1462 3792 1556 3857 Pater,
1578 3791 1625 3847 sed
1642 3791 1672 3846 in
1686 3792 1740 3848 boc

88 3885 243 3956 corrigere,
261 3883 399 3953 inquiunt
420 3880 545 3937 lautores
568 3881 694 3952 abbatis,
717 3881 835 3941 Petrum
890 3896 948 3939 non
972 3879 1071 3938 laudo.
1099 3881 1264 3938 indiculum
1292 3882 1429 3951 vidimus,
1446 3881 1476 3937 in
1501 3894 1559 3951 quo
1579 3894 1637 3937 non
1664 3880 1740 3936 Petri

79 3979 107 4028 it.
132 3973 159 4029 Si
186 3973 313 4040 Petrum,
347 3971 421 4026 bone
448 3968 501 4038 vir,
530 3969 566 4026 ad
595 3969 742 4042 integrum
770 3971 835 4031 lidei
889 3969 1025 4042 dogmata
1050 3970 1099 4026 sed
1125 3970 1243 4026 nefandi
1271 3970 1424 4027 commenti
1448 3967 1575 4040 capitula
1605 3967 1739 4040 legimus:

79 4077 91 4116 n
118 4061 290 4131 disponebas
312 4073 457 4126 revocare,
480 4072 533 4116 our
556 4058 582 4115 ei
607 4072 704 4115 coram
728 4059 835 4129 populo
890 4060 967 4130 quod
992 4058 1099 4116 seilicet
1124 4060 1207 4115 Pater
1236 4059 1273 4115 sit
1303 4058 1518 4130 omnipotentia,
1549 4057 1740 4129 1111311113-

79 4165 98 4206 a
124 4150 306 4220 blasphemie
327 4150 521 4205 characterem
538 4147 744 4219 impingebas?
766 4148 837 4205 llur·
854 4130 957 4205 0113111
972 4149 1110 4219 potentia,
1127 4147 1252 4218 Spiritus
1270 4156 1389 4205 sanctus
1405 4148 1486 4205 nulla
1502 4148 1646 4217 potentia·
1661 4147 1740 4217 quod

78 4253 103 4307 e,
120 4239 144 4295 sl
166 4239 247 4295 Petro
271 4252 396 4294 amorem
422 4235 521 4308 populi
542 4237 670 4306 tollebas,
688 4236 833 4308 quomodo
892 4238 1015 4307 Spiritus
1029 4247 1158 4302 sanctus,
1180 4237 1244 4293 licet
1265 4237 1302 4294 sit
1325 4237 1455 4308 ejusdem
1479 4236 1648 4293 substantiae
1671 4250 1740 4294 cum

79 4343 129 4384 ere
167 4326 366 4398 disponebas?
403 4327 445 4382 Ex
479 4340 539 4398 qua
575 4325 774 4396 complexione
804 4325 833 4381 in
888 4327 972 4394 Filio,
988 4341 1047 4384 non
1076 4334 1172 4383 tamen
1195 4333 1237 4382 est
1260 4325 1295 4381 de
1321 4326 1423 4381 eadem
1450 4323 1630 4392 substantia3
1659 4321 1738 4393 qnod

81 4432 127 4473 ain
162 4417 306 4485 redigitur
330 4425 355 4472 te
382 4416 410 4472 iu
444 4416 559 4471 Petrum
594 4418 736 4471 exarsisse
774 4428 832 4471 non
888 4415 974 4472 bonio
1000 4415 1062 4471 sine
1087 4428 1165 4470 nova
1189 4413 1283 4485 gratia
1301 4415 1389 4484 possit
1415 4411 1641 4483 operaii3quod
1663 4411 1739 4466 Deus

79 4506 295 4572 >correctionis
321 4506 369 4562 sed
394 4505 568 4561 desiderium
597 4505 720 4575 proprie
747 4504 832 4561 ultio·
888 4519 945 4561 non
973 4503 1060 4574 possit
1094 4502 1158 4574 plus
1195 4503 1287 4558 lacere
1315 4516 1404 4573 quain
1436 4502 1513 4568 lacit,
1542 4515 1596 4556 uec
1631 4498 1735 4556 melius

79 4595 201 4652 *raeoiare
226 4596 334 4652 dictum
349 4595 610 4663 estaPropbeta:
637 4594 772 4662 Corripiet
791 4608 834 4647 mc
888 4593 1082 4664 tacerequam
1127 4592 1204 4659 lacit,
1234 4606 1287 4647 nec
1322 4591 1407 4647 aliter
1438 4591 1531 4648 lacere
1566 4604 1655 4661 quam
1700 4589 1739 4646 la·

96 4686 126 4737 iii
149 4684 337 4739 misericordia
359 4683 443 4754 (Psoi.
468 4687 546 4748 cxii.
574 4680 628 4738 Ubi
652 4682 728 4736 enim
757 4681 834 4736 deest
887 4685 941 4740 cit:
970 4682 1046 4752 niiod
1076 4682 1174 4737 anima
1200 4680 1303 4737 Christi
1331 4694 1389 4736 non
1428 4678 1574 4736 descendit
1601 4681 1637 4734 ad
1668 4678 1738 4734 inle-

83 4775 179 4829 cordia
203 4789 259 4830 non
282 4782 325 4829 est
346 4772 484 4828 correctio
506 4771 590 4843 justi,
616 4771 662 4826 sed
685 4769 834 4826 barbaries
887 4788 943 4829 ros.
962 4774 1067 4827 uacet
1089 4771 1147 4826 alia
1171 4769 1319 4826 indiculus
1347 4776 1416 4826 tuus
1443 4770 1581 4837 continet,
1611 4781 1739 4839 quornm

79 4863 131 4918 lita
161 4863 286 4933 tyranni.
314 4862 446 4918 Testatur
470 4861 555 4916 eliam
578 4872 729 4915 rancorem
745 4858 834 4914 animi
888 4862 1030 4932 quiedam,
1048 4859 1146 4925 lateor,
1168 4860 1269 4914 Petrus
1283 4866 1311 4916 et
1325 4858 1398 4914 dixit
1413 4867 1440 4914 cl
1455 4859 1586 4928 scripsit;
1603 4859 1737 4929 quaedam

79 4952 192 5021 epistola
228 4951 264 5007 ad
293 4951 493 5007 innocentium
526 4963 628 5019 papam
657 4949 775 5015 directa,
805 4949 834 5004 iu
888 4965 956 5008 vero
972 4964 1067 5020 neque
1092 4949 1210 5018 protulit
1227 4962 1321 5017 neque
1335 4948 1459 5017 scripsit.
1486 4947 1555 5010 Once
1585 4947 1739 5003 3111111111-

79 5041 111 5096 iio
138 5041 382 5096 stomachatum«
399 5039 462 5096 Non
492 5039 584 5106 debet,
616 5037 723 5107 inquit,
754 5035 832 5092 rein·
888 5036 971 5103 aerii,
989 5039 1097 5105 elque
1112 5050 1168 5090 non
1186 5034 1301 5102 dixerit,
1316 5044 1448 5106 etquam
1475 5033 1621 5091 Catbolica
1644 5041 1739 5092 mente

84 5131 214 5185 invenire
240 5131 316 5199 apud
338 5131 433 5185 sedern
459 5129 544 5194 Petri,
561 5126 613 5197 qui
633 5127 718 5183 sidem
742 5126 834 5194 impu·
888 5140 922 5181 ea
943 5139 1010 5195 qnae
1037 5124 1143 5179 dixerit
1171 5123 1301 5190 senserit,
1333 5125 1479 5181 secundus
1508 5122 1615 5193 arripit
1644 5122 1740 5191 operis

82 5220 201 5274 Petri.»
229 5219 336 5283 Parce,
356 5232 452 5289 parce,
481 5216 599 5275 bellator
630 5217 743 5287 inclyte.
770 5215 834 5272 Non
889 5223 1030 5270 tractatus
1055 5212 1220 5269 Cbrisiiana
1239 5214 1432 5284 disputatione
1452 5214 1586 5269 ardenter
1611 5219 1638 5267 et
1653 5210 1738 5281 impi-

93 5309 266 5364 monacbum
300 5308 341 5363 sic
378 5320 519 5378 pugnare.
548 5305 636 5364 Crede
669 5305 832 5363 Salomoni:
889 5318 939 5375 gre
953 5303 1120 5361 declarabit.
1148 5303 1220 5359 Nam
1247 5303 1314 5360 talia
1336 5311 1405 5359 sunt
1432 5315 1498 5373 quae
1534 5301 1608 5358 dilui
1634 5301 1739 5358 debent

79 5395 182 5471 inquit,
205 5398 322 5455 nimium
342 5412 400 5454 esse
420 5397 527 5468 jesias,
555 5412 590 5453 rie
609 5397 681 5465 torte
706 5393 834 5466 obstupi—
888 5399 978 5465 atqne
990 5390 1092 5460 retolli,
1112 5397 1146 5449 ut
1160 5405 1219 5450 non
1246 5390 1390 5450 immerito
1409 5389 1525 5463 proprio
1552 5395 1739 5450 reserrentur
