3736 5962
97 223 155 278 ’655

396 221 498 277 earm
517 192 699 276 ιιιιιιιιιι
719 218 795 275 ιιι.
815 216 904 275 rans
925 219 958 274 ιι.
976 247 1010 258 -
1024 193 1204 274 senueritis
1223 217 1266 273 er
1285 215 1407 273 opusc.
1427 215 1551 273 iscar.
1800 216 1849 270 ιιι

100 344 195 419 magis
216 347 393 412 extenditur,
419 345 545 416 amplius
567 345 635 402 mali
655 344 842 402 terreantur?
866 344 1157 410 Quoddilominum
1186 358 1223 400 ex
1261 343 1311 400 illa
1344 343 1453 423 injusta
1487 344 1607 411 actione,
1638 343 1777 416 quamvls
1811 357 1854 399 eos

102 436 255 508 diligenter
289 436 391 492 beatus
423 435 586 505 Stephanus
613 435 762 491 attendens
789 443 948 505 peccatum,

101 525 157 583 boc
171 533 222 593 est,
251 539 377 596 poenam,
394 538 483 595 qnam
508 524 646 580 tolerabat
667 537 684 579 a
706 525 822 592 ludaeis,
845 524 889 580 vel
921 523 949 579 id

102 614 181 686 quod
210 627 269 670 non
298 621 374 670 recte
402 613 537 684 agebant,
568 613 667 669 orabat
695 614 736 669 eis
768 627 826 669 uon
851 613 948 680 statui,

101 703 155 761 hoc
169 712 222 772 est,
237 710 354 773 propter
365 702 418 758 hoc
433 716 486 758 nec
502 702 688 772 corporaliter
699 701 807 772 puniri.

136 793 169 848 lu
195 791 250 848 hac
272 805 390 862 quoque
413 790 554 847 sententia
584 791 724 846 Dominus
749 790 852 857 iuerat,
883 804 949 846 cum

101 882 214 940 dicebat
230 897 236 936 :
255 883 346 948 Pater,
361 881 467 934 dimitte
480 880 536 934 iltis
556 880 631 950 (Luc.
654 894 736 948 xxru,
758 879 814 948 si),
841 878 869 934 id
896 887 948 947 est,

99 986 137 1028 ne
165 970 294 1027 vindices
321 970 350 1026 id
376 970 453 1039 quod
478 976 570 1037 agunt
605 970 633 1024 in
662 982 716 1036 me,
740 968 785 1024 vel
809 967 949 1037 corporali

99 1074 206 1131 poena:
233 1059 311 1131 quod
341 1059 459 1128 quidem
483 1057 545 1114 heri
569 1056 777 1112 rationabiliter
799 1063 902 1126 posset,
925 1057 948 1112 si

101 1148 183 1206 nulia
209 1148 295 1204 etiam
326 1148 411 1217 culpa
438 1160 540 1202 eorum
569 1145 766 1215 praecessisset,
795 1152 828 1201 ut
855 1146 949 1201 caeteri

101 1239 218 1306 scilicet,
249 1237 303 1293 hoc
329 1237 460 1292 videntes
482 1236 525 1290 vel
544 1234 597 1304 ipsi
611 1235 699 1291 etiam
715 1242 950 1305 recognoscerent

100 1341 138 1384 ex
158 1340 241 1397 poena
264 1340 294 1382 se
318 1340 376 1382 non
393 1333 466 1381 recte
485 1325 515 1379 in
531 1324 583 1379 hoc
598 1325 697 1395 egisse.
712 1327 747 1379 at
763 1338 831 1379 vero
851 1324 950 1379 Domi-

100 1431 172 1473 num
193 1416 310 1472 decebat
324 1415 379 1470 hoc
392 1429 452 1470 suae
462 1413 601 1469 orationis
609 1413 741 1483 exemplo
752 1427 804 1469 nos
824 1413 950 1468 maxime

101 1505 137 1561 ad
165 1504 311 1576 patientie
339 1503 477 1559 virtutem
502 1509 530 1560 et
563 1502 599 1558 ad
633 1516 753 1558 summae
792 1501 950 1558 dilectionis

1006 434 1169 505 ignorantia
1198 442 1317 489 excusat
1343 448 1359 489 a
1386 433 1482 504 culpa,
1511 447 1634 510 plenam,
1665 440 1698 489 ut
1728 432 1854 488 diximus

1005 522 1189 592 temporalem
1212 538 1269 578 non
1299 523 1532 578 irrationabiliter
1558 523 1706 579 incurrere
1730 528 1851 592 possent,

1005 620 1093 682 atque
1110 612 1173 669 ideo
1189 613 1300 669 dictum
1318 619 1377 667 est:
1395 612 1503 666 dimitte
1516 613 1584 682 ittis,
1607 610 1660 666 hoc
1684 618 1726 667 est
1740 625 1852 681 poenam

1005 715 1093 771 quam
1110 700 1187 767 hinc,
1212 708 1242 757 ut
1262 701 1401 769 diximus,
1424 714 1481 756 non
1503 698 1742 757 irrationabiliter
1758 699 1853 755 incur-

1004 803 1066 845 rere
1081 797 1204 859 possent,
1220 804 1257 845 ne
1273 789 1398 846 inieras?

1039 877 1119 934 Sicut
1145 863 1252 947 auiam,
1277 879 1357 948 quod
1382 877 1427 934 isti
1443 892 1493 948 per
1508 877 1702 948 ignorantiam
1718 882 1853 948 egerunt,

1005 967 1048 1023 ιιι
1079 968 1138 1036 ipsa
1168 969 1254 1023 etiam
1286 967 1448 1038 ignorantia
1474 974 1622 1037 peccatum
1645 966 1771 1035 proprie,
1802 965 1854 1035 hqe

1004 1063 1056 1122 est,
1075 1062 1256 1125 contemptus
1278 1055 1337 1122 bei,
1359 1070 1417 1111 non
1443 1055 1569 1111 dicitur:
1592 1056 1632 1110 ita
1656 1068 1709 1110 nec
1729 1052 1853 1110 infideli·

1004 1153 1057 1212 tas,
1081 1145 1217 1216 quamvis
1241 1145 1304 1215 ipsa
1334 1145 1493 1201 necessario
1523 1151 1637 1200 aeteruae
1654 1144 1720 1199 ιιιιι
1737 1141 1851 1199 aditum

1004 1233 1111 1289 adultis
1132 1234 1244 1289 ratione
1266 1233 1326 1303 jani
1353 1233 1501 1288 utentibus
1515 1230 1697 1288 intercludat.
1713 1231 1757 1286 nd
1773 1231 1852 1288 dam·

1003 1324 1149 1378 nationem
1178 1322 1288 1392 quippe
1321 1322 1427 1378 suliicit
1459 1321 1614 1393 Evangelio
1643 1335 1701 1377 non
1728 1319 1856 1388 credere,

1004 1411 1150 1468 Christum
1168 1410 1312 1483 ignorare,
1328 1400 1509 1466 sacramenta
1536 1410 1669 1467 Ecclesiae
1683 1423 1742 1465 non
1763 1409 1856 1466 susci·

1005 1513 1080 1571 pere,
1101 1499 1236 1570 quamvis
1260 1501 1311 1556 hoc
1340 1514 1397 1555 non
1420 1498 1501 1570 (tam)
1528 1514 1578 1569 per
1592 1499 1748 1566 malitiam,
1764 1512 1857 1570 quain

99 1593 307 1649 exhibitionem
329 1590 488 1658 exhortari,
509 1599 541 1647 ut
564 1591 643 1662 quod
658 1589 715 1660 ipse
734 1591 872 1647 docuerat
886 1603 951 1647 ver·
1005 1602 1055 1659 per
1068 1588 1265 1660 ignorantiam
1295 1588 1352 1643 tiat.
1382 1589 1422 1644 De
1450 1588 1589 1658 qualibus
1608 1595 1635 1645 et
1662 1588 1775 1644 Veritas
1789 1588 1855 1644 ait:

98 1681 145 1739 his
163 1694 225 1748 nos,
250 1680 382 1737 videlicet
404 1694 456 1750 pro
477 1679 602 1735 inimicis
627 1693 744 1749 quoque
765 1693 857 1748 orare,
883 1693 948 1750 pro·
965 1694 987 1748 g
1005 1678 1057 1744 Qui
1074 1693 1128 1732 aon
1152 1679 1249 1744 eredit,
1268 1679 1330 1748 jam
1342 1677 1485 1748 judicatus
1500 1681 1540 1732 est
1558 1677 1654 1749 (John.
1680 1691 1721 1743 ιιι,
1742 1677 1797 1747 ts).
1822 1676 1857 1732 ιιι

98 1769 162 1841 prio
183 1768 314 1838 exemplo
336 1767 418 1824 nobis
446 1766 595 1823 exhiberet
615 1765 646 1821 in
665 1781 758 1836 opere.
777 1765 858 1833 Quod
880 1781 948 1838 ergo
1003 1764 1171 1835 Apostolus:
1185 1769 1220 1820 iit
1235 1768 1284 1835 qui
1298 1768 1419 1835 ignorat,
1436 1765 1543 1836 inquit,
1561 1766 1736 1835 ignorabitur
1750 1765 1776 1835 (ι
1791 1766 1855 1822 cor.

21 1908 29 1929 ,
100 1857 195 1915 dixit:
221 1857 338 1924 dimitte,
364 1871 422 1913 non
446 1857 481 1911 ad
509 1855 625 1926 culpam
657 1855 874 1925 praecedentem,
902 1857 957 1936 ιιι,
1002 1867 1062 1922 ιιιι,
1079 1855 1136 1923 38).
1153 1853 1224 1909 Cum
1242 1862 1338 1911 autem
1359 1855 1490 1911 dicimus
1521 1854 1689 1925 ignoranter
1715 1868 1770 1911 nos
1793 1869 1858 1926 pec·

100 1954 295 2016 contemptum
317 1945 377 2013 Dei,
400 1959 486 2016 quem
503 1945 551 2000 hic
575 1944 724 2012 haberent,
740 1945 876 2014 respexit,
899 1945 947 2000 sed
1001 1957 1078 2010 care,
1095 1945 1214 2010 horest,
1232 1943 1287 1999 tale
1302 1943 1384 2014 quid,
1412 1944 1489 2015 quod
1510 1958 1567 1999 non
1588 1943 1723 1999 convenit
1750 1944 1854 2010 iacere,

101 2035 137 2093 ad
148 2037 288 2091 rationem
305 2035 460 2091 inlerendae
481 2048 581 2104 prenae,
598 2048 664 2105 quae
687 2048 744 2089 nou
767 2035 828 2089 siue
847 2048 945 2101 causa,
999 2047 1110 2104 peccare
1133 2046 1192 2088 nou
1210 2032 1240 2086 in
1260 2039 1434 2101 contemptu,
1457 2032 1506 2088 sed
1528 2032 1557 2086 in
1577 2031 1747 2103 operatione
1761 2032 1853 2089 sumi·

100 2128 134 2177 ut
160 2120 300 2186 diximus,
325 2119 464 2189 subsequi
488 2128 591 2189 posset,
623 2118 759 2189 quamvis
784 2119 870 2189 culpa
889 2132 946 2174 non
1001 2135 1075 2176 mus.
1093 2121 1166 2177 Nam
1190 2127 1216 2175 ιι
1240 2121 1403 2193 philosophi
1435 2134 1552 2191 peccare
1581 2121 1683 2176 dicunt
1710 2122 1852 2178 inconve-

100 2210 400 2280 praecessisset3sicut
427 2208 457 2263 in
479 2208 615 2278 propheta
632 2207 761 2278 contigit,
792 2208 854 2278 qui,
876 2221 947 2263 cou—
1001 2209 1240 2280 nienteraliquid
1262 2224 1312 2265 seu
1337 2210 1439 2278 dicere,
1469 2210 1606 2280 quamvis
1636 2209 1852 2267 illudnihilad

100 2305 146 2355 tra
176 2297 336 2354 Samariam
366 2297 479 2365 missus,
505 2297 679 2352 comedendo
700 2297 767 2366 egit,
789 2296 867 2365 quod
894 2297 947 2351 lio-
1001 2298 1203 2355 offensamllei
1228 2298 1363 2353 videatur
1392 2299 1544 2368 pertinere.
1571 2299 1652 2356 Unde
1682 2299 1847 2356 Aristoteles

101 2386 199 2443 minus
224 2387 428 2457 prohibuerat3
453 2387 481 2441 in
507 2399 565 2455 quo
589 2393 771 2441 tamencum
801 2385 872 2440 nihil
898 2398 948 2454 per
1001 2386 1030 2442 in
1046 2387 1082 2442 ad
1101 2387 1297 2456 aliquidcum
1317 2387 1350 2442 de
1377 2388 1479 2443 vitiosa
1508 2387 1697 2443 relativorum
1724 2387 1851 2458 assigna·

101 2476 151 2532 Ilei
165 2468 362 2545 contemptum
378 2482 574 2543 presumeret,
591 2474 639 2528 scd
654 2487 704 2543 per
719 2472 807 2530 alium
824 2474 948 2544 prophe·
1000 2475 1078 2531 tione
1098 2476 1273 2545 loqueretur,
1291 2475 1330 2531 ιιι
1347 2493 1353 2529 :
1377 2476 1415 2530 At
1438 2490 1499 2530 cero
1514 2477 1660 2544 aliquoties
1677 2491 1732 2530 non
1750 2475 1847 2531 videbi·

101 2571 159 2621 lam
183 2562 329 2634 decepluS,
352 2578 410 2619 nou
435 2569 495 2618 tam
517 2576 553 2618 ex
578 2570 660 2619 reatu
683 2562 777 2633 cuipae
802 2576 890 2632 quam
911 2575 947 2618 ex
1002 2569 1047 2619 tur
1063 2567 1191 2632 converti,
1207 2567 1262 2619 nisi
1278 2568 1473 2631 cottoenienter,
1493 2565 1533 2619 ud
1554 2565 1626 2634 quod
1644 2565 1760 2627 dicitur,
1783 2567 1846 2621 ussi·

99 2655 193 2724 operis
225 2654 434 2723 perpetratione
459 2652 623 2708 innocentia
661 2653 724 2722 ejtts
754 2660 875 2708 mortem
905 2651 947 2707 in·
1001 2659 1107 2723 geretur.
1140 2654 1260 2709 sienim
1287 2657 1377 2721 peccet
1403 2655 1437 2719 is,
1464 2655 1512 2722 qui
1535 2656 1670 2720 assignat,
1693 2658 1727 2706 ut
1756 2653 1849 2708 niuei

100 2743 202 2800 currit.
235 2745 303 2798 Deus
329 2743 445 2813 quippe,
471 2741 760 2798 utheatusmeminit
779 2740 945 2812 Gregorius,
1001 2745 1158 2811 assignetur
1184 2745 1254 2810 ociis,
1278 2757 1330 2796 non
1354 2743 1529 2807 conuertitur,
1551 2744 1638 2796 nteit
1657 2742 1716 2797 eois
1739 2741 1800 2798 ale.
1822 2741 1847 2797 Si

99 2847 294 2901 nonnunquam
313 2834 474 2886 sententiam
500 2835 598 2897 mutat,
627 2831 772 2884 consitium
790 2845 852 2884 cero
877 2845 945 2883 aun·
999 2845 1067 2902 ergo
1084 2831 1232 2888 istomodo
1256 2839 1406 2901 peccatum
1431 2831 1574 2898 dicamus,
1603 2845 1688 2887 omne
1705 2831 1785 2902 quod
1810 2829 1845 2887 ri·

100 2936 196 2987 quem
218 2922 272 2977 hoc
295 2918 441 2990 est,quod
461 2919 614 2988 praecipere
638 2919 682 2974 ιιι
701 2918 871 2974 comminari
890 2917 946 2973 ali·
963 2969 984 3024 C
1002 2920 1071 2975 tiose
1097 2920 1224 2991 agimus,
1256 2921 1298 2976 vel
1329 2928 1431 2977 contra
1459 2920 1581 2976 salutern
1616 2927 1747 2975 nostram
1768 2920 1848 2976 nabe

98 3010 204 3082 quade
218 3022 306 3066 causa
332 3008 468 3075 decrevit,
491 3007 609 3076 saepeid
639 3020 696 3062 non
717 3005 947 3075 impleredispo-
1004 3022 1076 3075 mus,
1107 3010 1208 3080 utique
1235 3016 1262 3065 et
1295 3009 1456 3076 infidelitas,
1484 3015 1512 3065 et
1545 3008 1710 3079 ignorantia
1736 3022 1844 3077 eorum,

98 3099 151 3155 nit.
170 3098 326 3156 Consilium
354 3109 421 3151 vero
447 3097 511 3165 ejus
535 3096 626 3150 lixum
643 3102 801 3163 pormanet,
817 3095 871 3151 hoc
894 3103 947 3160 est,
1002 3111 1069 3167 quae
1084 3098 1119 3153 ad
1136 3099 1259 3154 salutem
1279 3099 1354 3154 credi
1369 3112 1483 3154 necesse
1502 3105 1555 3164 est,
1576 3104 1692 3167 peccata
1707 3097 1844 3167 dicemus,

100 3187 232 3257 quadiu
257 3184 435 3256 praescientia
460 3198 512 3239 sna
540 3184 674 3254 disponit,
692 3192 725 3240 ut
752 3184 847 3250 iaciat,
875 3199 949 3239 nun·
1002 3187 1137 3256 quamvis
1153 3186 1190 3241 ibi
1214 3186 1315 3242 nullus
1330 3187 1377 3242 liei
1404 3194 1594 3257 comtemptus
1619 3187 1765 3244 videatur.
1784 3186 1845 3243 Pro

100 3289 190 3346 quam
205 3273 333 3329 cilicacia
353 3280 439 3329 caret.
462 3271 543 3328 Sicut
562 3286 629 3344 crgo
650 3273 679 3327 in
708 3272 855 3329 Abraham
874 3287 947 3343 prae·
1001 3274 1063 3345 prie
1079 3281 1173 3331 tamen
1189 3282 1338 3345 peccatum
1358 3275 1430 3331 illud
1455 3275 1511 3332 dici
1528 3275 1666 3342 arbitror,
1691 3275 1769 3345 quod
1784 3289 1846 3332 nus

99 3372 216 3434 ceptum
245 3362 279 3418 ιι
306 3360 501 3417 immolatione
526 3360 587 3427 illii,
619 3362 664 3417 ιιι
695 3363 946 3418 comminationem
1001 3378 1089 3434 quam
1105 3364 1166 3420 sine
1182 3365 1266 3434 culpa
1293 3364 1461 3436 contingere
1484 3371 1584 3435 potest.
1614 3364 1753 3435 ignorare
1781 3378 1845 3421 vero

99 3452 130 3508 in
144 3452 281 3510 Ninivitis
305 3450 411 3507 iactam
435 3464 492 3506 non
520 3450 619 3518 tcuuii,
635 3458 662 3505 et
691 3451 742 3518 sic,
760 3457 791 3506 ut
806 3450 945 3520 diximus,
1000 3452 1103 3518 Deum,
1119 3451 1163 3508 vel
1185 3466 1241 3507 non
1257 3453 1282 3508 ιι
1303 3453 1428 3521 ιιιιιιι,
1447 3453 1491 3509 ιιι
1516 3465 1604 3523 opera
1618 3451 1689 3522 ipsa,
1708 3465 1776 3523 quae
1791 3465 1846 3507 nou

98 3543 270 3598 sententiam
295 3539 443 3596 mutarit:
475 3539 513 3596 ita
541 3539 699 3609 praedictus
724 3540 873 3610 propbeta,
899 3542 945 3597 cui
1000 3540 1172 3609 recteilunt,
1191 3541 1288 3596 multis
1310 3541 1371 3598 sine
1400 3542 1488 3611 culpa
1516 3547 1633 3611 possunt
1662 3540 1801 3596 accidere.
1820 3538 1845 3595 si

97 3631 286 3701 prohibuerat
307 3628 454 3685 comedero
476 3630 505 3684 in
532 3629 589 3696 via,
619 3629 725 3684 mutari
749 3630 812 3700 ejus
833 3638 946 3686 senten·
1000 3630 1067 3701 quis
1081 3631 1157 3686 enim
1180 3629 1337 3701 Evangelio
1363 3629 1408 3686 ιιι
1425 3629 1538 3685 Christo
1559 3644 1618 3685 non
1653 3629 1755 3695 credit,
1777 3628 1845 3700 quia

98 3720 315 3788 tiamcredidit,
335 3727 364 3775 et
392 3731 421 3775 ιι
450 3717 572 3774 maxime
602 3717 780 3788 delinquere,
807 3721 830 3775 si
855 3721 945 3776 alium
998 3719 1163 3791 praedicario
1192 3719 1349 3790 adipsum
1375 3734 1433 3775 uon
1462 3717 1635 3789 pervenerit,
1664 3719 1750 3789 jarxta
1775 3716 1844 3774 illud

96 3808 266 3880 prophetam
286 3822 344 3865 non
373 3806 495 3876 audiret,
521 3807 572 3878 qui
596 3821 625 3863 se
648 3807 683 3863 ad
711 3808 764 3863 hoc
793 3810 945 3866 ailomino
999 3807 1146 3878 Apostoli:
1177 3807 1316 3873 Quomodo
1348 3808 1456 3863 credent
1485 3813 1519 3872 ei,
1547 3823 1625 3874 quem
1652 3823 1706 3862 aon
1734 3807 1844 3863 audim-

97 3901 171 3955 mitti
186 3898 340 3965 asserebat,
363 3905 395 3954 ut
419 3898 483 3968 ejus
499 3896 696 3953 lassitudinem
720 3898 848 3954 reliceret
871 3900 943 3956 cibo.
998 3901 1088 3953 runi?
1103 3899 1235 3968 quomodo
1248 3903 1338 3952 autem
1353 3898 1467 3952 audient
1485 3899 1543 3952 sine
1558 3897 1845 3967 praedicantelillom.

96 3986 215 4059 Absque
231 3987 316 4057 culpa
339 3985 429 4057 igitur
445 3985 584 4050 hoclecit,
601 3989 703 4055 inquo
721 3987 836 4057 culpam
853 3988 945 4045 vitare
999 4003 1028 4054 x,
1048 3987 1101 4056 ιι.)
1122 3987 1191 4050 Οιιιι
1213 3987 1280 4043 hinc
1305 3986 1329 4042 ei
1357 3987 1440 4056 culpa
1472 3990 1564 4056 potest
1587 3987 1740 4057 assignari,
1770 3985 1845 4057 quod

96 4075 232 4144 decrevit,
258 4090 311 4130 nec
339 4075 366 4130 ei
395 4087 472 4129 mors
493 4074 642 4143 repentina
670 4076 778 4142 nticuit,
799 4091 885 4146 quem
908 4077 944 4134 ab
998 4090 1056 4131 non
1081 4076 1196 4132 eredit?
1215 4076 1278 4132 Non
1307 4077 1441 4133 credebat
1465 4075 1614 4132 Cornelius
1635 4075 1665 4130 in
1685 4074 1844 4143 Christum,

95 4164 234 4220 aerumnis
248 4164 315 4220 vitae
340 4163 487 4233 presentis
504 4162 646 4231 liberavit,
664 4172 691 4219 ιι
710 4163 809 4220 multis
829 4165 864 4220 ad
883 4180 945 4236 pro·
998 4164 1088 4221 donec
1104 4165 1205 4221 Petrus
1217 4165 1252 4220 ad
1265 4180 1332 4221 eum
1351 4165 1456 4221 missus
1470 4165 1504 4221 de
1518 4164 1572 4221 hoc
1584 4165 1678 4235 ipsum
1695 4162 1845 4232 instruxit,

95 4251 253 4308 videntium
286 4248 403 4320 profuit,
435 4264 502 4306 curn
529 4251 644 4322 justum
671 4252 712 4306 sic
738 4252 855 4308 videant
883 4253 944 4310 sine
998 4255 1049 4324 qui
1062 4254 1196 4324 quamvis
1220 4261 1303 4311 antea
1328 4253 1392 4326 lege
1416 4242 1542 4311 naturali
1558 4255 1648 4310 ileum
1664 4268 1847 4325 recognosce

63 4405 68 4415 Ι
94 4339 181 4410 culpa
193 4338 302 4411 puniri,
320 4346 348 4395 et
373 4339 443 4395 iilud
462 4340 490 4394 in
512 4353 545 4395 eo
572 4339 684 4410 impleri
702 4341 778 4411 quod
793 4340 859 4396 alibi
885 4342 943 4396 lio-
999 4352 1041 4399 ret
1056 4351 1145 4414 atque
1166 4342 1309 4415 diligeret,
1337 4358 1374 4399 ex
1394 4357 1453 4414 quo
1470 4346 1576 4401 meruit
1596 4345 1630 4399 ιι
1644 4344 1775 4401 oratioue
1793 4356 1845 4401 sua

92 4429 173 4486 mino
189 4428 318 4485 dicitnr:
347 4430 483 4496 anneus,
504 4429 738 4497 camicetensis,
760 4430 836 4498 iuste
850 4433 944 4484 omnia
996 4431 1141 4500 exaudiri,
1163 4440 1191 4489 ot
1217 4435 1273 4489 lieo
1294 4441 1425 4504 acceptas
1448 4433 1642 4504 eleemosynas
1665 4432 1784 4500 habere,
1808 4441 1846 4490 ia·

93 4518 229 4589 disponis,
253 4533 314 4573 cum
343 4533 403 4573 eum
429 4532 546 4591 quoque,
575 4519 624 4588 qui
651 4534 705 4573 non
730 4518 807 4574 debet
835 4521 941 4589 puniri,
997 4535 1062 4578 men
1079 4522 1104 4578 si
1117 4535 1183 4578 euru
1199 4530 1266 4578 ante
1282 4522 1367 4578 iidem
1383 4523 1488 4580 Christi
1504 4524 1538 4580 de
1554 4524 1607 4579 hac
1623 4522 1686 4578 lucc
1706 4521 1846 4594 migrasse

92 4610 250 4665 coridemnes
266 4607 331 4680 (δι).
356 4607 545 4676 condemnas,
563 4608 668 4680 inquit,
694 4609 730 4665 ad
748 4617 866 4665 mortem
882 4624 941 4665 uon
996 4611 1182 4683 contingeret,
1211 4626 1266 4683 neq
1292 4626 1400 4683 aquam
1415 4602 1454 4670 ‘ei
1483 4613 1574 4670 vitam
1603 4611 1770 4681 promittere
1794 4626 1845 4669 au·

92 4698 509 4769 eternamsetleorporalem.
539 4697 618 4755 Sicut
644 4697 721 4754 enim
747 4698 808 4754 sine
832 4700 941 4756 meritis
995 4699 1138 4767 daremus,
1162 4707 1423 4772 quantumcunque
1456 4701 1531 4758 bona
1563 4713 1649 4771 opera
1678 4700 1742 4771 ejus
1770 4701 1845 4758 vide

90 4790 226 4847 nonnulli
246 4788 408 4856 salvantur,
432 4795 464 4843 ut
493 4787 619 4859 parvuli,
644 4794 671 4843 et
697 4786 756 4843 sola
783 4788 877 4858 gratia
900 4789 941 4842 vi·
994 4797 1106 4854 rentur,
1134 4803 1188 4846 nec
1214 4804 1281 4845 euru
1310 4789 1455 4861 fidelibus,
1484 4790 1533 4847 sed
1563 4790 1655 4861 magis
1678 4788 1844 4846 inildelibus

89 4885 148 4934 tarn
169 4886 367 4948 assequuntur
388 4883 546 4932 aeternam:
576 4875 616 4931 ita
631 4889 689 4931 non
716 4874 877 4931 absurdum
897 4884 940 4933 cst
993 4892 1278 4945 connumerarcmns,
1307 4887 1537 4951 quantocunque
1570 4880 1665 4936 studio
1682 4879 1788 4936 salutis
1802 4894 1844 4936 es·

89 4968 247 5024 nonnullos
277 4981 377 5037 poenas
406 4964 568 5036 corporales
594 4965 746 5033 sustinere,
777 4978 851 5035 quas
880 4980 938 5022 nou
993 4976 1034 5025 ιιι
1055 4977 1221 5039 occupatus.
1252 4969 1380 5040 abyssus
1405 4971 1512 5041 qnippe
1541 4969 1633 5025 multa
1652 4969 1704 5024 liei
1729 4968 1842 5039 iudicia

88 5063 270 5124 meruerunt,
301 5057 375 5113 sicut
403 5060 431 5112 et
457 5054 840 5126 deparrulisconstatsinc
864 5055 938 5127 bap·
992 5058 1365 5129 sunt,quinonunnquam
1389 5058 1573 5126 reluctantes,
1606 5058 1651 5114 vel
1680 5057 1780 5115 minus
1808 5058 1842 5115 de

87 5144 165 5200 tisoni
188 5147 282 5217 gratia
309 5145 462 5212 defunctis,
489 5145 633 5216 quitum
663 5143 815 5215 corporali,
846 5158 936 5214 quam
991 5147 1083 5204 salute
1108 5161 1162 5204 sua
1187 5147 1323 5204 solllcitos
1347 5149 1456 5217 trahit,
1484 5156 1511 5205 et
1536 5163 1566 5204 sc
1593 5146 1769 5215 oderenes,
1797 5149 1843 5205 ιιι

88 5240 195 5291 aeterna
221 5241 311 5290 morto
327 5234 515 5302 damnantur,
543 5234 674 5291 etmulti
701 5235 787 5291 etiam
803 5234 936 5290 innocen·
991 5238 1026 5293 ad
1046 5237 1222 5294 credendum
1247 5238 1404 5307 paratiores
1433 5237 1660 5308 profundissimo
1689 5235 1840 5307 dispensa·

87 5328 130 5379 tes
143 5320 327 5395 aiiliguntnr.
353 5323 427 5391 Quid
444 5325 542 5396 itaque
557 5327 675 5393 mirum,
693 5324 717 5381 si
734 5323 936 5396 crucifigentes
989 5325 1077 5383 tionis
1092 5340 1153 5384 sue
1176 5326 1295 5384 consilio
1310 5327 1430 5398 respuit.
1451 5326 1497 5382 Sic
1515 5327 1594 5384 enim
1617 5325 1702 5382 illum
1726 5339 1755 5382 se
1771 5323 1840 5382 olle·

123 5446 180 5522 (82)
195 5447 303 5505 'laxius
315 5448 391 5507 male
403 5449 554 5507 citatusab
567 5448 729 5510 abaelardo.
744 5449 783 5518 is,
797 5447 863 5521 Sap.
880 5462 933 5508 xu.
989 5449 1134 5520 disponis:
1154 5452 1247 5521 ipsum
1267 5466 1381 5522 queque,
1404 5455 1454 5519 qni
1470 5467 1524 5508 aon
1549 5450 1627 5509 debet
1648 5450 1757 5525 pochi,
1775 5464 1838 5509 cm·

89 5524 132 5592 lh,
162 5522 203 5578 sic
229 5518 329 5578 habet:
355 5521 422 5578 Cum
448 5535 512 5589 erpo
540 5523 579 5578 sie
608 5520 713 5592 jacim,
742 5520 818 5591 juste
843 5523 935 5578 omnio
988 5520 1117 5578 demeare
1130 5528 1252 5580 aeterum
1263 5526 1382 5581 estimes
1396 5539 1414 5580 a
1428 5529 1476 5581 tun
1489 5525 1600 5580 uirtute.
