3804 5962
127 179 193 234 illi
392 172 698 230 scintillantem
716 170 793 231 ΟΡΡ.
813 171 903 230 PARS
921 173 969 229 tlt.
986 201 1021 215 -
1032 170 1258 229 rueotoulca
1276 170 1322 227 tir
1343 169 1605 229 Pultosoetilci.
1803 173 1859 227 lili
1878 166 1900 212 ¹¹

125 299 249 357 tuendas
262 304 462 367 susceperunt,
479 295 559 353 miris
575 303 637 366 post
659 296 720 352 haec
733 309 800 352 eum
815 295 934 365 perinde
948 308 982 352 ac
1005 295 1163 352 Heloissam
1179 294 1315 351 laudibus
1330 293 1464 358 eiierunt,
1480 305 1514 350 ao
1537 293 1644 350 sanctis
1669 293 1743 363 ipsis
1757 299 1858 351 utrum·
1898 317 1902 327 ,

127 385 184 443 que
198 370 255 427 iere
268 372 431 440 exaequant.
448 370 481 424 dt
496 376 607 437 quanta
630 367 717 424 tuerit
735 368 889 437 utriusque
911 366 1048 423 sanctitas
1062 380 1097 422 ex
1120 379 1222 422 eorum
1238 365 1364 435 epistolis
1380 364 1462 421 tacile
1487 364 1581 436 colligi
1608 371 1710 435 potest.
1735 363 1772 421 Et
1796 373 1858 422 certe
1896 399 1899 408 ι

126 446 268 513 quantum
293 441 328 495 ad
354 439 509 495 lleloissam
532 438 666 508 pertinet,
689 439 750 494 haec
772 438 834 510 ejus
858 437 947 493 verba
967 451 1004 492 ex
1026 436 1144 507 epistola
1168 437 1204 492 ad
1232 436 1415 492 Abaelardum
1440 435 1537 492 deceni
1562 443 1625 506 post
1652 434 1858 492 conversionem
1899 450 1901 453 ’

127 511 225 568 saltem
252 511 337 566 annis
361 511 469 579 scripta
490 523 548 565 non
565 507 770 565 abominetur:
788 530 802 558 «
823 508 882 563 Etsi
904 510 1004 565 uxoris
1019 522 1124 564 nomen
1149 508 1278 563 sanctius
1302 521 1336 563 ao
1360 506 1484 562 validius
1511 506 1637 572 videtur,
1661 506 1779 562 dulcius
1800 506 1858 562 mibi

126 595 238 652 semper
251 582 361 637 exstitit
376 582 476 636 arnieae
492 580 676 647 vocabulum,
693 587 744 635 ant
766 580 789 634 si
813 593 870 635 non
893 579 1063 648 indignaris,
1080 579 1249 634 concubinas
1272 578 1315 634 vel
1341 577 1460 633 scorti...
1479 578 1569 633 licum
1591 584 1691 633 testem
1716 578 1858 641 invocari
1898 583 1901 588 '

125 667 170 710 me
193 658 343 720 august-us
362 652 496 708 universo
520 652 675 720 praesidens
696 650 804 706 mundo
829 650 1004 706 matrimonii
1033 650 1140 705 honore
1163 651 1344 720 dignaretur,
1372 656 1523 717 totumque
1544 648 1615 703 mihi
1637 649 1740 703 orbern
1765 647 1857 703 condr-
1883 646 1886 721 j

125 731 217 782 maret
233 723 447 792 possidendum,
463 722 581 779 charius
606 722 676 777 mihi
698 730 726 777 et
749 721 866 791 dignius
885 721 1033 777 videretur
1049 728 1098 776 tua
1120 720 1175 775 dici
1198 721 1344 785 meretrix,
1361 733 1450 789 quarn
1466 719 1544 774 illius
1558 719 1742 788 imperatrix.
1758 739 1773 767 o
1789 719 1823 774 lii
1834 719 1858 775 iii
1884 732 1887 753 ¹

127 794 184 851 alia
198 793 232 849 ad
248 793 378 848 eumdem
395 793 536 862 epistola:
557 794 614 847 «ln
630 792 708 847 omni
724 798 830 858 autem,
847 793 922 847 [leus
936 793 998 859 scit,
1023 793 1090 846 vitae
1113 804 1182 846 meae
1209 799 1297 857 statu,
1322 799 1349 845 te
1372 790 1464 856 magis
1487 789 1583 845 adhuc
1604 788 1761 855 offendere,
1781 801 1860 857 quani
1884 756 1888 813 ¹

126 866 218 922 Deum
233 878 344 930 vereor,
359 863 410 919 tibi
426 863 538 933 placere
553 863 677 932 amplius
691 877 779 932 quam
797 864 848 933 ipsi
874 870 983 932 appeto.
1000 863 1061 918 Tua
1080 875 1125 917 me
1147 862 1182 915 ad
1199 860 1345 930 religionis
1369 860 1499 916 habitum
1516 874 1572 915 non
1597 859 1698 915 divina
1720 859 1809 914 traxit
1822 859 1860 914 di·

126 936 218 993 lectio.
246 955 256 982 ι
288 934 338 990 Sed
366 949 460 1004 neque
486 942 638 1059 postquam
668 933 854 989 paraclitensi
882 933 1053 988 monasterio
1082 933 1233 1001 preposita
1260 932 1323 998 luit,
1352 932 1525 987 severiorem
1554 931 1663 1001 regulae
1685 929 1861 1000 disciplinam

126 1007 226 1063 saitem
251 1004 281 1059 in
306 1006 385 1060 victu
406 1014 534 1060 secutam
573 1006 658 1070 uisse,
675 1019 777 1060 verum
802 1003 914 1059 mollem
931 1004 1050 1058 omnino
1068 1004 1159 1058 vitam
1183 1003 1302 1057 duxisse
1327 1003 1396 1058 satis
1420 1002 1528 1057 indicat
1544 1002 1574 1056 in
1598 1000 1656 1056 alia
1678 1002 1714 1056 ad
1735 1001 1860 1057 eumden
1888 1006 1890 1021 '

127 1076 308 1133 Abaelardum
324 1076 453 1145 epistola,
472 1076 599 1132 scribens
615 1077 642 1130 iii
667 1077 727 1131 baec
743 1074 831 1130 verba
848 1090 855 1129 :
872 1097 885 1125 η
907 1074 981 1129 Satis
995 1081 1099 1129 nostiae
1114 1072 1351 1129 essc.inlirmitati
1375 1081 1401 1128 et
1424 1072 1587 1128 maximum
1612 1070 1753 1140 imputari
1778 1072 1860 1136 debet,

127 1149 151 1205 si
176 1146 356 1203 continenter
381 1161 415 1201 ac
439 1146 500 1201 sine
524 1147 699 1216 proprietate
726 1145 862 1211 viventes,
887 1151 915 1200 et
937 1145 1039 1200 ciliciis
1064 1151 1209 1212 occupatae
1237 1142 1353 1208 divinis,
1372 1143 1446 1208 ipsos
1468 1142 1597 1198 Ecclesiae
1623 1143 1710 1198 duces
1736 1139 1783 1197 vel
1806 1141 1860 1197 reli-

126 1219 220 1290 giosos
236 1217 323 1273 laicos
340 1218 368 1271 iii
382 1217 462 1274 victu
478 1217 674 1286 adaequemus.
693 1237 707 1265 »
723 1217 768 1272 Ex
788 1216 896 1286 quibus
911 1222 988 1285 patet
1011 1228 1073 1270 eam
1099 1215 1298 1285 religiosorum
1315 1213 1454 1269 laicorum
1480 1214 1507 1268 in
1524 1213 1601 1268 victu
1616 1214 1677 1268 vita
1693 1220 1861 1279 contentam,
1892 1190 1898 1319 ί

127 1301 240 1345 omnem
266 1287 457 1355 asperitatem,
486 1301 552 1355 quae
575 1297 670 1343 tamen
695 1295 858 1357 peccatores
887 1288 1057 1356 penitentes
1083 1285 1171 1348 decet,
1197 1285 1342 1352 abiecisse.
1368 1285 1434 1339 llaec
1457 1298 1525 1339 sane
1550 1284 1703 1340 referimus
1730 1296 1789 1339 non
1810 1297 1862 1353 qiio

131 1359 272 1484 Heloislsoe,
288 1373 377 1484 queam
394 1359 528 1415 nonnulli
543 1359 720 1430 martyribus
741 1358 811 1414 satis
834 1359 929 1429 inepte
945 1364 1123 1426 comparant,
1139 1356 1392 1412 iamaedetractnm
1417 1355 1453 1410 iri
1468 1355 1601 1421 velimus,
1628 1355 1677 1411 sed
1701 1368 1740 1410 ne
1766 1353 1862 1410 vitium

125 1444 142 1486 a
184 1443 216 1485 ro
237 1442 285 1484 are
299 1443 328 1484 vi
350 1443 461 1485 camur.

144 1444 333 1555 piratarum
349 1507 459 1556 mutato
482 1499 583 1555 habitu
607 1514 657 1555 cor
683 1513 740 1556 non
755 1499 890 1563 mutavit,
908 1496 981 1552 idem
1006 1497 1036 1553 in
1058 1496 1183 1553 claustro
1208 1495 1260 1565 qui
1287 1495 1429 1552 lucratio
1453 1495 1568 1563 saeculo,
1591 1494 1702 1565 ubique
1722 1494 1865 1567 inquietus

127 1584 218 1626 novos
234 1569 290 1626 sibi
302 1570 404 1626 aseivit
418 1571 548 1626 aemulos.
563 1570 620 1641 ipsi
636 1571 659 1625 si
681 1569 836 1634 credimus,
858 1574 920 1624 erat
945 1567 1061 1624 abbatia
1078 1567 1126 1623 illa
1146 1567 1182 1622 ad
1210 1580 1297 1636 quam
1323 1582 1352 1622 se
1375 1566 1544 1633 contulerat,
1565 1588 1575 1615 ι
1601 1566 1752 1622 saecularis
1774 1565 1862 1621 adnio·

126 1642 196 1697 dum
209 1641 277 1696 vitae
291 1648 379 1710 atque
400 1641 583 1711 turpissimae,
600 1641 685 1711 cuius
700 1640 798 1707 abbas,
816 1654 874 1710 quo
888 1641 1000 1695 caeteris
1015 1638 1179 1708 praelatione
1194 1638 1297 1706 major,
1319 1645 1398 1693 tanto
1414 1638 1472 1692 vila
1487 1638 1619 1702 deterior,
1645 1647 1735 1708 atque
1750 1636 1862 1692 inlainia

126 1712 241 1767 notior:
259 1726 386 1781 quorum
402 1713 517 1782 quidem
539 1711 732 1768 intolerabiles
756 1711 910 1780 spurcitias
926 1710 1092 1780 frequenter
1107 1716 1194 1778 atque
1219 1709 1403 1764 vehementer
1425 1708 1508 1764 modo
1531 1708 1679 1777 privatim,
1704 1707 1793 1763 modo
1810 1720 1860 1778 pu-

125 1782 198 1839 biiee
213 1783 402 1854 redarguens,
421 1783 581 1839 »omnibus
602 1797 632 1839 se
654 1789 911 1850 onerosumetque
936 1781 1066 1836 odiosum
1092 1778 1193 1835 eiiecit.
1210 1778 1279 1844 Quae
1303 1779 1420 1848 quidem
1440 1779 1462 1833 si
1489 1792 1558 1834 vera
1572 1787 1677 1844 essent,
1702 1777 1790 1846 longa
1803 1777 1859 1833 cnl-

89 1888 92 1892 ·
126 1852 249 1923 pabilior
273 1853 343 1908 loret
364 1853 542 1919 abaelardus,
564 1854 614 1923 qui
639 1854 712 1909 inter
734 1859 774 1909 tot
797 1859 825 1907 et
849 1859 905 1906 tani
930 1850 1082 1906 dissolutos
1104 1849 1259 1904 monachos
1287 1850 1385 1904 vivere
1415 1849 1574 1918 delegisset,
1597 1849 1706 1907 Verum
1733 1847 1788 1904 etsi
1810 1861 1859 1903 non

125 1925 242 1981 omnino
257 1924 355 1980 stricta
371 1923 441 1979 lorte
456 1924 564 1995 vigeret
578 1925 607 1978 in
626 1925 798 1979 monasterio
811 1922 906 1978 Sancti
922 1920 1047 1991 Dionysii
1063 1920 1226 1989 disciplina,
1243 1920 1368 1975 inustam
1386 1920 1439 1989 ipsi
1460 1920 1496 1975 ab
1522 1919 1673 1976 Abaelardo
1698 1919 1793 1975 labeni
1806 1919 1861 1989 jani

126 1993 238 2050 dudum
260 1994 393 2050 abstersit
413 1995 542 2050 Andreas
566 1994 706 2051 Chesnius
730 1995 759 2050 in
783 1994 858 2049 notis
881 1993 917 2049 ad
944 1992 1099 2047 Historiam
1122 1991 1294 2046 calamitatis
1318 1992 1390 2060 ejus,
1417 1990 1467 2045 nbi
1494 1990 1670 2046 demonstrat
1690 2004 1752 2045 non
1777 1988 1862 2045 multo

126 2073 192 2120 ante
206 2065 348 2120 adamum
364 2065 458 2121 Sancti
478 2067 607 2134 Dionysii
623 2066 767 2131 abbatem,
788 2063 996 2120 monasterium
1020 2062 1091 2118 illud
1117 2062 1152 2117 ad
1179 2063 1325 2129 puriorem
1350 2061 1466 2132 ltegulae
1493 2060 1676 2131 disciplinam
1698 2066 1861 2116 revocatum

126 2133 214 2191 fuisse
229 2137 389 2192 ministerio
415 2138 506 2192 sancti
534 2136 663 2192 Odilonis
693 2136 807 2191 abbatis
835 2133 1042 2199 Cluniacensis,
1066 2131 1211 2213 egregiam
1237 2131 1335 2186 lldami
1365 2132 1393 2187 iii
1426 2146 1567 2201 pauperes
1586 2131 1779 2205 charitatem,
1801 2130 1861 2200 pie-

127 2212 212 2261 tatem
229 2214 256 2259 et
270 2206 404 2261 allectum
420 2209 482 2276 ejus
497 2221 567 2277 erga
581 2207 670 2262 divini
683 2207 779 2262 cultus
794 2206 930 2260 honorem
941 2213 968 2260 et
983 2203 1233 2272 amplificationem
1259 2202 1360 2270 probat
1374 2217 1409 2258 ex
1425 2202 1672 2272 chartisejusdem
1686 2200 1861 2258 monasterii.

162 2275 246 2329 Circa
260 2274 331 2330 illud
347 2284 461 2346 tempus
479 2277 646 2332 Abaelardus
671 2277 822 2346 theologiae
846 2284 1001 2332 tractatum
1025 2275 1064 2330 De
1087 2275 1197 2330 unitate
1222 2279 1249 2327 et
1264 2273 1390 2328 trinitate
1413 2273 1594 2329 scholaribus
1618 2273 1680 2328 suis
1694 2275 1860 2340 composuit,

126 2345 273 2424 erroribus
297 2346 424 2414 plenum,
448 2362 533 2416 quern
559 2347 595 2402 ab
622 2346 755 2403 Alberico
778 2354 805 2402 et
833 2345 954 2402 Rodulio
978 2346 1160 2401 hemensium
1183 2343 1346 2399 scholarum
1369 2344 1513 2414 magistris
1536 2345 1565 2399 in
1592 2344 1714 2399 concilio
1739 2341 1861 2399 Snesaio

127 2428 210 2468 neiisi
226 2414 362 2478 delatum,
387 2431 454 2471 mox
479 2417 536 2486 igni
554 2417 720 2473 damnatum
749 2417 873 2486 propriis
896 2416 955 2485 ipse
970 2416 1105 2471 manibus
1124 2417 1154 2471 in
1170 2414 1302 2469 llammas
1323 2415 1461 2482 proicere
1483 2414 1582 2484 jhssus
1605 2424 1656 2471 est.
1674 2413 1820 2470 Reversus
1834 2413 1859 2466 in

126 2485 341 2564 monasterium,
361 2501 450 2541 novos
475 2487 549 2542 inter
575 2488 676 2544 iratres
703 2488 840 2542 excitavit
866 2487 1019 2546 tumultus.
1043 2487 1190 2542 occasione
1215 2485 1343 2554 llionysii
1368 2430 1582 2541 &orinthiorum
1614 2485 1751 2553 episcopi,
1778 2497 1858 2555 quein

127 2568 193 2610 cum
219 2556 351 2625 Dionysio
375 2558 546 2628 areopagita
560 2560 692 2614 eumdem
716 2558 783 2614 lacit
799 2558 882 2613 Beda.
900 2557 1087 2612 hincansam
1103 2555 1225 2625 arripuit
1252 2555 1336 2611 honio
1358 2555 1423 2626 jugi
1447 2556 1597 2624 impatiens
1623 2556 1658 2611 de
1685 2553 1858 2610 monaserio

127 2633 209 2681 nocte
224 2626 344 2682 latenter
367 2628 546 2698 aulugiendi,
563 2644 615 2685 nec
637 2637 788 2686 revocatus
808 2630 844 2685 ab
866 2628 969 2684 abbate
990 2628 1157 2698 persuaderi
1177 2626 1268 2695 potuit
1292 2634 1324 2683 ut
1352 2629 1463 2682 rediret.
1489 2626 1590 2682 Paucis
1607 2633 1669 2696 post
1693 2625 1798 2681 diebus
1816 2625 1856 2678 de-

127 2695 225 2752 functo
256 2697 363 2752 adamo
393 2713 459 2754 eum
484 2700 667 2755 successisset
691 2700 838 2769 sugerius,
863 2706 1038 2769 urgeretque
1062 2697 1253 2756 abaelardum,
1278 2698 1368 2752 ulad
1393 2699 1598 2753 monasterium
1626 2703 1793 2760 reverteret,
1817 2694 1859 2749 ille

126 2767 370 2848 tamlamicoruni,
386 2784 474 2840 quam
490 2770 585 2826 saeculi
603 2778 772 2839 potestatum
803 2771 968 2826 interventu
996 2768 1097 2836 eiieeit,
1115 2776 1146 2824 nt
1161 2767 1276 2823 tandem
1292 2768 1381 2823 abbas
1398 2769 1565 2823 lacultatom
1582 2767 1607 2822 ei
1623 2766 1790 2838 indulgeret
1805 2778 1860 2820 mo·

126 2840 376 2918 nastioevivendi,
404 2855 463 2896 non
491 2840 754 2912 ubicunquolocus
781 2841 807 2897 ei
836 2847 998 2909 competens
1015 2846 1187 2904 occurreret,
1205 2845 1236 2891 ut
1259 2839 1388 2905 petierat,
1418 2840 1465 2895 sed
1481 2838 1516 2893 ad
1543 2851 1753 2907 quamcunque
1782 2835 1861 2891 vellet

126 2909 309 2964 solitudinem
326 2910 505 2978 transeundi,
535 2911 690 2967 dummodo
709 2910 784 2966 nulli
798 2926 827 2966 se
841 2910 964 2966 abbatiae
981 2910 1160 2980 subjugaret.
1184 2908 1295 2976 Optatis
1325 2910 1454 2980 gaudens
1476 2909 1677 2964 paraclitensis
1692 2906 1860 2964 monasterii

127 2979 157 3035 in
169 2981 298 3035 Trecensi
310 2981 423 3036 dioecesi
437 2981 625 3037 fundamenta
638 2982 719 3051 jacit.
736 2982 888 3037 coniluunt
904 2980 939 3034 ad
955 2994 1021 3035 euni
1037 2981 1166 3049 undique
1180 2978 1323 3046 discipuli,
1341 2980 1585 3050 solitudinemque
1600 2980 1684 3049 quasi
1700 2994 1730 3033 tlt
1759 2976 1859 3033 urbeiii

126 3057 306 3130 convertunt.
341 3052 445 3108 Factus
468 3058 564 3119 postea
579 3053 669 3108 abbas
696 3051 830 3107 lluiensis
855 3051 1019 3106 monasterii
1041 3050 1168 3106 dioecesis
1187 3049 1355 3106 venetensis
1374 3051 1403 3104 in
1429 3051 1578 3106 Britannia
1603 3050 1765 3113 armorica,
1796 3062 1858 3104 cum

127 3119 167 3176 ibi
184 3120 329 3175 incidisset
349 3142 363 3169 α
388 3121 417 3174 ἰη
432 3120 610 3177 Christianos
623 3129 650 3177 et
665 3123 820 3177 monachos
848 3121 984 3191 gentibus
999 3121 1083 3190 longe
1101 3121 1233 3176 saeviores
1248 3128 1334 3190 atque
1351 3120 1469 3189 peiores,
1490 3143 1500 3168 »
1526 3121 1657 3177 abdicata
1691 3118 1858 3190 praefectura

127 3189 157 3245 in
172 3191 337 3246 Trecensem
353 3190 537 3246 solitudinem
558 3205 691 3248 reversus
719 3199 769 3247 est.
787 3191 941 3247 hlouacbos
959 3191 1098 3247 Rnienses
1122 3190 1275 3247 teterrimis
1302 3192 1446 3247 coloribus
1465 3191 1593 3261 depingit
1607 3189 1788 3253 abelardus,
1805 3203 1857 3244 non

126 3261 220 3329 magis
234 3260 404 3339 credendus,
420 3274 507 3330 quam
528 3277 595 3317 curii
614 3263 759 3319 adamum
781 3262 910 3318 abbatem
937 3261 1097 3386 fratresque
1124 3262 1367 3327 sandionysianos
1395 3262 1571 3331 turpissimae
1596 3264 1662 3317 vitae
1685 3259 1855 3316 diliamavit.

126 3329 224 3398 Longe
237 3331 422 3386 verisimilius
436 3338 479 3386 est
493 3346 560 3386 euni
576 3340 654 3389 tanto
671 3341 813 3389 terrarum
835 3332 986 3389 intervallo
1007 3345 1024 3387 a
1057 3332 1222 3389 ilectissima
1241 3333 1369 3389 lleloissa
1382 3334 1500 3402 suisque
1526 3332 1627 3388 amicis
1641 3332 1771 3400 separari
1786 3343 1857 3398 aegre

127 3398 274 3479 terentem,
290 3401 416 3456 Roiense
429 3404 635 3482 nionasterium
661 3404 828 3459 deseruisse.
846 3405 926 3458 Certe
947 3417 1014 3458 cuin
1039 3417 1071 3458 eo
1089 3412 1213 3472 ternpore
1241 3404 1379 3474 sugerius
1394 3404 1482 3459 abbas
1494 3403 1589 3458 Sancti
1605 3403 1733 3472 Dionysii
1750 3401 1857 3457 sancti-

125 3469 264 3524 moniales
278 3484 320 3551 ex
334 3472 500 3542 argentolio
517 3482 631 3544 propter
646 3474 842 3542 impudicitias
855 3473 1024 3543 expulisset,
1040 3480 1073 3528 ut
1088 3476 1242 3533 monachos
1258 3477 1301 3529 sui
1328 3475 1492 3530 monasterii
1520 3474 1624 3530 ibidem
1648 3475 1853 3535 institueretis

127 3552 157 3596 re
171 3544 415 3598 suaexistimavit
435 3543 616 3605 Abaelardus.
647 3545 791 3611 Heloissae,
807 3559 874 3616 quea
888 3554 957 3600 tunc
973 3544 1003 3600 in
1023 3541 1062 3598 llr
1082 3546 1232 3602 entoliensi
1252 3547 1425 3601 monasterio
1454 3545 1596 3613 priorissae
1621 3543 1751 3601 olicinrn
1782 3555 1857 3599 exer·

126 3609 217 3691 ocbat,
233 3611 498 3682 eiusquesororum
529 3615 743 3672 necessitatibus
770 3615 927 3686 providere.
943 3616 973 3671 ld
1003 3559 1082 3684 quoi
1096 3617 1236 3684 praestitit,
1261 3631 1328 3672 cum
1345 3616 1689 3671 lluiensemonasierium
1715 3615 1855 3678 descrens,

125 3694 174 3738 eas
190 3694 218 3735 in
234 3683 335 3766 cellain
351 3697 433 3740 suam
451 3686 680 3752 paraclitensem,
696 3700 784 3758 quam
807 3686 864 3742 illis
891 3700 958 3742 cum
980 3685 1116 3756 adjuncto
1139 3689 1263 3744 oratorio
1276 3687 1424 3752 concessit,
1441 3687 1564 3757 excepit,
1581 3687 1766 3743 donationem
1797 3697 1858 3740 core

126 3751 259 3808 drmante
271 3768 404 3824 episcopo
418 3755 560 3823 Trecensi,
576 3760 632 3813 imo
647 3759 732 3813 etiam
742 3772 856 3813 summo
875 3757 1007 3827 pontillce
1023 3759 1186 3815 innocentio
1197 3762 1234 3816 ll.

162 3823 455 3904 Hactenusacalamo
470 3835 678 3897 temperaverat
703 3829 950 3896 Abaelardus,aut
971 3828 1087 3900 siquid
1115 3829 1185 3886 torte
1213 3828 1376 3899 scripserat,
1406 3827 1444 3884 ab
1468 3827 1627 3893 erroribus,
1652 3826 1704 3897 qui
1730 3823 1855 3881 Suessio-

125 3905 207 3974 nensi
224 3908 253 3949 in
267 3896 386 3977 concilio
411 3895 541 3954 damnati
558 3900 681 3965 inerant,
698 3899 886 3956 abstinuerat.
903 3901 936 3955 dt
960 3898 1010 3954 ubi
1036 3915 1093 3967 eos,
1110 3914 1182 3967 quos
1195 3910 1265 3957 tunc
1281 3912 1383 3970 passus
1404 3899 1498 3954 luerat
1513 3898 1707 3960 adversarios,
1727 3893 1859 3952 esaeoulo

125 3976 264 4045 migrasse
278 3967 491 4035 animadvertit,
523 3969 648 4039 amplius
668 3985 698 4025 se
723 3970 854 4026 cohibere
877 3983 933 4025 non
950 3971 1081 4037 potuit«
1108 3971 1254 4028 Emortuis
1281 3970 1386 4040 quippe
1414 3969 1634 4039 omnibuspene
1653 3967 1794 4024 doctrinas
1818 3980 1858 4022 ec·

125 4033 289 4114 clesiasticae
305 4038 459 4108 magistris,
472 4061 486 4089 »
502 4041 598 4110 inquit
616 4040 786 4097 Guillelmus
809 4041 898 4096 abbas
921 4039 1017 4098 Sancti
1035 4041 1210 4107 theodorici,
1227 4067 1241 4089 »ι
1258 4040 1342 4111 quasi
1377 4039 1406 4094 in
1435 4053 1558 4095 vacuam
1581 4038 1793 4109 rempublicam
1816 4037 1863 4091 Ec-

125 4103 218 4161 clesiae
231 4106 414 4174 domesticus,
429 4111 544 4167 irruens
558 4111 704 4177 inimicus,
721 4112 869 4180 singtilare
882 4110 936 4166 sibi
952 4111 980 4165 in
1000 4125 1034 4168 ea
1050 4111 1247 4182 magisterium
1274 4109 1398 4180 arripuit
1414 4126 1420 4163 :
1437 4124 1525 4181 agens
1540 4111 1570 4165 in
1586 4110 1737 4179 Scriptura
1751 4108 1860 4169 divina,

125 4177 202 4244 qnod
217 4190 302 4248 agere
319 4179 427 4236 solebat
442 4183 471 4235 in
485 4181 644 4249 dialectica,
662 4180 791 4252 proprias
804 4182 1032 4251 adinventiones,
1058 4196 1173 4239 annuas
1188 4183 1341 4244 novitates,
1365 4193 1466 4236 censor
1495 4181 1569 4249 tidei,
1593 4195 1651 4236 non
1676 4179 1861 4250 discipulus3

125 4247 303 4329 emendator,
318 4263 375 4305 non
394 4252 527 4308 imitator.
546 4273 560 4302 »
576 4252 650 4308 Casu
676 4263 773 4309 autem
790 4252 919 4323 contigit,
941 4259 974 4307 ut
998 4253 1072 4311 idem
1099 4252 1270 4309 Guillelmus
1284 4251 1421 4307 incideret
1448 4251 1642 4307 iniectionem
1659 4250 1747 4306 libelli
1763 4253 1860 4320 cujus·

125 4314 193 4372 dam
214 4317 338 4375 bominis
369 4320 447 4376 illius
472 4323 732 4379 cuitituluserat:
760 4325 903 4392 Theoloqio
927 4325 1002 4378 Petri
1026 4325 1177 4391 Abaelordi',
1208 4335 1376 4394 quemcum
1400 4322 1499 4379 titulus
1525 4323 1672 4379 curiosum
1701 4318 1862 4377 iecissetad

125 4384 290 4512 legendum,
307 4390 406 4459 aliqua
430 4393 549 4458 invenit,
584 4408 649 4464 quae
673 4394 769 4463 ipsum
792 4408 849 4450 non
867 4408 971 4464 parum
1003 4403 1162 4463 moverent,
1192 4409 1226 4450 ea
1250 4392 1371 4458 notavit,
1388 4401 1415 4448 et
1431 4407 1483 4449 cur
1512 4400 1658 4450 moverent
1682 4392 1861 4449 subnotavit.

126 4476 141 4506 α
183 4471 219 4514 uo
232 4468 329 4541 autem
341 4470 424 4542 erant
439 4470 509 4519 tunc
526 4463 615 4520 libelli
631 4464 705 4519 idem
722 4478 795 4534 pene
813 4465 1002 4533 continentes,
1019 4489 1033 4516 »
1049 4465 1144 4534 inquit
1163 4464 1342 4527 Guillelmus,
1361 4482 1375 4511 «
1405 4464 1461 4520 nisi
1485 4464 1563 4534 quod
1586 4464 1615 4519 in
1631 4462 1722 4519 altero
1737 4463 1863 4535 plus-in

124 4526 213 4584 allero
238 4532 505 4600 minusaliqnando
536 4535 723 4592 inveniretur.
755 4555 769 4585 e
800 4535 858 4591 Hos
884 4535 944 4591 suis
973 4548 1040 4592 cum
1065 4535 1324 4601 observationibus,
1339 4534 1393 4590 hoc
1406 4544 1448 4591 est
1462 4549 1528 4591 cuni
1544 4534 1717 4590 relutatiooe
1731 4545 1861 4589 errorum

124 4611 197 4679 quos
221 4610 373 4669 repererat,
391 4603 426 4658 ad
448 4606 640 4661 venerabilem
664 4605 841 4661 Gaulredum
868 4605 1032 4675 episcopum
1061 4606 1266 4663 carnotensem
1281 4615 1308 4661 et
1323 4605 1503 4662 Bernardum
1530 4607 1663 4663 abbatem
1688 4603 1862 4662 Claraevallis

124 4677 212 4736 misit,
229 4678 261 4751 ut
275 4685 311 4726 ex
323 4686 424 4729 eorum
438 4674 567 4745 lectione,
583 4691 621 4732 an
642 4682 716 4732 recte
730 4675 824 4745 ipsum
835 4678 1000 4744 movissent,
1017 4676 1130 4734 lacilius
1143 4677 1303 4748 dijudicare
1313 4683 1437 4745 possent.

161 4740 251 4797 Lectis
266 4757 397 4825 errorum
421 4747 565 4815 capitulis,
589 4746 742 4804 exhorruit
765 4747 938 4807 Bernardus.
963 4748 1165 4818 rescripsitque
1186 4747 1221 4804 ad
1236 4746 1422 4804 Guillelmum
1445 4747 1474 4802 iii
1501 4746 1563 4802 heo
1581 4745 1694 4802 verba:
1720 4764 1736 4793 κ
1756 4744 1863 4801 ilotnro

124 4818 253 4868 vestrum
271 4820 298 4869 et
310 4822 422 4884 yustum
435 4817 532 4888 judico
553 4826 581 4873 et
604 4817 809 4874 necessarium.
838 4817 936 4874 Sedet
960 4818 1083 4875 otiosum
1114 4834 1174 4874 non
1202 4833 1274 4883 esse,
1301 4825 1442 4873 monstrat
1471 4817 1587 4873 libellus
1617 4817 1744 4873 tundens
1766 4821 1796 4872 et
1813 4815 1863 4871 ob·

124 4886 240 4938 struens
254 4898 285 4939 os
300 4884 481 4955 loquentium
496 4888 627 4959 iniqua.»
648 4889 688 4944 Ne
696 4896 792 4945 tamen
808 4895 953 4945 auctorem
965 4890 1057 4960 ipsum
1075 4898 1179 4946 temere
1192 4889 1324 4961 judicare
1338 4888 1577 4955 videretur,diem
1593 4886 1750 4944 Guillelmo
1761 4885 1865 4942 indixit

122 4960 184 5041 post
208 4955 403 5027 paschaque
426 4958 512 5014 simul
540 4959 737 5028 convenirent,
764 4960 958 5031 legerentque,
987 4968 1075 5031 atque
1100 4963 1237 5017 attentius
1265 4959 1466 5016 examinarent
1499 4959 1642 5015 abelardi
1668 4957 1862 5030 Theologiam.

123 5038 256 5107 euinque
281 5041 318 5082 ex
337 5028 436 5085 sedula
463 5029 603 5087 librorum
622 5031 685 5102 ejus
709 5030 830 5087 lectione
851 5031 932 5086 virus
957 5030 986 5085 in
1012 5032 1053 5087 eis
1074 5040 1241 5088 contentum
1275 5029 1538 5098 deprehendissent,
1574 5030 1738 5085 Bernardus
1760 5028 1864 5084 «solita

124 5094 251 5154 bonitate
274 5106 302 5154 et
319 5099 497 5170 benignitate
525 5102 691 5158 desideraris
716 5115 843 5158 errorem
860 5100 976 5171 corrigi,
1004 5101 1149 5158 hominem
1176 5116 1234 5157 non
1257 5101 1407 5163 conlundi,
1434 5111 1543 5156 secreta
1564 5100 1647 5156 illum
1671 5099 1864 5155 admonitione

123 5169 266 5250 convenit.
292 5168 364 5225 Cum
378 5186 437 5241 quo
458 5172 545 5229 etiam
571 5181 629 5229 tani
651 5173 776 5229 modeste
793 5181 910 5243 tamque
927 5171 1135 5229 rationabiliter
1161 5175 1230 5242 egit,
1261 5179 1293 5227 ut
1309 5172 1356 5227 ille
1370 5185 1488 5242 quoque
1503 5178 1694 5240 compunctus
1717 5170 1755 5225 ad
1775 5171 1864 5241 ipsius

121 5237 275 5320 arbitrium
289 5249 487 5322 correcturum
502 5257 531 5299 se
551 5244 727 5312 promitteret
743 5244 877 5299 universa
889 5241 1022 5313 (itt-lde).
1040 5264 1053 5291 o
1074 5244 1138 5299 llaec
1159 5244 1312 5299 observare
1337 5256 1430 5312 operas
1448 5244 1572 5311 pretium
1597 5241 1661 5308 luit,
1678 5211 1709 5297 ui
1729 5247 1865 5311 appareat

121 5318 209 5389 quani
226 5320 378 5389 immerito,
394 5328 451 5368 imo
467 5328 557 5384 quani
572 5315 679 5386 injuste
693 5314 765 5371 Otho
776 5314 975 5387 prisengensis
997 5313 1143 5383 scripserit
1158 5314 1369 5371 sanctissimum
1392 5314 1526 5370 abbatem
1542 5335 1557 5363 e
1569 5320 1626 5368 tani
1642 5327 1680 5369 ex
1696 5311 1865 5370 Christiana

123 5375 272 5462 religionis
284 5379 396 5439 fervore
407 5383 679 5456 zelotypumqnam
693 5399 730 5442 cir
741 5384 931 5442 habitudinali
952 5385 1175 5442 mansuetudine
1186 5384 1398 5458 quodammodo
1414 5384 1560 5442 credulem
1577 5406 1592 5433 o
1616 5384 1707 5441 luisse
1727 5385 1757 5441 in
1781 5397 1867 5440 causa

124 5445 187 5503 xbl
205 5447 281 5507 ardi.
293 5450 347 5508 Sed
357 5454 405 5510 vir
419 5466 570 5527 arrogans,
587 5470 699 5529 suoque
729 5462 843 5513 tantuin
868 5454 985 5528 ingenio
1010 5455 1166 5526 conlidens,
1180 5463 1214 5515 ut
1228 5455 1285 5512 -vix
1307 5454 1345 5512 ad
1359 5456 1518 5514 audiendos
1541 5455 1695 5527 magistros
1709 5455 1747 5512 ab
1771 5454 1865 5513 altitu·

161 5573 287 5645 (aa-toul
302 5572 403 5632 Gautr.
415 5574 435 5632 l.
451 5590 482 5633 ni
500 5576 541 5635 De
554 5578 616 5635 vita
627 5578 655 5637 S.
671 5579 820 5648 Bernardi,
836 5593 901 5652 cap,
912 5582 938 5650 it,
954 5580 1115 5650 patrologia
1129 5587 1151 5642 t.
1161 5578 1318 5639 clxxxv.
