3736 5962
92 137 146 193 tlt
379 132 479 190 ruini
497 130 685 191 ABAELARDI
703 131 780 188 OPP.
801 128 891 186 PARS
909 127 946 184 n.
965 133 1000 171 -’
1018 128 1206 188 ὃΕιιιιΟΝΕὸ
1230 128 1273 184 E'l'
1295 125 1416 186 deusti.
1435 124 1556 186 ASCET.
1791 123 1844 177 ino

92 261 140 322 rit,
166 258 195 315 id
220 263 297 330 agat.
323 256 470 315 Sollicitus
498 257 534 313 de
556 263 654 313 nostra
682 254 774 312 salute
802 253 1039 314 noninusarre
1061 255 1169 327 quippe
1191 254 1325 326 legimus,
1356 252 1523 324 quodcum
1551 249 1614 306 viro
1643 248 1770 320 prolecta
1803 258 1846 305 est

92 362 152 406 non
174 347 268 404 tardat
284 347 402 417 inplere
421 345 606 417 promissum,
623 351 710 414 prout
732 343 814 400 uobis
831 342 943 413 judicat
998 345 1173 412 Bethlehem,
1190 352 1221 400 ιιι
1244 342 1423 413 persolvendi
1451 355 1554 397 cousus
1573 338 1692 395 Caesaris
1715 337 1844 408 suscipe·

93 436 299 496 necessarium.
316 436 432 493 Utinam
455 435 538 490 sicat
559 432 657 490 dalila
679 431 804 496 solliciti,
827 432 862 488 ad
879 431 944 489 obe·
997 442 1041 492 ret
1054 434 1169 505 legem:
1194 446 1228 488 ac
1250 431 1305 488 sub
1327 430 1376 486 illa
1400 430 1574 500 protectione
1598 441 1666 484 eum
1686 427 1726 483 ibi
1753 440 1845 482 mora·

95 527 233 585 diendum
243 525 305 582 sine
320 525 452 581 tarditate
465 537 593 580 mmmm
607 523 746 594 prompti!
994 530 1106 590 rentur,
1132 524 1194 593 ipsa
1208 523 1315 593 peperit
1330 520 1524 591 unigenitum.
1548 517 1602 585 Qui
1617 516 1703 573 etiam
1719 524 1847 586 postmo-

132 617 209 672 llisit
231 617 302 670 bens
336 614 437 667 Filiam
459 627 549 672 ment,
587 611 719 667 videlicet
744 611 835 666 Pater.
860 610 943 668 Pater
996 601 1139 671 dumnon
1159 612 1263 680 solun,
1287 619 1320 668 ut
1345 609 1521 671 dictumest,
1539 605 1672 678 legillei,
1695 604 1846 661 sedetiam

94 705 214 777 quippe,
238 704 313 760 siout
341 700 454 758 anullo
469 708 522 768 est,
539 700 580 757 sio
602 713 619 757 a
643 700 723 757 nullo
751 699 826 757 mitti
841 706 940 769 potest.
995 703 1051 774 legi
1073 703 1275 772 obtemperans
1294 699 1405 767 mundi,
1421 711 1540 755 causum
1564 694 1667 753 basan
1694 693 1845 765 persolvit,

95 794 187 852 Filius
200 806 279 860 varo,
300 790 344 848 vel
361 789 486 860 Spiritus
498 794 615 845 sauctus
629 788 667 844 ab
686 788 736 845 illo
748 787 821 844 mitti
836 787 872 843 ad
891 801 943 843 nos
996 806 1084 865 quem
1129 798 1157 848 et
1184 789 1347 861 persolvere
1383 792 1500 844 eaemros
1526 785 1688 853 admonuit,
1717 783 1842 839 dicens:

93 883 240 948 dicuutur,
278 893 344 936 oum
384 878 497 949 aliquid
529 891 581 948 pro
615 876 698 933 nobis
724 876 770 933 rel
805 876 834 932 iu
861 875 942 933 nobis
996 880 1187 946 Reddereque
1210 883 1277 934 sant
1303 878 1417 934 deseris
1440 877 1551 940 basori,
1576 879 1602 928 et
1624 889 1686 941 ona
1706 877 1772 928 aunt
1800 871 1847 925 Dei

95 979 188 1045 agunt
203 987 210 1026 :
224 969 304 1041 quia,
326 968 401 1025 sicut
422 967 459 1024 ab
484 967 545 1038 ipso
571 967 677 1023 babent
698 979 769 1035 esso,
793 965 883 1023 itaet
906 964 942 1021 ab
996 971 1051 1025 Deo
1066 968 1174 1037 (Metti.
1203 982 1272 1033 ιιιι,
1287 966 1345 1036 ιι).
1364 964 1509 1034 Scriptum
1536 964 1564 1019 iu
1590 961 1750 1018 llattlraeo:
1773 959 1846 1016 Cum

95 1062 157 1134 ipso
170 1060 248 1132 quod
273 1058 382 1115 iaciunt
410 1057 517 1114 babent
536 1057 638 1113 lacere.
668 1056 749 1121 Quod
771 1063 799 1112 et
814 1063 943 1127 patenter
997 1059 1134 1113 recusent
1158 1056 1361 1127 caphernaum,
1376 1056 1546 1108 accesserunt
1566 1055 1614 1118 qni
1629 1051 1777 1118 didragmo
1791 1051 1847 1103 eci

96 1150 185 1207 Filius
200 1158 257 1206 tarn
281 1148 316 1204 de
336 1149 396 1216 ipso
413 1142 510 1218 onam
535 1146 569 1202 de
588 1145 697 1216 spiritu
720 1144 880 1216 profitetur,
899 1144 942 1200 di·
996 1148 1096 1215 nebunt
1111 1145 1149 1201 od
1170 1147 1291 1212 Petrum,
1316 1143 1484 1199 redimerunt
1498 1162 1509 1197 .·
1524 1143 1657 1208 Magister
1680 1144 1768 1194 aester
1789 1155 1843 1193 nen

95 1239 225 1296 oens:A
252 1253 294 1293 me
321 1238 382 1307 ipso
407 1251 462 1293 rton
490 1237 587 1302 loquor
614 1235 658 1291 vel
681 1235 725 1290 :A
748 1250 790 1289 me
820 1238 880 1304 ipso
900 1235 944 1301 (o-
998 1236 1078 1291 solvit
1101 1231 1271 1302 didragmo?
1291 1233 1330 1288 At
1349 1232 1397 1286 ilie
1418 1251 1429 1286 .·
1450 1232 1553 1286 Etiam.
1575 1231 1610 1284 nt
1633 1244 1694 1284 carn
1712 1231 1844 1283 intrasset

95 1330 137 1384 ct'o
155 1328 226 1383 nibil
247 1328 338 1396 (loon.
373 1340 431 1392 xvr,
459 1327 512 1394 td).
542 1324 578 1380 ut
602 1338 719 1380 rursum
746 1324 781 1380 de
809 1322 941 1394 Spiritu:
996 1324 1307 1393 indomurn‚praeoertit
1324 1336 1385 1376 eam
1408 1322 1495 1387 lesus,
1519 1317 1720 1384 dicensrorn'd
1736 1317 1786 1371 tibi
1803 1322 1846 1370 ci·

95 1419 155 1475 Non
191 1418 262 1472 enim
294 1417 417 1483 loquitur
445 1432 461 1470 o
495 1417 638 1484 semetipso
669 1413 748 1484 (ibid.
786 1427 847 1480 ιιι,
889 1413 941 1483 lb).
998 1412 1089 1478 detur,
1119 1411 1234 1468 Simon?
1249 1425 1327 1479 reges
1351 1413 1430 1463 terre
1449 1407 1580 1477 equibus
1602 1407 1741 1474 occipiunt
1760 1404 1847 1457 tribn-

97 1505 193 1572 sinn,
209 1505 438 1577 inquit,l10cesl
454 1503 604 1575 proprium
616 1509 643 1559 el
657 1501 943 1570 consubstantialem,
998 1501 1114 1557 tanecel
1135 1513 1287 1565 aramma
1308 1499 1375 1567 tiliis
1390 1499 1448 1552 anis
1473 1512 1509 1551 on
1532 1494 1567 1551 ob
1591 1493 1711 1549 oliettisl
1739 1493 1778 1547 Αι
1803 1493 1848 1548 ille

96 1609 155 1651 uon
179 1593 358 1665 adoptivum.
380 1594 494 1649 Factam
518 1607 552 1647 ea
575 1592 696 1659 natiue,
713 1591 784 1662 quia
798 1599 944 1661 tempora·
999 1592 1093 1646 dicit:
1108 1589 1152 1644 Ab
1171 1590 1279 1644 olienis.
1303 1588 1384 1643 nteit
1404 1587 1448 1640 itta·
1469 1587 1571 1640 lesus:
1586 1586 1660 1652 bego
1682 1583 1762 1638 liberi
1784 1586 1848 1637 sent

95 1682 152 1738 lem
179 1681 339 1738 secundum
365 1679 587 1746 humanitatem,
612 1693 701 1751 quam
729 1678 885 1749 assumpsit
909 1678 944 1734 da
998 1681 1058 1751 alii.
1078 1661 1220 1735 litantem
1239 1693 1293 1732 non
1313 1675 1528 1733 scandalizemus
1552 1688 1605 1736 eor,
1629 1672 1847 1728 emendatore

96 1776 189 1828 matre
204 1769 255 1840 qui
279 1772 366 1825 natus
380 1772 438 1838 est3
459 1782 516 1824 non
539 1766 634 1825 laetus
655 1768 814 1825 monadum
830 1767 943 1824 aeterui·
998 1770 1110 1824 etmitte
1124 1769 1245 1823 bomem.
1261 1768 1297 1821 Et
1312 1766 1488 1835 campionem
1503 1765 1552 1831 qni
1568 1763 1677 1833 primus
1692 1761 1846 1817 oscendere

96 1866 195 1927 tatem,
211 1871 300 1929 quam
325 1857 412 1913 babet
435 1870 472 1913 ex
491 1858 583 1913 Patre.
608 1855 732 1924 Quidam
746 1856 801 1913 boc
819 1856 880 1913 loco
894 1869 944 1911 na·
998 1858 1061 1914 tolle
1088 1874 1095 1912 :
1119 1863 1145 1913 et
1168 1861 1262 1927 operto
1287 1871 1332 1910 ore
1352 1854 1422 1924 ejus,
1449 1855 1569 1908 incuties
1593 1855 1741 1907 staterem:
1769 1850 1847 1904 illam

90 1938 159 2004 'tum
182 1959 219 2002 ex
246 1945 368 2002 muliere
400 1945 607 2015 potiusquam
634 1943 741 2001 lactum
763 1958 801 2002 ex
824 1944 945 2001 muliere
998 1945 1171 2014 sumens,do
1192 1941 1606 2015 eispromeetproteillottlt.
1627 1955 1695 2007 ινιι,
1711 1942 1745 1994 25
1761 1940 1845 2011 sap).

96 2035 207 2093 dicunt.
224 2033 277 2090 Sed
299 2033 466 2104 diligentius
480 2033 633 2104 Apostolus
659 2033 767 2090 lactum
787 2047 877 2104 quarn
897 2046 946 2089 ua·
1034 2036 1108 2092 Beue
1123 2048 1190 2105 ergo
1206 2034 1299 2090 lactus
1322 2031 1378 2089 sub
1397 2032 1458 2103 lege
1474 2031 1591 2098 dicitur,
1609 2031 1661 2101 qui
1680 2043 1748 2086 cnm
1772 2028 1845 2084 nibil

96 2132 158 2181 tum
176 2124 229 2180 boc
244 2123 305 2180 loco
320 2123 403 2189 dixit,
419 2112 451 2179 ut
466 2122 542 2179 bane
556 2122 735 2179 nativitatem
751 2122 788 2178 ab
799 2121 859 2191 illa,
879 2136 945 2193 quaa
998 2124 1114 2195 penitus
1126 2122 1182 2194 legi
1198 2122 1323 2187 deberet,
1344 2120 1474 2191 sublege
1494 2127 1590 2176 tamen
1607 2127 1664 2175 tam
1689 2117 1739 2174 Dei
1758 2131 1848 2188 quatu

96 2213 131 2270 de
151 2213 233 2269 Patre
250 2219 303 2280 est,
328 2219 458 2282 patenter
481 2210 683 2282 distingueret,
708 2225 775 2268 enm
798 2224 861 2267 eam
876 2216 945 2266 teur-
1000 2212 1098 2269 saeculi
1119 2226 1178 2268 sese
1192 2209 1366 2277 humiliavit,
1388 2217 1416 2265 et
1440 2208 1544 2265 nitrum
1560 2208 1610 2264 Dei
1630 2207 1738 2277 pariter
1751 2214 1780 2262 et
1796 2207 1849 2262 bo-

97 2300 223 2373 poralem
247 2301 293 2357 his
308 2301 403 2357 verbis
421 2299 584 2356 ostenderet
612 2299 688 2356 Beda
707 2313 795 2370 super
813 2300 945 2355 Lucam:
999 2301 1086 2359 minis
1108 2309 1167 2358 tam
1192 2302 1248 2357 beo
1270 2314 1358 2370 quam
1385 2298 1495 2355 homini
1515 2312 1545 2355 se
1564 2297 1725 2369 perlegam
1748 2295 1849 2366 subje-

97 2390 196 2445 Beatns
210 2392 304 2443 venter
325 2389 374 2454 qni
388 2391 414 2441 te
434 2390 567 2456 portarit,
589 2394 643 2444 eto.
660 2387 739 2457 (bne.
754 2403 793 2456 ιι,
816 2390 873 2455 ιιι.
889 2386 945 2443 Ne·
1000 2392 1061 2448 cit:
1083 2406 1119 2448 ne
1138 2391 1205 2462 quis
1224 2388 1294 2446 lorte
1310 2402 1360 2458 per
1381 2387 1513 2444 elationis
1528 2387 1669 2454 timorem,
1686 2385 1849 2457 cujuscun-

97 2491 155 2549 ll¹¹0
172 2477 249 2533 enim
264 2475 400 2532 ὂῦᾱῑθΰᾶῑ
416 2475 544 2546 sumini
556 2475 708 2548 'figendum
724 2483 838 2547 putant,
849 2480 947 2530 nalum
1002 2496 1060 2553 oue
1078 2479 1224 2551 potestatis
1238 2484 1432 2535 contemneret
1457 2477 1662 2547 praelationem.
1684 2477 1765 2541 Ecce,
1789 2474 1848 2530 ira·

97 2582 132 2623 ⁶oe
157 2567 279 2632 muliere,
305 2567 410 2633 (aviliu
434 2565 484 2620 svb
500 2566 568 2634 1098,
588 2565 636 2622 sed
657 2568 761 2634 (eclam
775 2582 810 2621 en
822 2567 945 2620 merten
1001 2578 1069 2638 tras,
1089 2582 1209 2626 acensu
1223 2566 1268 2624 vel
1293 2566 1402 2624 tributo
1421 2566 1606 2623 saecularium
1624 2571 1796 2636 potestatum
1813 2562 1847 2618 li·

98 2657 131 2714 1¹1
142 2664 223 2715 ιιῑθῑθ
238 2655 374 2726 Virdissill
385 2668 502 2710 calss‘lffl
520 2668 578 2710 1¹⁰⁰
589 2654 624 2712 (Ῐθ
635 2655 803 2723 ιῑιιίιθιῦθῦ
817 2654 945 2718 aliunde.
1001 2659 1084 2716 beros
1107 2673 1165 2715 non
1189 2656 1321 2723 absolvit,
1347 2656 1398 2726 qui
1427 2656 1481 2712 sibi
1511 2654 1670 2711 libertatem
1701 2653 1850 2708 vindicare

97 2744 148 2803 sed
169 2752 300 2801 materna
319 2743 408 2799 traxit
425 2758 462 2800 ex
487 2757 584 2800 carna.
610 2743 754 2815 alioquin,
781 2758 835 2800 nec
858 2743 947 2800 Filius
1001 2747 1103 2805 voluit.
1133 2746 1197 2802 Filii
1222 2745 1370 2801 bominum
1400 2757 1513 2811 sumus,
1538 2751 1567 2799 at
1588 2741 1850 2799 deserrillcondi-

97 2833 224 2892 bominis
242 2833 396 2898 dicaretur,
412 2831 464 2903 qui
478 2831 620 2904 originem
635 2846 693 2888 nou
709 2833 828 2889 baberet
843 2846 880 2889 ex
898 2833 948 2889 bo-
963 2842 984 2898 c
1000 2837 1088 2904 tione,
1107 2835 1153 2892 rel
1173 2834 1312 2890 vilissima
1333 2833 1413 2904 plebe
1433 2833 1489 2889 llao
1517 2846 1570 2888 nos
1594 2832 1647 2902 ipsi
1670 2830 1849 2900 mancipavi·

97 2922 185 2980 mine.
203 2921 244 2980 Na
273 2934 376 2993 parum
391 2921 540 2978 videretur
555 2935 605 2991 pro
629 2921 713 2977 nobis
730 2928 828 2978 aetum
843 2920 880 2977 ad
894 2921 946 2979 bu·
1000 2939 1076 2994 mus,
1100 2930 1128 2980 at
1152 2923 1290 2995 propitios
1308 2923 1339 2978 iu
1362 2923 1418 2978 boo
1432 2928 1561 2978 terrenos
1584 2919 1715 2976 dominos
1739 2919 1849 2975 habui-

98 3010 228 3069 milltatis
248 3010 424 3080 exemplum,
449 3008 528 3080 qnod
552 3009 587 3065 de
613 3008 739 3066 interiori
762 3010 944 3066 sexulboml·
1000 3029 1076 3081 mus,
1097 3013 1149 3085 qni
1171 3027 1237 3070 eum
1257 3025 1317 3068 sura
1341 3009 1546 3067 dominationis
1570 3008 1720 3079 dispendio
1739 3021 1849 3064 mauu-

97 3113 155 3156 nns
177 3106 221 3156 est
245 3097 423 3166 incarnatus,
451 3095 568 3153 additur
591 3097 670 3168 quod
693 3098 778 3154 etlam
809 3097 946 3169 sublege
999 3104 1101 3160 missos
1124 3102 1331 3158 dedicaverunt
1353 3100 1418 3168 Deo,
1434 3107 1462 3156 et
1476 3097 1713 3169 ejusdomiuium
1734 3104 1848 3166 praetu-

97 3187 202 3256 lactus,
224 3187 278 3244 boc
299 3193 352 3259 est,
381 3185 573 3242 obedientiam
599 3185 670 3258 legis
694 3200 751 3242 nou
768 3186 943 3254 necessitate,
999 3191 1097 3249 lerunt
1109 3191 1233 3262 proprio.
1252 3187 1428 3259 lpsidomiui
1451 3186 1634 3253 partricem
1651 3194 1851 3242 antenosve-

98 3277 147 3333 sad
168 3275 381 3346 dispensatione
404 3272 558 3344 complens.
576 3273 638 3330 Nou
653 3274 730 3331 enim
754 3274 784 3330 in
812 3289 845 3331 eo
863 3281 946 3332 erant
998 3281 1104 3344 nerim,
1119 3278 1269 3337 submissis
1284 3277 1427 3347 capitibus
1450 3276 1581 3333 habitum
1604 3282 1736 3331 nostrum
1755 3288 1848 3330 rene-

98 3373 224 3436 llessfflla,
255 3363 302 3421 ⁰115
330 3363 399 3435 ¹⁰ng
434 3369 615 3419 sacramenia
650 3370 744 3420 essent
772 3365 943 3421 necessaria·
999 3377 1106 3435 rantes,
1123 3370 1214 3426 Deum
1234 3368 1264 3423 in
1283 3366 1367 3423 nobis
1385 3366 1515 3422 adorant.
1534 3365 1631 3423 Securi
1649 3365 1710 3434 jam
1738 3363 1851 3434 snppli-

97 3452 292 3512 Clrcumcisns
310 3459 473 3510 temeuest
496 3465 576 3508 mora
600 3450 734 3516 aliorum,
751 3459 779 3509 et
802 3467 869 3509 eum
896 3452 943 3508 bo·
999 3457 1140 3515 nationem
1165 3457 1281 3513 illorum
1307 3454 1493 3525 suscipimus,
1521 3454 1704 3525 adquorum
1731 3466 1850 3522 conspe-

97 3543 160 3600 otiia
175 3541 278 3613 templo
295 3549 494 3613 presentatus,
509 3547 538 3597 et
556 3553 636 3596 more
660 3540 833 3597 laminarum
853 3549 946 3597 mater
999 3554 1077 3605 etum
1104 3545 1184 3617 prins
1204 3544 1428 3615 trepidabamus.
1452 3544 1603 3615 Tanquam
1633 3542 1765 3598 dominos
1785 3555 1853 3597 suos

97 3631 161 3702 ejus
178 3627 734 3701 purificationemobservarltlegalem,
750 3631 855 3701 inqua
873 3629 945 3686 nibil
1000 3635 1053 3707 ipsi
1082 3648 1135 3692 nos
1167 3639 1395 3705 recognoseunt,
1416 3646 1541 3702 qnorum
1570 3643 1658 3703 grave
1692 3630 1853 3687 dominium

96 3719 312 3790 purificandum
335 3719 430 3776 fuerat
450 3717 645 3790 purgandum·
671 3720 739 3784 01¹ae
765 3718 843 3777 essim
864 3719 945 3791 virgo
999 3723 1152 3795 rugientes,
1181 3723 1349 3780 necessitate
1370 3721 1464 3794 magis
1492 3734 1581 3792 quam
1602 3718 1751 3776 voluntate
1777 3719 1853 3774 lianc

97 3808 133 3865 da
152 3808 260 3880 Spiritu
283 3816 381 3865 sancto
405 3806 533 3877 concepit
555 3814 584 3864 et
597 3808 713 3878 peperit,
730 3806 803 3864 nibil
827 3806 882 3880 legi
899 3808 946 3864 da
999 3812 1119 3870 tortasse
1144 3812 1303 3868 libertatem
1325 3810 1474 3881 elegimus.
1495 3809 1595 3880 alege
1621 3807 1719 3865 saecull
1734 3813 1762 3864 et
1777 3807 1851 3863 into-

96 3896 183 3955 bflbss‘
197 3897 227 3954 ιιι
241 3897 300 3954 Γῑῑῑι
314 3894 534 3969 ιιῑιῑιῧθὸῑῑθῦῑῦ·
999 3900 1110 3959 lerabili
1122 3901 1195 3974 jugo
1210 3899 1332 3966 liberati,
1348 3899 1427 3956 illius
1438 3900 1641 3970 suarejugum
1652 3902 1685 3967 {et
1699 3910 1774 3953 onus
1790 3897 1851 3952 lara

132 3984 212 4053 Quod
239 3985 330 4057 igitur
358 3983 535 4055 evangelista
564 3983 653 4042 dicit:
681 3985 744 4041 bier
766 3986 944 4055 perpellente
998 3990 1188 4060 suscepimus,
1204 3988 1253 4046 cui
1267 3987 1376 4045 sarrire
1391 3999 1513 4059 regnare
1528 3994 1581 4044 est.
1601 3986 1707 4057 llagna
1728 3984 1791 4040 baec
1804 3984 1852 4040 di-

96 4075 156 4145 ejna
177 4075 254 4147 (lna.
279 4089 310 4142 n,
339 4074 396 4144 ii),
425 4073 456 4129 ln
491 4086 561 4145 qua,
587 4079 621 4130 ut
649 4073 838 4144 dictumest,
871 4075 943 4132 nibil
998 4079 1103 4151 gnitas,
1122 4085 1151 4136 at
1177 4077 1294 4149 egregia
1320 4076 1450 4145 libertas,
1471 4075 1495 4132 si
1519 4089 1577 4132 non
1602 4082 1659 4131 tam
1687 4072 1845 4144 corporalis

96 4165 190 4234 ⁰¹1¹llffi
213 4161 399 4234 purgandum
421 4161 516 4219 ffl⁰f²¹
539 4162 569 4218 5¹¹
586 4162 659 4234 ¹⁰80,
684 4163 784 4233 filum,
804 4178 863 4220 non
878 4161 942 4220 elle·
957 4162 980 4220 n
996 4167 1033 4225 sit
1055 4181 1144 4239 quam
1165 4165 1313 4238 spiritalis,
1338 4179 1393 4222 neo
1414 4175 1473 4221 tarn
1497 4165 1666 4221 servitutem
1691 4163 1845 4219 hominum

95 4259 175 4308 otum
197 4251 390 4322 purgationis,
420 4251 622 4323 purgationem
646 4253 769 4310 vocarit.
798 4252 854 4318 Qui
880 4267 943 4325 pro
996 4257 1143 4329 rugiemus
1158 4270 1246 4328 quam
1274 4254 1422 4312 vitiorum.
1449 4253 1512 4310 Non
1538 4254 1614 4310 enim
1629 4260 1714 4323 turpe
1734 4254 1777 4308 ast
1796 4257 1846 4307 aut

96 4338 169 4397 lecto
184 4339 258 4397 ritus
272 4339 302 4395 in
326 4338 388 4411 lage
402 4343 538 4406 sancitus,
558 4354 625 4397 cum
645 4341 692 4398 bis
710 4350 823 4400 tautum
843 4342 943 4400 mulie·
996 4346 1167 4404 damnosum
1184 4345 1352 4403 bominibus
1365 4342 1484 4411 servire,
1506 4342 1556 4399 sed
1579 4341 1671 4413 ritiia3
1694 4354 1747 4398 nac
1761 4340 1845 4397 istam

96 4429 178 4487 ribus
193 4427 377 4501 injungatur.
396 4443 465 4501 ouoe
489 4431 687 4501 susceptoriri
706 4433 814 4489 semiue
830 4445 944 4504 pepere-
996 4436 1095 4494 tollero
1118 4435 1294 4503 servitutem,
1315 4433 1363 4492 sed
1387 4433 1466 4490 illam
1482 4431 1621 4489 boninus
1642 4431 1731 4488 veuit.
1755 4429 1844 4498 Quem

96 4526 177 4589 runt,
202 4525 333 4589 patenter
364 4519 536 4586 ostenditur,
572 4532 760 4592 nequaquam
793 4521 944 4593 subjacere
996 4538 1051 4581 nec
1069 4523 1307 4595 Apostolusdiclt
1327 4522 1460 4593 sublege
1477 4521 1596 4589 laetum,
1613 4517 1846 4590 utensquiaub

96 4605 166 4665 bulo
187 4607 254 4680 lagi,
277 4619 344 4678 qua
363 4606 446 4677 virgo
465 4607 598 4680 concepit
615 4617 643 4665 et
663 4609 782 4680 peperit.
802 4609 884 4678 Quod
901 4609 944 4666 in·
996 4612 1059 4684 laga
1071 4619 1155 4670 arant
1168 4612 1329 4670 redimeret.
1346 4610 1420 4676 nuto
1435 4618 1478 4669 ast
1496 4610 1561 4678 boc,
1579 4608 1692 4671 tratres,
1712 4607 1792 4678 quod
1807 4606 1846 4663 le·

94 4711 184 4770 super
211 4697 327 4764 dieitur,
353 4694 518 4767 adoperiens
546 4698 657 4754 calven
676 4697 767 4769 (ibid,
787 4699 842 4770 ιι),
871 4698 944 4756 nibil
998 4701 1043 4774 gis
1057 4701 1193 4773 suscepit,
1208 4709 1236 4757 et
1259 4701 1300 4758 sic
1314 4714 1389 4758 onus
1412 4699 1449 4756 ab
1464 4714 1497 4756 eo
1513 4697 1655 4765 liberavit,
1671 4704 1699 4754 et
1714 4704 1746 4753 ut
1764 4695 1846 4752 uobis

94 4787 218 4843 adeam
240 4785 383 4857 portinere
415 4792 557 4854 consetur,
581 4786 667 4858 cujus
690 4785 839 4858 integritas
863 4784 945 4845 nulla
997 4798 1138 4861 parceret,
1160 4789 1216 4847 sibi
1234 4804 1291 4846 nou
1315 4787 1465 4860 pepercit?
1487 4789 1558 4856 Quae
1586 4787 1650 4855 ista,
1674 4798 1784 4856 onam,
1802 4781 1847 4840 vel

94 4883 136 4933 est
149 4876 296 4946 apertione
310 4873 460 4931 dissoluta.
476 4874 526 4932 llla
539 4875 647 4947 quippe
662 4875 761 4933 clauso
780 4883 863 4933 utero
885 4890 945 4933 ma·
997 4879 1071 4937 ratio
1085 4879 1150 4945 luit,
1168 4888 1273 4936 utnon
1293 4878 1323 4934 iu
1339 4891 1369 4935 sa
1393 4877 1471 4934 illam
1488 4877 1568 4947 prius
1582 4881 1742 4947 quassaret,
1758 4880 1787 4930 at
1807 4872 1847 4930 sic

96 4967 148 5020 tris
167 4971 211 5020 ost
236 4971 333 5032 natus,
358 4964 410 5035 qui
438 4962 545 5021 clausis
565 4965 676 5036 januis,
699 4964 882 5036 postmodum
907 4965 944 5022 ad
996 4968 1180 5041 postmodum
1203 4967 1318 5039 proprio
1339 4967 1469 5036 exemplo
1494 4979 1547 5022 uos
1565 4965 1601 5022 ab
1629 4977 1664 5020 ea
1690 4960 1846 5020 liberaret?

95 5050 252 5120 discipulos
281 5059 324 5108 est
360 5053 516 5124 ingressus.
547 5049 592 5109 sio
625 5066 693 5126 argo
733 5059 836 5123 mater,
869 5053 944 5112 sicut
997 5057 1138 5116 Attendite
1178 5071 1248 5136 argo
1270 5057 1376 5115 summi
1399 5053 1554 5113 consiliarii
1582 5067 1730 5111 summum
1756 5052 1848 5108 cousi-

95 5149 124 5198 at
139 5140 239 5207 nitius,
258 5140 350 5212 legem
367 5141 397 5198 iu
422 5141 610 5200 sacramentis
628 5143 731 5213 unuit,
752 5157 810 5200 non
832 5143 941 5216 aliqua,
996 5146 1080 5215 lium,
1107 5153 1136 5202 et
1168 5158 1301 5216 supamae
1340 5144 1487 5215 sapienda
1522 5156 1662 5215 magnum
1696 5141 1849 5213 providen-

95 5237 129 5288 ut
154 5228 264 5287 dictum
295 5237 349 5300 est,
379 5231 557 5301 necessitate,
585 5232 635 5290 sed
650 5246 757 5306 magna
770 5231 944 5292 humilitatis
997 5235 1044 5293 ιιι
1082 5233 1269 5306 protundum.
1308 5233 1401 5302 Certe,
1428 5233 1452 5290 si
1493 5231 1564 5305 legis
1594 5245 1671 5289 auus
1698 5229 1847 5301 suscipere

95 5316 319 5390 dispensatione.
335 5318 392 5375 nee
411 5320 506 5378 solum
524 5320 579 5379 sub
603 5320 666 5394 lage
684 5321 785 5380 diviua
798 5321 945 5394 obtempe-
995 5321 1135 5397 manarit,
1163 5323 1200 5382 de
1227 5337 1287 5397 qua
1315 5324 1374 5395 ipsa
1412 5321 1453 5380 alt
1480 5336 1489 5380 z
1520 5322 1610 5394 bagae
1642 5320 1681 5378 od
1709 5320 1848 5378 domnam

93 5404 263 5469 randotacti
276 5412 357 5476 suut,
371 5419 476 5467 rarum
488 5407 576 5469 adam
593 5409 650 5469 sub
669 5410 810 5502 bumana.
826 5411 943 5472 bama·
995 5412 1042 5472 ten
1076 5414 1103 5470 et
1129 5411 1271 5487 ριοριιιι
1301 5411 1380 5485 (bne.
1423 5423 1484 5483 ιιι,
1523 5410 1580 5485 lt),
1606 5409 1757 5472 utentur
1781 5419 1848 5467 eam
