3804 5962
745 199 799 261 ste
818 200 864 256 nr
882 199 965 260 non.
1236 162 1241 170 ⁵
1662 201 1731 260 toto

80 328 158 386 entia
180 341 242 384 esse
268 340 327 383 non
347 332 448 398 potest.
471 328 515 382 Ea
539 325 619 382 dietis
637 324 777 381 Ambrosii
792 326 825 380 dc
840 326 865 380 A
880 324 1030 383 haherent.
1051 326 1086 381 Et
1107 324 1191 381 allii:
1215 323 1249 381 in
1262 323 1405 397 iudicium
1430 339 1483 399 ego
1507 325 1574 383 reni
1600 326 1631 384 in
1650 326 1731 386 hune

79 419 241 474 stipatione:
266 416 315 471 ilis
348 415 485 471 omnihus
519 414 689 470 testimoniis
719 412 828 483 praede·
882 412 1035 480 mundum,
1072 421 1105 471 ιιι
1144 413 1196 484 qui
1229 427 1288 470 nen
1327 412 1428 470 rident
1468 413 1596 484 rideant,
1624 414 1731 486 etqui

79 552 81 561 .
99 505 294 563 ostenduntur
317 502 386 559 maii
406 502 443 557 ad
461 514 586 573 poenam,
611 500 661 557 sed
679 514 738 557 nen
755 514 828 571 prae-
880 500 979 558 rident
1003 502 1071 559 caeci
1096 503 1175 558 liant.
1202 505 1238 557 Et
1259 502 1407 572 Apostolus
1422 503 1453 558 in
1475 503 1602 574 Epistola
1622 502 1660 560 od
1674 505 1731 560 tto·

79 593 114 650 ati
133 593 169 650 ad
194 599 354 663 peccatum,
380 590 521 664 quoniam
536 604 637 648 eorum
651 604 717 659 oum
736 588 836 656 iactn·-
881 605 996 646 manos:
1021 591 1140 661 Propter
1163 590 1241 661 quod
1261 590 1379 647 tradidit
1394 590 1456 646 ilios
1480 590 1557 648 Deus
1571 591 1604 648 in
1619 590 1731 650 deside·

79 690 97 739 tt
116 680 193 738 Dens
211 679 429 753 praedestinator
443 687 501 750 est;
521 692 587 749 qum
605 692 674 735 uere
688 692 747 735 non
763 670 834 735 iasit'
881 677 926 735 ria
941 678 1035 735 cordis
1049 693 1162 750 eorum,
1186 682 1216 735 ln
1232 679 1457 744 immunditiam,
1482 685 1537 737 etc.
1552 679 1638 736 item:
1658 680 1731 739 Pre-

79 778 180 829 eturus
194 777 248 837 est,
271 782 306 826 ea
330 783 389 825 non
408 768 634 839 predestinavit.
654 769 739 822 ltcm:
768 767 828 822 im·
883 775 980 837 pterea
1005 767 1123 824 tradidit
1142 766 1206 824 iilos
1232 769 1307 825 Deus
1329 769 1359 824 in
1382 767 1529 840 passiones
1553 767 1730 842 ignominie,

79 857 271 917 redesttnavit
290 859 326 914 ad
345 871 472 928 poenam,
496 865 524 914 ει
546 868 662 927 poenam
686 854 827 926 predesti-
882 864 935 914 ειε.
953 860 990 914 Ei
1002 859 1086 929 poulo
1105 863 1183 929 post:
1199 858 1330 915 Tradidit
1354 859 1416 916 iilos
1432 860 1507 916 Dens
1526 859 1556 916 in
1576 859 1731 931 reprobum

84 948 156 1019 iilis3
180 948 216 1004 ad
241 955 391 1018 peccatum
415 953 511 1003 antem
526 960 574 1002 cos
602 957 660 1001 non
684 944 829 1014 praedesti·
882 960 1011 1015 sensum,
1038 954 1091 1004 ete.
1122 946 1196 1003 idem
1221 948 1312 1013 iutra:
1342 947 1424 1012 Quod
1460 948 1609 1019 querebat
1632 944 1730 1020 israei,

86 1036 227 1109 quoniam
238 1049 296 1092 nen
309 1043 352 1093 εει
367 1043 467 1091 auctor
478 1032 640 1106 iniquitatis
649 1047 658 1104 ;
672 1032 828 1104 qnoniam3
883 1035 937 1092 hoe
952 1049 1011 1092 nen
1027 1043 1068 1093 est
1083 1045 1272 1104 consecutus;
1293 1035 1392 1093 eiectio
1407 1048 1474 1093 uero
1497 1043 1651 1095 consecuta
1669 1046 1730 1109 est3

84 1127 182 1183 ustitia
196 1138 234 1182 ex
248 1125 306 1181 Deo
321 1131 362 1180 εει
374 1131 402 1181 ει
424 1136 508 1180 οιιιιιε
532 1123 652 1191 bonnm,
667 1121 708 1178 iia
722 1120 828 1192 iniqui·
882 1124 976 1181 caeteri
999 1137 1068 1181 vere
1091 1124 1227 1182 excecati
1245 1132 1324 1192 snut,
1348 1124 1424 1182 sicut
1438 1125 1579 1198 scriptam
1599 1133 1642 1184 est
1652 1116 1663 1183 ι’
1679 1126 1733 1184 De·

91 1228 176 1272 omne
201 1227 275 1285 opus
300 1225 424 1283 pravum
449 1224 487 1268 ex
516 1210 640 1268 diaholo.
663 1212 746 1266 ltem:
771 1208 827 1265 iui-
883 1212 924 1269 dit
937 1211 993 1268 iliis
1016 1213 1150 1283 spiritum
1171 1212 1412 1283 compunctionis,
1427 1213 1525 1271 ocnios
1549 1222 1583 1271 ut
1607 1227 1665 1271 non
1687 1215 1732 1272 vi·

79 1303 177 1372 itaque
205 1314 278 1373 unos
302 1298 448 1370 praescivit
475 1299 551 1355 Deus
578 1299 654 1355 hano
681 1301 772 1357 vitam
799 1298 829 1354 in
883 1301 1019 1368 deantes
1038 1315 1123 1358 aures
1138 1307 1244 1357 utnon
1266 1300 1387 1357 audiant
1406 1301 1544 1372 usquein
1560 1300 1733 1361 hodiernum

81 1405 98 1447 o
125 1390 342 1455 terminaturos,
377 1386 593 1459 praedestinavit
624 1389 774 1460 supplicio.
795 1388 829 1443 ln
882 1389 970 1446 diem.
993 1388 1149 1446 ideminii
1171 1388 1208 1444 ad
1228 1388 1352 1446 Coriolis.
1369 1389 1420 1462 (rr,
1443 1392 1488 1458 3):
1513 1390 1596 1455 Quod
1611 1390 1634 1447 si
1648 1404 1730 1463 opor·

79 1476 277 1535 raedcstinatio
298 1475 457 1546 iustissime
472 1474 619 1531 laudanda
633 1484 678 1532 εει
696 1475 828 1542 ultionis,
883 1484 944 1534 tum
956 1484 999 1535 est
1012 1476 1195 1550 evangelium
1212 1485 1355 1548 nostrum,
1379 1479 1409 1534 in
1424 1479 1470 1535 his
1484 1479 1536 1550 qni
1555 1487 1677 1549 pereunt
1688 1486 1733 1538 εει

79 1572 238 1624 ιεεεειειιιι
261 1577 319 1620 nen
343 1565 380 1620 ab
408 1577 441 1619 εο
468 1564 703 1634 praedestinatum
736 1562 827 1621 homi·
882 1574 1024 1637 opertum,
1041 1566 1072 1622 in
1101 1566 1209 1638 quibus
1232 1566 1309 1623 Deus
1336 1567 1426 1639 hujus
1457 1566 1555 1625 saecnii
1578 1567 1734 1625 excaecarit

79 1655 100 1710 d
113 1660 274 1725 peccatum,
305 1666 391 1723 quem
413 1651 626 1722 praedestinavit
644 1653 752 1722 peccati
767 1654 827 1708 me*
883 1662 991 1710 mentes
1006 1654 1176 1722 infidelium,
1193 1661 1225 1712 nt
1244 1668 1302 1711 non
1318 1653 1426 1728 inigeat
1441 1653 1617 1712 illuminatio
1631 1656 1732 1717 Eran-

79 1742 257 1800 inniendum.
287 1742 365 1798 Deus
390 1741 489 1811 itaque
516 1740 613 1797 omnia
643 1755 729 1811 opera
756 1744 826 1810 (77),
881 1742 949 1814 getii
964 1743 1065 1816 gratim
1081 1742 1206 1801 Christi.
1226 1744 1404 1811 doposcimus
1428 1744 1617 1811 Qoeotiooam
1640 1747 1735 1800 votet

79 1846 131 1889 ona
155 1832 215 1889 sive
239 1830 733 1901 mala,praesciri13sedseiabena
755 1842 826 1901 pree-
881 1848 944 1888 noo.
978 1832 1047 1900 lepis
1084 1847 1145 1902 cap.
1176 1831 1299 1888 LXXXV:
1328 1831 1401 1889 iiam
1440 1845 1525 1888 omne
1553 1833 1632 1905 quod
1664 1844 1733 1903 pet·

79 1920 153 1990 tuit;
177 1922 254 1976 mala
276 1932 345 1977 vero
368 1918 469 1975 lutura
499 1931 587 1988 opera
613 1932 726 1985 eorum,
754 1932 841 1992 quos·
882 1920 971 1977 mittit
995 1920 1082 1987 Deus,
1105 1920 1198 1976 iacere
1221 1919 1338 1984 dicitnr,
1368 1920 1484 1991 quiesi
1511 1934 1570 1977 non
1593 1920 1733 1991 permittit

79 2007 281 2067 insedestinavit
315 2008 351 2063 ad
381 2020 504 2078 mgnum
533 2006 582 2062 sed
606 2006 642 2063 ad
667 2006 827 2074 interitum,
882 2024 942 2066 non
969 2009 1001 2065 dt
1023 2010 1092 2079 (77).
1110 2008 1190 2066 Unde
1206 2007 1275 2065 dicit
1290 2009 1429 2066 Dominus
1453 2009 1489 2066 ad
1514 2009 1652 2068 Pilatum:
1674 2010 1735 2069 lion

79 2099 128 2156 ivit
157 2104 184 2154 ει
209 2096 354 2153 ordinarit
391 2095 511 2166 provida
539 2095 676 2151 bonitate.
706 2094 828 2151 isidoras
882 2098 994 2154 ιαὸειεε
1021 2101 1181 2168 potestatem
1202 2099 1232 2151 in
1254 2112 1306 2164 me,
1326 2099 1383 2152 nisi
1403 2097 1499 2153 dotum
1527 2103 1595 2154 essct
1619 2097 1737 2170 desurper

79 2202 138 2243 omo
163 2187 240 2252 dono,
259 2185 308 2240 lib.
330 2184 370 2253 ii,
395 2185 521 2254 capvt:
547 2182 667 2240 Gemina
690 2192 732 2240 est
757 2195 829 2253 prae·
883 2187 972 2258 (loon.
1001 2193 1074 2257 ιιιιι).
1102 2186 1176 2243 idem
1197 2185 1228 2241 in
1260 2185 1439 2242 anlttm'dto:
1468 2185 1531 2243 tion
1557 2186 1590 2243 dt
1621 2187 1735 2259 aliquid

79 2276 147 2341 atio,
162 2290 211 2332 seu
227 2275 382 2331 electorum
404 2273 439 2329 ad
461 2273 603 2343 requiem,
626 2286 677 2329 sen
692 2271 829 2343 reprobo·
883 2275 939 2332 nisi
953 2274 1140 2346 Omnipotens
1155 2274 1218 2331 deri
1242 2274 1321 2340 rciit,
1346 2274 1391 2331 rei
1415 2275 1536 2333 sinendo
1561 2284 1594 2333 ut
1613 2275 1672 2341 dat,
1688 2274 1750 2346 rei

79 2364 111 2421 td
137 2371 271 2421 mortem.
292 2364 336 2418 Ec
359 2363 441 2418 dictis
465 2362 604 2431 ejusdem:
630 2360 706 2417 Dens
725 2359 829 2431 potuit,
885 2366 946 2435 ipse
975 2363 1115 2420 iaciendo.
1141 2362 1200 2420 Nec
1226 2362 1420 2422 dubitandum
1450 2371 1492 2421 εει
1521 2365 1614 2423 Deum
1641 2363 1736 2424 iacere
1826 2408 1831 2431 ,

79 2452 183 2518 voluit,
223 2450 364 2522 quosdam
394 2448 597 2521 praedestinare
628 2449 663 2505 ad
696 2448 829 2521 gloriam,
883 2454 966 2521 bene,
994 2453 1081 2512 eliam
1107 2452 1230 2509 sinendo
1251 2450 1314 2509 lieri
1339 2465 1526 2524 quaeonnqne
1555 2459 1624 2511 snut
1648 2453 1735 2512 maie.

78 2556 124 2600 ant
153 2540 190 2597 ad
212 2553 337 2612 poenam.
365 2538 443 2603 Quos
470 2537 527 2609 (73)
555 2547 653 2595 ειιιειιι
680 2537 830 2608 proedesti·
883 2542 946 2599 Non
973 2542 1049 2598 enirn
1074 2541 1128 2597 hoc
1151 2539 1206 2596 nisi
1227 2539 1307 2610 justo
1328 2539 1439 2611 jndicio
1463 2540 1736 2613 sinit30tprotecto

81 2628 118 2688 ad
136 2642 261 2705 poenam,
278 2642 336 2684 non
351 2627 565 2700 praedestinavit
580 2626 617 2683 ad
630 2616 757 2698 culpam.
884 2631 994 2688 bonum
1010 2635 1053 2686 est
1073 2643 1158 2685 omne
1183 2628 1262 2700 quod
1281 2628 1395 2700 justum
1418 2636 1469 2685 est.
1485 2630 1566 2685 item:
1582 2629 1654 2686 iiam
1677 2630 1736 2690 nisi

365 2715 456 2775 xiix.
884 2725 957 2776 esset
979 2717 1035 2774 hoo
1058 2719 1177 2780 bonurn,
1197 2724 1230 2773 ιιι
1245 2724 1339 2774 εεεειιι
1358 2716 1436 2773 maia
1458 2716 1540 2774 nuile
1563 2717 1650 2775 modo
1672 2732 1735 2778 esse

79 2804 133 2867 uo'd
142 2812 257 2879 peceato
271 2807 352 2862 etiam
366 2806 494 2874 placeant
507 2806 570 2872 Deo,
585 2807 611 2858 el
624 2819 688 2860 oon.
885 2809 1049 2865 sinerentur
1074 2806 1110 2862 ab
1129 2805 1323 2877 omnipotente
1346 2805 1403 2862 Deo
1427 2803 1491 2876 (78).
1510 2804 1585 2862 idem
1607 2808 1647 2863 De
1668 2822 1735 2878 pro·

79 2898 182 2954 irosius
195 2894 348 2966 autpertus
362 2893 418 2966 (td)
433 2897 464 2948 la
475 2893 644 2965 Apocalypsi
656 2891 704 2948 lto.
720 2892 777 2949 ix:
849 2885 870 2942 C
888 2899 928 2952 tia
942 2899 967 2950 et
991 2895 1074 2951 libero
1093 2894 1228 2950 arbitrie:
1254 2893 1406 2964 Scriptura
1432 2893 1545 2962 divina,
1569 2895 1593 2951 si
1612 2895 1736 2969 diiigen-

79 2987 156 3043 enim
172 2984 250 3042 dedit
265 2986 293 3039 in
309 2982 444 3040 cordibus
465 2995 567 3038 eorum
583 2990 616 3038 ut
632 2981 738 3038 iaciant
753 2980 830 3052 quod
886 2993 930 3042 ter
958 2983 1138 3054 inspiciatur,
1172 2982 1296 3039 ostendit
1329 2981 1479 3039 hominum
1506 2982 1671 3041 uoluntates
1695 2984 1736 3042 ita

79 3075 178 3133 scitum
193 3081 245 3142 εει,
267 3080 300 3129 ιιι
314 3071 383 3129 dent
403 3085 527 3143 regnum
551 3084 639 3126 suum
656 3070 762 3136 bestiae,
782 3068 829 3125 do·
886 3087 947 3130 esse
962 3071 992 3128 in
1013 3072 1063 3128 Dei
1087 3077 1234 3142 potestate,
1253 3078 1285 3127 ut
1304 3085 1352 3128 eos
1375 3085 1449 3142 qnos
1470 3070 1593 3131 veluerit
1615 3072 1736 3144 qnando

79 3169 303 3221 onsnmmentur
325 3161 414 3217 verba
440 3160 500 3216 Dei.
527 3157 753 3217 precedentium
775 3156 830 3213 ini·
885 3160 1011 3218 notuerit
1026 3159 1111 3215 iaciat
1126 3157 1272 3226 inclinari,
1291 3158 1337 3215 rei
1352 3157 1389 3214 ad
1403 3158 1542 3216 beneficia
1556 3158 1736 3231 quibusdam

81 3264 131 3308 nm
150 3250 255 3308 merita
276 3249 410 3321 exigunt,
432 3256 465 3305 ut
484 3247 600 3319 reprobi
616 3247 645 3304 in
672 3257 831 3304 errorema
885 3248 1060 3320 praestanda,
1089 3248 1134 3304 rel
1156 3248 1194 3303 ad
1222 3260 1320 3318 poenas
1347 3246 1524 3317 quibusdam
1550 3247 1735 3321 ingerendae.

79 3352 110 3398 re
138 3337 267 3411 permissi
288 3337 329 3394 ita
359 3343 455 3408 agant,
483 3344 515 3393 ut
550 3351 610 3393 non
637 3334 831 3393 misericordia
885 3336 958 3396 Nam
982 3336 1149 3394 invenimus
1171 3336 1272 3409 aliqua
1296 3343 1413 3408 peccata
1440 3335 1528 3394 etiam
1551 3350 1652 3409 peenas
1674 3351 1736 3397 εεεε

79 3427 127 3486 rtis
154 3420 317 3490 solvantur,
345 3427 393 3482 sed
428 3425 540 3496 justitia
576 3423 722 3494 punientis
749 3423 832 3480 dam·
885 3428 1009 3484 aliorum
1022 3434 1217 3497 peccatorum,
1241 3427 1399 3482 sicntsnnt
1421 3438 1493 3482 rasa
1509 3425 1570 3496 ira,
1586 3440 1653 3499 qne
1666 3441 1736 3499 per·

79 3530 99 3574 r.
119 3517 185 3574 ideo
209 3517 287 3573 enim
312 3513 363 3572 Dei
393 3513 532 3586 placitum
560 3512 722 3584 perdciunt,
752 3510 831 3583 quod
884 3516 959 3573 lecta
972 3515 1042 3572 dicit
1054 3515 1208 3585 Apostolus
1228 3515 1258 3572 in
1274 3513 1570 3584 perditionem3siont
1589 3521 1632 3573 est
1649 3515 1734 3574 indn-

79 3612 166 3663 tatem
191 3604 326 3672 amando,
355 3616 443 3674 qnam
474 3602 550 3659 Deus
573 3600 831 3672 odil‚1ustitiaese
884 3604 959 3662 ratio
986 3603 1156 3669 Pharaonis,
1173 3604 1257 3674 cnjus
1273 3601 1360 3659 etiam
1385 3616 1474 3659 causa
1492 3602 1601 3661 dieitur
1624 3602 1662 3661 ad
1684 3618 1735 3662 es·

79 3693 164 3749 andos
186 3697 362 3763 preparant,
387 3705 452 3761 quae
476 3690 535 3745 Deo
554 3688 829 3760 superomniapia-
884 3690 1058 3748 tendendam
1086 3690 1116 3747 in
1145 3690 1194 3746 iiio
1223 3689 1361 3746 virtutem
1388 3689 1448 3747 Dei.
1477 3691 1561 3747 item:
1594 3691 1631 3749 Et
1658 3691 1737 3751 dixit

80 3794 148 3838 oum
183 3780 304 3837 dicitnr:
346 3780 477 3836 Dilexisti
509 3778 663 3847 jmstltiom,
692 3784 746 3832 etc.
776 3776 830 3835 Cui
885 3780 976 3836 David
1005 3779 1041 3850 (li
1069 3781 1135 3848 ileo.
1164 3793 1222 3846 ιιι,
1250 3776 1309 3849 li):
1338 3779 1406 3833 Ecce
1432 3778 1507 3848 itlius
1535 3794 1611 3835 meus
1637 3782 1736 3849 paam

84 3866 196 3941 placere
223 3882 283 3925 non
306 3874 397 3938 potest
423 3865 573 3937 iniqnitas,
599 3864 693 3937 piacet
717 3865 831 3936 institia
885 3870 1005 3923 animam
1029 3871 1170 3935 meamet
1194 3865 1283 3922 odius
1312 3864 1390 3920 modo
1415 3865 1489 3935 tilios
1512 3867 1622 3923 domiai.
1648 3867 1737 3924 Sistite

96 3957 216 4015 damnat
245 3964 413 4027 perpetrans
433 3955 490 4027 (rt)
520 3953 696 4026 iniquitates.
724 3951 830 4019 Quam·
884 3958 962 4014 titum
976 3960 1006 4012 at
1034 3955 1191 4021 maledicat,
1216 3955 1346 4022 mortium
1371 3953 1446 4009 dialt
1475 3954 1520 4009 illi
1544 3954 1627 4011 Deus.
1657 3953 1734 4021 Due·

79 4045 187 4103 tunde
204 4045 366 4119 displicent,
388 4043 455 4101 inde
470 4043 549 4116 qnod
568 4042 611 4100 iiii
635 4040 773 4114 placitum
788 4047 831 4097 est
885 4044 969 4103 modo
997 4044 1106 4102 dixerit
1132 4043 1273 4099 Dominus
1301 4041 1371 4099 huic
1403 4041 1511 4099 homini
1543 4042 1736 4101 malediceret

79 4135 147 4194 lunt
847 4172 869 4227 D
885 4134 947 4191 Non
961 4134 1039 4190 enim
1062 4132 1192 4204 jubendo
1212 4131 1289 4188 dixit
1303 4130 1354 4190 nbi
1369 4130 1531 4188 obedientia
1553 4131 1735 4203 laudaretur,

354 4222 455 4280 xxiii.
886 4221 936 4279 sed
960 4220 1040 4291 quod
1063 4220 1127 4290 ejus
1149 4219 1329 4276 voluntatem
1351 4217 1423 4276 uitio
1444 4232 1497 4276 suo
1516 4218 1624 4276 maiam
1638 4219 1736 4277 innoc

91 4317 163 4372 Deus
187 4328 294 4387 quoquc
317 4311 453 4369 maloram
475 4324 561 4367 causo
579 4309 731 4366 oclaueior
744 4307 791 4376 sii,
806 4308 833 4363 ει
886 4315 1034 4383 peecatum
1048 4306 1157 4379 judicio
1182 4308 1260 4379 jnsto
1282 4315 1310 4364 et
1337 4306 1449 4365 occuito
1463 4306 1623 4366 inclinarit.
1651 4310 1735 4367 item:

375 4398 440 4440 ἢθη·
887 4400 941 4457 Ρει
955 4396 1133 4454 Ezechielem
1156 4397 1232 4453 dixit
1250 4398 1327 4453 Dens
1349 4397 1421 4466 (ιιι,
1444 4396 1489 4468 9);
1505 4400 1541 4453 Et
1559 4398 1695 4469 propiata
1709 4400 1736 4456 ti

79 4496 152 4550 tinus
174 4508 223 4567 per
247 4494 366 4548 isaiam:
391 4490 452 4563 Ege
478 4489 627 4550 Dominus,
654 4494 681 4544 et
705 4500 763 4543 nott
791 4488 834 4542 est
887 4488 1018 4543 mouerit
1032 4491 1057 4543 el
1073 4486 1178 4543 locutos
1199 4487 1294 4554 nterii,
1318 4500 1365 4554 epo
1385 4487 1516 4542 Dominus
1536 4485 1736 4544 sodomitam

88 4581 218 4640 iormens
247 4581 342 4639 iucem
368 4588 396 4637 et
420 4593 522 4636 creans
550 4577 693 4645 tenebras,
725 4574 834 4632 iaciens
884 4576 1058 4651 prophetam,
1072 4579 1098 4630 ct
1118 4575 1305 4631 exterminabo
1320 4590 1379 4630 eum
1401 4573 1435 4630 de
1453 4575 1540 4631 medio
1561 4576 1660 4647 populi
1682 4579 1737 4634 moi

79 4679 128 4729 tet
141 4684 244 4728 ereans
258 4671 384 4740 meium3
407 4682 460 4740 ego
475 4666 615 4724 Dominus
636 4664 742 4722 iaciens
761 4662 832 4719 haec.
886 4664 983 4721 lsrael.
1009 4662 1084 4719 idem
1109 4665 1140 4718 in
1166 4664 1283 4733 epistola
1311 4662 1395 4717 Pauli
1421 4662 1459 4719 od
1484 4663 1640 4720 Romanos:
1666 4663 1736 4724 Pto·

96 4760 249 4834 propheta:
279 4759 307 4816 Si
335 4758 392 4831 (76)
420 4758 475 4814 erit
509 4755 618 4812 malum
647 4754 677 4810 in
707 4753 834 4821 civitate,
888 4761 986 4825 pterea
999 4751 1119 4808 tradidit
1142 4750 1207 4808 illes
1222 4753 1308 4819 Deus,
1327 4758 1383 4807 etc.
1407 4753 1443 4807 Et
1461 4751 1499 4808 al
1514 4750 1735 4808 Thessalonicen·

90 4849 231 4907 Dominus
258 4862 318 4906 non
344 4847 419 4904 iecit.
452 4846 560 4903 Simeon
587 4843 624 4899 ad
650 4841 771 4900 Mariam
800 4840 836 4897 de
888 4857 928 4899 ses
943 4844 974 4896 in
990 4841 1117 4912 Epistola
1139 4839 1258 4896 secunda
1281 4838 1324 4909 (ιι,
1349 4839 1391 4908 ιο)
1413 4838 1454 4895 ait
1476 4840 1511 4896 de
1537 4839 1735 4912 quibusdam:

79 4950 117 4994 tr:
138 4938 208 4994 Ecce
226 4937 338 5010 positus
356 4943 399 4992 εει
421 4934 469 4991 iric
490 4934 519 4991 in
544 4932 662 4989 ruinam
687 4938 716 4988 ει
737 4942 833 4987 resur·
889 4931 943 4986 Pro
958 4943 991 4986 eo
1013 4928 1092 4999 quod
1107 4927 1290 4985 dilectionem
1317 4927 1447 4984 veritatis
1475 4941 1536 4984 non
1567 4937 1739 5000 receperunt

79 5039 144 5084 nem
167 5027 337 5085 multorum.
353 5027 388 5081 Et
402 5027 460 5096 ipse
489 5022 629 5081 Christos:
653 5019 682 5076 Si
704 5033 762 5076 non
786 5032 832 5076 re·
888 5028 922 5076 nt
935 5017 1008 5075 satri
1035 5016 1146 5085 tierent,
1172 5017 1234 5072 ideo
1256 5015 1349 5072 mittet
1363 5014 1420 5073 iilis
1445 5016 1640 5086 operationem
1659 5030 1737 5076 erro·

79 5115 136 5174 net
160 5115 276 5175 locutus
297 5115 339 5172 eis
362 5128 419 5172 non
443 5111 575 5180 tuissem,
596 5115 751 5183 peccatum
776 5120 835 5166 non
888 5109 929 5167 ris
948 5113 981 5164 ιιι
1000 5106 1119 5164 ειειιειιι
1142 5104 1301 5174 mendacio,
1320 5110 1352 5162 ut
1370 5102 1540 5177 iudicentur
1563 5106 1737 5185 omnesqui

79 5267 84 5319 ι
100 5260 185 5317 cous.
202 5273 285 5328 opera
298 5272 359 5314 soa.
925 5251 971 5319 (73
1000 5251 1083 5308 cons.
1098 5266 1158 5322 qua
1168 5250 1282 5308 ἀεειηει
1296 5255 1453 5323 perpetuos.

79 5329 181 5395 tCons.
197 5329 339 5402 quosdam.
936 5325 970 5377 76
998 5324 1081 5379 Cous.
1098 5323 1261 5392 nortmanos
1283 5338 1329 5394 ιιι,
1343 5323 1382 5397 ii).

79 5404 183 5463 leons.
216 5401 384 5472 liutpertus.
413 5395 584 5455 amerosius
614 5394 774 5470 Attiperiue
804 5392 834 5454 S.
936 5396 970 5449 77
996 5393 1081 5452 Ceus.
1098 5396 1145 5451 sit.

79 5478 154 5535 ottus
167 5471 267 5532 floruit
279 5485 357 5533 anno
370 5469 484 5528 circiter
498 5469 560 5526 tto.
938 5466 972 5522 tii
1000 5464 1085 5525 Cous.
1102 5465 1182 5525 dooo.
