3804 5962
626 178 678 237 sio
697 176 837 238 mnan.
858 207 892 223 -
911 177 1104 238 ruotoous.
1678 175 1747 232 iaie
1847 157 1856 166 '

79 302 156 360 isim
170 301 300 375 opposita
314 301 361 361 vel
376 315 394 360 a
407 301 528 361 veritate
548 301 654 372 aliena,
669 303 741 361 ialsa
767 303 844 363 tituli
859 304 884 359 ll
899 305 1082 372 senteutiam,
1098 303 1173 361 sicut
1193 302 1224 359 iu
1249 301 1394 372 plerisque
1414 298 1598 358 Ecclesiastes
1613 297 1747 356 dissonas

79 393 179 463 iptioue
203 392 248 449 vel
267 391 419 462 scripturae
445 391 538 462 ipsius
553 393 736 463 corruptione
759 393 839 451 ralla·
896 393 1077 451 diversorum
1098 392 1210 450 inducit
1231 390 1396 456 sententias,
1421 389 1477 445 imo
1502 395 1530 445 et
1551 386 1746 444 tumultuator
1796 461 1798 465 y

93 480 233 552 Pleraque
256 480 335 536 euim
358 482 522 552 apocrypha
540 495 578 538 ιιι
601 489 768 539 sauctorum
791 496 839 538 uo·
897 482 1114 552 iuterpretatur,
1149 480 1231 537 beato
1261 480 1291 535 iu
1325 484 1430 550 quarto
1461 476 1643 547 dialogorum
1675 483 1745 532 atte-

79 583 131 637 tus,
149 577 181 625 ιιι
203 569 403 626 auctoritatem
419 569 567 640 habereut,
591 570 739 627 intitulata
754 579 840 641 suut;
896 578 990 628 stante
1012 569 1166 642 Gregorio;
1186 576 1237 625 aut
1258 567 1311 624 sub
1327 565 1487 638 questione
1511 564 1605 634 potius
1619 563 1743 636 relique·
1828 581 1832 588 ⁴

79 657 186 724 unulla,
212 658 241 714 iu
261 658 329 728 ipsis
348 658 435 715 eliam
456 659 623 716 divinorum
647 659 838 717 Testamentu-
897 665 1015 717 ruutea
1038 657 1219 729 inquirentes
1243 670 1332 728 quam
1356 663 1434 711 certa
1460 652 1628 710 defiuitione
1647 655 1744 712 termi-

79 745 199 816 tcriptis,
225 747 400 817 scriptorum
414 748 485 803 vitio
507 755 644 818 corrupta
665 755 743 804 suut.
760 747 841 804 Unde
897 755 1010 814 uareut,
1033 746 1106 804 sicut
1129 746 1283 816 praedictus
1301 742 1476 800 venerabilis
1494 742 1593 798 doctor
1609 742 1744 814 Augusti·

79 836 179 890 ssimus
193 836 316 905 scriptor
338 842 366 891 ιι
381 835 586 892 veracissimus
609 837 751 906 interpres
774 836 841 892 Hie·
896 851 953 894 uus
972 837 1002 892 iu
1016 835 1140 893 editione
1155 836 1244 903 Super
1264 834 1390 888 Genesim
1411 832 1448 887 od
1469 831 1588 886 litteram
1603 844 1633 886 se
1647 829 1747 896 iecisse

78 935 143 986 uus,
168 921 205 977 ad
230 923 335 979 Laetam
360 923 395 980 de
419 923 597 980 institutione
612 924 679 980 iiliae
702 925 840 992 scribens,
897 925 1036 996 perhibet,
1062 925 1101 980 ita
1125 923 1159 980 de
1175 924 1229 980 hoc
1247 937 1331 993 opere
1355 921 1385 978 iu
1407 922 1498 991 primo
1512 921 1747 976 Retractationum

79 1011 236 1067 ›reemouuit
267 1011 321 1083 (td)
345 1011 561 1083 diceus(liaur.
585 1013 654 1084 (IV),
683 1013 764 1083 icil:
794 1014 842 1070 da·
896 1028 1017 1071 suarum
1039 1026 1267 1069 commemorans
1286 1010 1388 1082 (lieur.
1405 1011 1428 1076 l,
1455 1012 1514 1081 28),
1530 1011 1560 1064 in
1586 1025 1640 1080 quo
1654 1024 1744 1079 opere,

79 1102 159 1153 mnia
179 1101 351 1169 apocrppda;
372 1107 399 1156 cl
414 1104 439 1154 si
459 1101 569 1170 quando
583 1118 615 1156 ea
634 1117 689 1156 non
711 1101 748 1156 ad
774 1102 839 1171 dop-
898 1103 1004 1173 inquil,
1024 1103 1108 1171 pluro
1133 1105 1247 1172 quesita
1274 1116 1356 1170 quam
1380 1102 1492 1154 inventa
1517 1104 1591 1167 sunt,
1614 1102 1639 1152 et
1655 1113 1746 1153 eorum
1803 1160 1807 1170 1

79 1203 95 1242 n
122 1189 274 1250 veritatem,
300 1190 349 1243 sed
372 1189 409 1244 ad
438 1192 580 1258 signorum
607 1193 788 1245 reuerentiam
803 1191 841 1244 le-
896 1204 956 1256 qaae
971 1192 1085 1244 inuenta
1106 1193 1181 1255 sunt,
1208 1193 1340 1260 pauciora
1357 1192 1480 1258 firmata,
1503 1191 1600 1242 caetero
1625 1202 1688 1241 nero
1703 1188 1746 1242 ila

82 1276 206 1343 voluerit,
230 1278 301 1330 scial
327 1292 382 1331 non
407 1293 500 1332 eorum
524 1293 581 1332 esse
610 1293 726 1347 quorum
749 1276 839 1331 titulis
893 1279 1072 1346 posilooelut
1086 1278 1175 1332 adhuc
1195 1276 1360 1346 requirenda
1380 1277 1445 1331 sini
1466 1277 1552 1331 Beato
1567 1289 1685 1345 quoque
1699 1282 1746 1331 al·

79 1368 191 1432 tianlur,
206 1370 231 1419 ei
253 1365 368 1433 prondis
388 1381 444 1420 esse
461 1367 614 1437 prudentie
628 1381 728 1424 aarum
740 1368 771 1420 in
785 1367 841 1421 laio
895 1372 1017 1422 testante
1041 1365 1224 1435 Hieronymo,
1248 1364 1384 1421 novimus
1403 1377 1514 1419 morem
1536 1363 1745 1420 catholicorum

79 1467 121 1507 re.
151 1453 229 1509 Idem
258 1466 344 1523 super
368 1468 465 1510 ιιιιιιιι
495 1454 649 1524 psalmum,
680 1453 714 1511 de
739 1453 843 1510 inscri—
896 1453 1137 1511 doctorumliuuc
1148 1452 1247 1518 luisse,
1265 1459 1297 1509 ut
1312 1452 1342 1508 iu
1362 1451 1576 1508 commentariis
1589 1452 1652 1508 suis
1671 1465 1746 1508 uou-

79 1554 87 1596 ι
110 1540 186 1596 tituli
210 1540 283 1610 ejus,
306 1541 358 1612 qui
381 1551 423 1599 est
447 1541 625 1613 hujusmodi,
643 1563 657 1592 a
680 1541 842 1599 intellectus
896 1541 992 1597 nullas
1017 1541 1102 1597 etiam
1127 1541 1329 1598 hereticorum
1356 1540 1493 1610 pessimas
1518 1540 1666 1610 opiniones
1685 1541 1746 1596 suis

79 1642 99 1692 ι,
117 1648 131 1677 ιι
151 1630 190 1686 ait
212 1629 252 1685 sie
278 1630 354 1702 (tiit
370 1631 513 1700 Scriptum
536 1635 576 1686 est
597 1631 743 1686 secundum
770 1628 1056 1694 Mat-niuserereul
1086 1629 1243 1691 sententiis,
1280 1630 1361 1696 dum,
1396 1627 1561 1698 perfectioni
1587 1627 1744 1695 studentes,

79 1732 108 1771 n:
134 1715 204 1772 Cum
231 1719 336 1774 locutus
360 1721 459 1786 suisset
493 1722 624 1775 Dominus
648 1725 677 1774 in
698 1718 840 1789 parabolis
897 1716 978 1773 nulla
1003 1717 1194 1788 antiquorum
1218 1717 1391 1787 praeteriisse
1413 1716 1582 1788 gauderent.
1606 1715 1685 1772 Unde
1699 1729 1745 1772 re·

87 1821 141 1861 non
159 1807 352 1876 intelliperent,
368 1816 441 1876 etc.;
460 1809 524 1877 lec,
546 1808 653 1880 iuquit,
674 1810 751 1875 sacta
765 1811 840 1872 sunt,
895 1805 1025 1862 scribens
1047 1805 1083 1861 ad
1108 1806 1225 1862 beatum
1253 1805 1460 1878 Augustiuum,
1477 1818 1543 1861 eum
1557 1804 1595 1860 ab
1611 1817 1644 1860 eo
1657 1817 1746 1873 super

79 1896 237 1964 impleretur
264 1895 337 1961 quod
358 1899 491 1967 scriptum
515 1901 554 1952 est
577 1912 627 1966 per
649 1898 752 1952 isaiam
771 1911 836 1965 pro·
896 1893 1099 1963 expositionem
1126 1895 1281 1965 cujusdam
1297 1894 1351 1951 ioci
1375 1893 1511 1965 Epistulae
1532 1891 1612 1948 Pauli
1626 1892 1664 1947 ad
1687 1891 1744 1949 Ga-

79 1998 118 2037 m:
143 1985 318 2052 Aperiamin
342 1985 483 2054 parabolis
507 2001 535 2040 os
559 2001 656 2040 meum.
689 1985 842 2053 Evangelia
895 1980 968 2038 lalas
983 1983 1157 2052 pulsaretur,
1176 1982 1216 2039 ait
1243 1983 1298 2052 (lv,
1325 1983 1405 2052 dliii:
1429 1981 1532 2047 Queris
1555 1965 1746 2036 cur'dinerim

92 2070 172 2126 ltodle
194 2073 237 2126 iio
259 2073 369 2129 habuit.
386 2076 441 2129 Hoc
459 2076 547 2129 isaias
571 2089 624 2128 non
646 2076 778 2140 loquitur,
794 2071 842 2127 sed
895 2070 924 2123 in
942 2074 1143 2126 commentariis
1170 2072 1300 2140 Epistola
1311 2072 1391 2126 Pauli
1416 2071 1453 2125 ad
1481 2072 1604 2137 Galatas,
1629 2071 1746 2124 Paulum

79 2159 100 2213 l.
126 2159 196 2216 ltem
233 2174 301 2231 ergo
329 2160 499 2230 simpliciter
531 2162 662 2218 dicamus
696 2159 842 2232 quomodo
894 2159 925 2212 id
943 2162 974 2212 in
991 2161 1070 2214 Petro
1093 2176 1148 2214 non
1167 2161 1286 2229 potuisse
1307 2159 1501 2229 reprehendere
1529 2159 1603 2228 quod
1623 2160 1682 2227 ipse
1702 2159 1744 2231 fe·

79 2254 193 2304 tumest
217 2248 247 2305 iu
264 2249 398 2306 Hatthaeo
421 2259 448 2306 et
463 2252 581 2314 loauue,
599 2248 681 2321 quod
704 2249 843 2306 Dominus
894 2252 979 2303 cerm.
1012 2251 1047 2303 Ει
1090 2251 1191 2304 asseris
1227 2250 1429 2303 simulationem
1469 2247 1648 2318 apostoticam
1691 2261 1746 2302 non

92 2342 174 2392 sexta
195 2337 356 2394 crucifixus
380 2339 426 2401 sii,
452 2340 481 2395 lu
505 2340 600 2395 Harco
627 2337 744 2409 quidem
772 2338 842 2393 hora
894 2338 981 2403 misse
1004 2336 1245 2406 dispensatoriam,
1269 2338 1317 2391 sed
1344 2352 1446 2404 ueram,
1464 2342 1489 2390 et
1509 2352 1551 2391 me
1572 2351 1627 2389 non
1650 2335 1747 2391 dedere

79 2440 99 2492 .;
128 2439 209 2482 ιιιοι
235 2426 408 2496 scriptorum
442 2427 508 2494 iuli,
536 2436 564 2484 et
591 2419 627 2483 iu'
648 2428 743 2483 Harco
771 2426 842 2482 hora
896 2424 990 2480 docem
1025 2427 1208 2482 mendacium.
1241 2425 1400 2495 Respondeo
1436 2425 1533 2479 debere
1568 2423 1746 2504 prudentiam

79 2555 80 2562 ι
109 2514 249 2583 scriptum
274 2514 346 2582 iuit;
373 2516 420 2572 sed
449 2516 533 2573 multi
561 2529 613 2585 pro
640 2515 758 2586 episimo
784 2514 841 2586 (is)
897 2518 972 2569 tuom
1000 2516 1220 2584 prefatiuncula
1247 2516 1501 2569 commentariorum
1537 2529 1658 2568 meorum
1687 2528 1745 2568 me·

79 2609 287 2673 oputaveruut
312 2618 373 2660 esse
395 2618 521 2675 gamma,
542 2605 619 2661 sicut
639 2605 677 2661 ini
692 2604 844 2660 erroriuit
897 2604 1018 2667 minime,
1045 2604 1129 2672 qnod,
1167 2604 1380 2658 imbecillitatem
1411 2605 1513 2657 uirium
1542 2617 1664 2656 meorum
1689 2617 1748 2657 sen-

79 2693 185 2758 iorum,
205 2699 237 2746 ut
262 2704 313 2760 pro
336 2692 434 2761 Asaplr
461 2691 564 2748 isaiam
589 2690 757 2748 scriberent.
785 2690 841 2756 Spi-
900 2693 977 2755 tiens,
1008 2691 1133 2758 Oriqems
1160 2694 1452 2747 commentariensem
1480 2696 1599 2746 secutus.
1626 2692 1747 2760 Scripsit

79 2777 153 2834 euim
177 2781 253 2849 quod
271 2778 397 2849 plurima
423 2780 542 2837 ecclesia
561 2781 595 2836 de
618 2779 758 2849 imperitis
772 2793 843 2836 con·
897 2782 968 2834 enim
983 2780 1030 2834 ille
1043 2782 1086 2834 vir
1097 2782 1127 2835 in
1147 2781 1300 2850 Epistolam
1314 2781 1395 2834 Pauli
1408 2780 1445 2834 ad
1460 2779 1573 2834 Galatas
1586 2779 1743 2845 volumina;

79 2877 116 2924 tta
130 2865 186 2924 fuit
201 2867 368 2939 gentilibus.
388 2869 461 2926 Cum
478 2883 547 2939 ergo
563 2869 689 2941 legerent
703 2869 732 2924 iu
751 2869 843 2924 Hvau-
897 2871 1076 2945 pretermitto
1104 2870 1251 2938 Didymen
1275 2869 1412 2923 uidentem
1433 2883 1521 2923 meum
1548 2873 1574 2921 ei
1599 2866 1744 2936 Apollina-

81 2968 87 3010 :
117 2956 151 3011 Ut
178 2957 338 3025 impleretur
372 2957 445 3022 qnod
477 2957 668 3027 scriptumest
693 2958 722 3011 in
746 2957 844 3028 Asopi
897 2973 955 3012 rem
979 2958 1161 3014 Laudicensem
1181 2959 1215 3012 de
1241 2958 1352 3012 emlesia
1366 2973 1453 3027 nuper
1474 2970 1611 3024 epressum
1630 2959 1656 3010 et
1679 2956 1745 3011 Ale·

79 3047 141 3110 reta,
164 3043 211 3099 ille
226 3043 276 3114 qui
294 3044 405 3114 primus
426 3046 569 3102 scribebat
584 3046 845 3119 Evangeliumcoe-
897 3047 1035 3102 mandram
1066 3051 1182 3101 veterem
1212 3047 1378 3111 haereticum,
1406 3048 1496 3115 quiet
1520 3047 1576 3114 ipsi
1602 3045 1744 3099 nonnullos

79 3131 168 3187 icere:
192 3131 264 3196 Quis
287 3140 330 3188 esi
352 3137 403 3191 isle
418 3134 511 3204 asaph
534 3135 769 3206 propnetaimon
784 3141 845 3191 erat
897 3150 979 3204 super
1003 3135 1053 3190 liae
1075 3151 1105 3189 re
1134 3138 1341 3191 commentarios
1378 3135 1558 3203 reliquerunt.
1589 3133 1656 3200 Lepi
1690 3133 1745 3187 lenc

79 3219 126 3274 tiu
154 3221 272 3290 populo.
295 3223 327 3276 lit
351 3223 420 3293 quid
446 3222 533 3279 iecit?
551 3230 582 3280 ut
599 3238 725 3280 errorem
744 3237 845 3280 emen·
898 3225 999 3288 omnia,
1021 3228 1046 3278 et
1070 3227 1100 3277 in
1118 3227 1231 3279 mentem
1254 3240 1341 3279 mecm
1361 3225 1483 3293 plurima
1507 3236 1678 3288 eracemum,
1702 3237 1745 3278 ac-

81 3305 169 3374 ,iecit
184 3323 319 3365 errorem.
336 3311 473 3368 Dicamus
493 3311 605 3382 aliquid
627 3311 721 3368 simile
742 3311 772 3368 iu
788 3311 844 3368 elio
897 3315 950 3368 cito
965 3313 1083 3379 notario,
1104 3314 1145 3368 nel
1165 3328 1225 3368 mea
1247 3314 1289 3368 nel
1308 3315 1400 3368 aliena
1421 3312 1524 3366 dictaei
1562 3313 1650 3366 item:
1674 3311 1745 3365 Dru·

79 3397 232 3453 secuudum
244 3399 407 3455 Hatthmurn
421 3399 525 3470 (ιιιιιιιι,
542 3401 569 3471 9)
582 3414 588 3454 ι
601 3401 719 3467 Retulit,
738 3400 842 3470 inquit,
897 3401 1011 3456 ditionis
1038 3405 1092 3456 lue
1114 3403 1208 3468 fumat
1223 3418 1354 3468 quaerere,
1381 3407 1475 3457 utrum
1498 3416 1531 3455 ea
1555 3414 1615 3470 quat
1636 3402 1745 3467 scripsi

79 3488 115 3539 tio
133 3493 273 3552 argenteos
291 3490 411 3556 pretium
432 3491 592 3558 oppreliali,
612 3491 684 3544 sicut
710 3491 844 3559 scriplum
897 3505 957 3544 mus
972 3488 1137 3544 tornentur
1159 3492 1190 3544 itt
1212 3492 1330 3558 Grecis3
1348 3497 1387 3558 ut,
1411 3492 1436 3546 si
1457 3489 1502 3544 illi
1520 3504 1574 3543 non
1598 3487 1744 3553 dicissent,

79 3575 223 3629 tieremia
241 3575 383 3645 propicio.
404 3578 436 3631 in
458 3576 649 3633 teramnanae
673 3578 787 3647 penitus
802 3576 844 3632 iu·
898 3582 962 3632 tunc
988 3592 1076 3632 meam
1103 3584 1214 3648 proprie
1245 3581 1408 3634 sententiam
1439 3577 1642 3643 condemnares,
1675 3590 1745 3645 prer-

79 3674 169 3716 euou
194 3676 357 3733 possumus,
380 3664 429 3719 sed
446 3665 475 3719 iu
490 3663 629 3720 Zacharia
639 3679 648 3735 ;
660 3662 762 3719 videtis
776 3678 844 3736 ergo
897 3667 991 3721 sertim
1009 3680 1070 3720 cum
1085 3667 1170 3722 leiens
1184 3671 1214 3721 in
1235 3671 1404 3737 prefatiome
1424 3669 1563 3734 consessus
1575 3667 1627 3719 sim
1649 3665 1746 3734 Orige-

105 3748 153 3806 hic
167 3764 248 3807 error
271 3752 324 3808 luit
343 3752 419 3808 sicul
434 3751 483 3808 ibi.
506 3752 580 3819 Quid
604 3753 701 3823 itaque
724 3751 843 3821 mirum,
897 3757 940 3810 nis
965 3756 1169 3810 commentarios
1190 3771 1308 3811 maesse
1335 3760 1468 3821 secutum,
1499 3760 1525 3808 ιι
1550 3754 1592 3808 ocl
1619 3769 1679 3808 mea
1703 3755 1746 3808 oel

88 3837 255 3906 Evangeliis
278 3854 397 3910 quoque
412 3841 553 3897 nonnulla
574 3855 625 3911 per
649 3840 844 3911 ignorantiam
896 3843 990 3897 alieno
1015 3841 1144 3909 dictasse,
1176 3848 1208 3898 ut
1231 3844 1336 3899 lectoris
1375 3844 1491 3898 arbitrio
1518 3843 1743 3910 derelinquerem,

79 3932 169 3982 torum
192 3936 329 3998 corrupta
353 3928 470 3996 luerint,
486 3931 563 3985 itaet
578 3931 607 3984 in
622 3929 737 3998 scriptis
757 3930 846 3997 poste·
898 3935 991 3985 utrum
1010 3930 1156 3999 probando
1180 3937 1268 3987 essent
1289 3948 1325 3987 an
1346 3931 1537 4001 improbando.
1563 3929 1607 3986 Sic
1626 3936 1654 3985 et
1675 3929 1745 3984 bea-

80 4029 107 4070 m
123 4015 252 4084 Patrum,
268 4017 319 4087 qui
337 4016 419 4089 louge
435 4018 555 4073 uriuoris
570 4025 638 4074 suut
652 4014 843 4082 auctoritatis,
898 4028 960 4077 tum
972 4017 1113 4075 Hilarium
1129 4030 1157 4077 et
1175 4020 1331 4077 nonnullos
1349 4026 1463 4075 sanatos
1479 4018 1572 4075 multa
1595 4032 1632 4074 ex
1654 4016 1746 4088 ipsius

79 4115 211 4173 uuquam
230 4103 361 4160 eveniat?
384 4105 413 4160 si
436 4105 534 4175 itaque
558 4104 668 4175 aliquid
688 4117 705 4158 a
725 4102 845 4159 veritate
897 4110 1030 4179 origenis
1063 4107 1109 4164 vel
1137 4107 1260 4164 allorum
1297 4107 1461 4163 errautinm
1486 4106 1599 4176 scriptis
1628 4105 1746 4162 interse-

79 4203 139 4246 fflffl
153 4189 183 4246 5¹¹
198 4192 313 4261 scriptis
332 4191 742 4257 ⁵²⁰010s11mf0sl⁰vid⁰³l¹1rt
760 4189 842 4261 Dium
857 4202 880 4257 D
897 4200 990 4257 ruisse
1010 4197 1159 4255 sententiis
1178 4210 1234 4252 uou
1260 4196 1446 4267 ambigimus,
1475 4195 1639 4266 opinionem
1661 4193 1747 4251 nohis

79 4277 251 4336 thumilitati
273 4295 434 4350 congruum
450 4290 538 4352 atque
552 4281 684 4337 charitati
700 4280 840 4339 debitum,
900 4287 1021 4345 aliorum
1045 4286 1140 4356 potius
1165 4293 1369 4355 presentantes
1383 4299 1472 4357 quam
1494 4284 1664 4341 senteutiam
1683 4296 1747 4353 pro-

79 4367 175 4423 omuia
199 4368 299 4435 credit,
315 4369 414 4425 omnia
435 4377 538 4439 sperat,
553 4371 650 4425 omnia
665 4369 774 4431 suffert,
791 4384 843 4426 uec
898 4375 1037 4444 serentem
1053 4376 1131 4445 quod
1147 4381 1243 4429 tamen
1258 4388 1316 4430 nou
1331 4381 1389 4429 tem
1406 4387 1457 4442 per
1472 4373 1547 4443 ipsos
1561 4371 1644 4428 nobis
1656 4384 1745 4442 quam

79 4493 80 4501 ι
100 4455 171 4512 vitia
193 4471 293 4513 eorum
315 4472 389 4528 quos
408 4458 592 4528 amplectitur
612 4460 788 4529 suspicatur,
810 4466 843 4515 ut
898 4478 949 4535 per
969 4464 1041 4521 alios
1056 4462 1203 4532 postmodo
1228 4461 1365 4517 innotuit.
1383 4460 1464 4517 Unde
1478 4467 1505 4517 et
1521 4459 1675 4531 praedictus
1694 4458 1742 4515 do·

80 4558 129 4601 um
144 4544 299 4615 Scripturas
323 4545 417 4602 locum
445 4561 503 4602 uon
527 4545 648 4603 fideliter
673 4548 842 4619 iuterpreta·
899 4559 960 4608 otor
975 4552 1168 4621 Hieronymus
1182 4549 1217 4606 ad
1234 4550 1426 4622 vigilantium
1445 4548 1656 4618 presbyterum,
1677 4559 1745 4602 oum

84 4639 135 4688 aut
163 4644 333 4704 corruptum
351 4648 412 4691 esse
438 4636 598 4704 credamus,
624 4644 676 4691 aut
698 4650 750 4692 uos
775 4649 843 4692 eum
899 4647 1102 4707 seexcusaret,
1126 4639 1203 4709 quod
1219 4637 1353 4709 Origenis
1376 4636 1451 4692 dicta
1472 4633 1745 4706 nonuunquamrel

82 4720 230 4792 utelllgere
247 4723 443 4793 profiteamur.
898 4736 1015 4800 poneret
1040 4727 1085 4784 vel
1111 4726 1288 4791 transferret,
1316 4727 1346 4783 si
1369 4727 1427 4793 hoe,
1452 4726 1556 4796 iuquit,
1577 4728 1744 4792 ammoneat,

79 4823 91 4866 c
127 4811 198 4867 illud
234 4813 334 4869 miuus
370 4812 577 4870 attendendum
608 4826 669 4869 esse
701 4812 842 4881 arbitror,
899 4822 1034 4887 aequatur
1066 4818 1204 4883 consessor
1233 4817 1368 4883 Hilarius,
1402 4817 1451 4884 qui
1471 4816 1641 4884 psalmorum
1660 4815 1746 4869 inter·

79 4913 99 4955 n
122 4899 190 4956 talia
209 4901 267 4957 siut
280 4915 314 4958 ea
333 4916 399 4972 quae
413 4902 448 4957 de
467 4903 580 4973 scriptis
595 4910 761 4958 sauctorum
781 4914 845 4971 pro·
896 4910 1080 4978 pretationem
1094 4912 1120 4960 et
1145 4905 1273 4959 lamellas
1289 4908 1318 4960 in
1332 4904 1380 4959 iod
1400 4920 1434 4960 ea
1451 4904 1528 4959 libris
1550 4903 1610 4972 ejus
1625 4907 1746 4959 transtu-

79 4994 141 5055 ιιι,
153 5003 219 5059 quas
232 4990 276 5047 vei
289 4991 326 5047 ab
342 4990 410 5061 ipsis
425 4990 493 5047 alibi
507 4998 660 5047 retractata
671 4991 728 5046 siut
742 4997 781 5057 el,
797 5003 846 5046 co-
900 4995 931 5050 lit
949 4994 1004 5066 (lll,
1029 4995 1103 5064 iio).
1131 4993 1184 5051 Ubi
1207 4992 1325 5064 quidem
1346 5007 1412 5049 cum
1436 4992 1578 5050 nonnulla
1605 4993 1744 5062 reperire·

94 5079 240 5148 postmodo
259 5081 390 5149 veritate,
415 5078 684 5146 correcta,sioutiu
700 5079 845 5150 plerisque
899 5098 965 5141 mus
989 5096 1006 5139 a
1032 5081 1152 5139 veritate
1186 5081 1302 5137 dissona
1340 5081 1384 5138 vel
1422 5082 1545 5138 aliorum
1577 5088 1745 5138 sauctorum

79 5179 101 5222 ts
115 5167 205 5237 egerit
213 5168 412 5240 Augustinus3
429 5176 481 5225 aut
491 5167 584 5241 magis
596 5169 756 5225 secuudum
772 5167 842 5224 alio·
899 5172 1015 5242 scriptis
1033 5171 1190 5237 contraria,
1206 5170 1321 5241 Origeui
1344 5169 1539 5241 potiusquam
1555 5169 1665 5227 Hilario
1677 5178 1746 5227 suut

79 5254 244 5324 opinionem
261 5271 350 5328 quam
373 5256 531 5315 meandum
551 5256 698 5328 propriam
718 5257 845 5313 dixerint
899 5260 1083 5331 imputanda,
1108 5260 1172 5316 licet
1198 5259 1258 5329 ipse
1272 5259 1326 5315 hoc
1349 5258 1477 5316 Hilarius
1501 5273 1559 5315 nou
1573 5259 1743 5331 distinguat,

81 5358 212 5431 >coust
237 5365 426 5435 premunivit.
899 5367 1019 5435 Asopo,
1036 5367 1091 5422 ait:
1113 5368 1166 5435 Sic,
1182 5372 1235 5423 etc.

79 5435 93 5502 ’)
136 5434 254 5489 Cous:
297 5450 358 5504 qna
394 5441 433 5490 est
473 5435 652 5507 huiusmodi:
682 5433 845 5494 intellectus
936 5436 1337 5512 (imitacousiuumripu).
1354 5437 1592 5509 lion.:episomo.
