3804 5962
53 169 107 222 tle
632 166 815 225 utroslllo
835 166 1022 227 oneriorlls
1040 167 1233 229 doninica:
1756 175 1810 231 Gli

52 295 269 354 sanctificatum
298 304 326 354 et
354 294 513 354 sanetum?
535 294 641 354 Omnes
669 295 824 368 seriumne
845 296 946 353 cla-d
1264 311 1372 356 rnrrrro
1391 311 1501 355 murra.

55 392 148 454 mant,
177 399 278 443 omues
300 392 457 443 resonant:
473 385 604 441 sanctum
618 400 714 441 nomen
743 389 830 443 tuem.
848 387 906 443 No·
995 388 1057 442 Fiat
1069 386 1195 443 soleatos
1213 393 1263 443 tuo
1289 390 1360 444 sieut
1375 390 1406 442 in
1420 387 1483 442 ecto
1499 391 1523 441 et
1538 386 1569 440 in
1584 389 1669 441 terra.
1694 383 1808 446 Scirum

54 487 121 530 men
137 474 258 546 quidem
282 474 409 540 bomini,
439 474 551 540 iratres,
573 481 705 531 sanetum
719 481 771 542 est,
787 475 836 532 sed
852 475 907 531 ad·
961 475 1039 547 quod
1056 477 1086 533 iu
1100 477 1169 534 coelo
1184 490 1270 534 nemo
1284 485 1452 534 sanctorum
1475 476 1520 533 vel
1543 476 1715 548 angelorum
1727 489 1745 534 a
1759 492 1808 535 ro

56 564 117 619 buc
143 563 173 619 in
203 563 342 620 cordibus
357 563 553 635 quorumdam
569 563 698 634 amplius
729 564 906 621 sanctilloari
961 562 1072 621 luntate
1088 564 1138 621 Dei
1166 564 1275 631 deviat,
1297 578 1380 621 nemo
1407 563 1449 620 illi
1478 562 1661 620 contradicit.
1686 563 1808 630 Quando

55 653 270 724 potestpotest
293 665 421 723 namque
443 650 618 708 sanctificari
640 650 670 707 in
699 651 837 709 cordibus
851 667 906 724 pa·
959 666 1029 722 ergo
1047 651 1109 709 lieri
1126 653 1241 722 poterit,
1261 660 1365 709 utnon
1389 652 1523 709 voluntas
1538 651 1592 708 liei
1619 653 1659 708 ita
1684 652 1715 709 in
1730 660 1808 712 terra

55 754 216 814 generum,
233 739 389 810 inquibus
414 738 543 794 nondum
565 737 781 796 sanctificatum
798 749 841 797 est
857 755 907 812 per
960 739 1037 796 sicut
1054 741 1083 796 in
1098 742 1169 798 coelo
1186 740 1245 809 ilat,
1262 749 1295 797 ut
1311 741 1444 798 videlicet
1461 741 1491 796 iu
1506 746 1584 797 terra
1598 754 1682 798 nemo
1698 742 1742 798 vel
1759 755 1809 815 per

56 830 162 900 lidem;
180 828 209 885 in
224 827 361 884 cordibus
379 826 560 895 ludaeorum,
584 826 614 884 in
651 828 761 900 quibus
775 826 907 887 nondirm
962 829 1170 900 ignorantiam.
1194 829 1241 887 vel
1263 843 1313 900 per
1336 829 1527 900 fragilitatem
1543 829 1705 886 bumauam
1718 828 1810 887 deliu-

56 916 272 976 sanctidcatum
300 923 342 973 est
372 930 423 987 per
437 915 504 972 fidei
540 917 836 988 consummationem;
877 919 907 977 in
961 924 1048 990 quat:
1075 932 1143 975 cum
1160 917 1256 976 intans
1280 919 1371 976 unius
1394 919 1452 975 diei
1469 919 1581 975 nonsit
1604 918 1667 975 siue
1691 925 1809 989 peccato

56 1005 198 1063 cordibus
226 1003 368 1063 lalsorum
390 1003 637 1073 Christianorum,
664 1005 695 1061 in
716 1006 827 1077 quibus
849 1023 907 1066 non
960 1021 1049 1078 super
1065 1015 1171 1065 terram
1187 1007 1254 1079 (Job
1269 1022 1330 1076 xm,
1345 1008 1362 1063 4
1376 1007 1456 1079 juxt.
1487 1007 1587 1078 billi),
1610 1007 1686 1064 etin
1707 1007 1810 1066 multis

55 1104 98 1154 est
126 1092 341 1151 sanctificatum
362 1106 413 1163 per
441 1092 635 1149 dilectionem.
665 1093 759 1151 Potest
789 1109 907 1167 qnoque
958 1094 1139 1152 olieudamus
1154 1110 1254 1153 onines
1270 1096 1338 1166 (lue.
1355 1111 1397 1163 m,
1421 1094 1459 1167 2).
1478 1094 1530 1154 Sed
1546 1095 1701 1153 sciendum
1715 1096 1807 1168 qnod,

56 1182 187 1255 amplius
215 1180 392 1238 sanctificari
433 1180 463 1236 iu
491 1180 632 1238 cordibus
667 1181 827 1240 electorum
855 1198 908 1255 per
960 1185 1040 1252 sieut,
1057 1191 1172 1241 nonest
1187 1173 1372 1255 quantitatis,
1390 1184 1439 1241 sed
1465 1183 1626 1256 qualitatis,
1651 1192 1678 1242 et
1703 1185 1810 1243 simili·

56 1273 198 1343 majorem
238 1269 306 1326 ddei
343 1269 595 1327 confirmationem
624 1278 652 1327 et
686 1273 825 1342 majorem
855 1273 906 1329 Dei
961 1272 1092 1330 tudinem
1109 1273 1249 1342 insinuat,
1277 1286 1335 1329 oon
1350 1272 1558 1346 equalitatem.
1584 1273 1613 1330 Si
1629 1274 1697 1345 quis
1719 1273 1809 1332 edili-

55 1367 83 1417 et
99 1359 306 1431 proximorum
320 1357 514 1415 dilectionem.
530 1357 643 1425 Quanto
657 1359 763 1416 etenim
778 1359 907 1432 quisque
961 1371 1027 1415 care
1051 1359 1171 1416 domum
1197 1373 1318 1430 parram
1342 1360 1503 1417 moundum
1525 1361 1650 1417 formam
1673 1369 1701 1419 et
1715 1360 1811 1434 dispo

56 1448 214 1520 perlectius
228 1447 321 1504 neum
337 1446 428 1503 credit
442 1454 469 1503 et
484 1446 593 1518 diligit,
611 1454 690 1503 tanto
711 1447 838 1518 amplius
854 1463 907 1505 uo·
962 1448 1096 1505 altionem
1123 1449 1230 1506 domus
1252 1449 1381 1520 majoris,
1398 1463 1457 1506 nou
1485 1448 1649 1507 diceremus
1668 1449 1703 1508 de
1717 1463 1810 1521 parra

55 1551 124 1594 meu
152 1536 248 1594 Patris
278 1536 307 1591 in
323 1549 352 1592 se
380 1533 541 1592 sanctificat
570 1543 597 1592 et
613 1535 827 1593 sanctificatum
857 1537 905 1594 de·
962 1535 1062 1592 domo:
1079 1535 1228 1593 Tantaest
1254 1538 1308 1593 ista
1332 1543 1443 1607 quanta
1470 1536 1644 1608 illamajor;
1669 1535 1811 1596 seddice-

56 1632 212 1684 monstrat.
240 1627 324 1680 Peter
339 1630 440 1691 noster,
457 1625 504 1694 qui
527 1638 553 1680 es
568 1625 598 1678 io
618 1626 700 1694 colb,
723 1627 908 1697 sanctificetur
923 1634 945 1690 Β
964 1638 1078 1681 remus:
1095 1623 1173 1681 Talis
1188 1633 1229 1681 est
1246 1625 1300 1683 ista
1315 1624 1414 1698 quatis
1432 1625 1490 1693 illa,
1516 1623 1583 1682 talis
1605 1623 1809 1695 similitudine,

55 1731 157 1771 nomen
186 1720 274 1769 taum.
292 1742 328 1754 -
355 1714 547 1784 sanctificetur
575 1729 671 1769 nomen
700 1719 777 1769 tuum
794 1713 824 1771 iu
847 1729 906 1771 cor·
964 1727 1025 1770 non
1040 1719 1120 1768 tanta
1149 1714 1323 1784 quantitate.
1351 1716 1413 1769 Fiet
1436 1727 1549 1786 ergo,o
1574 1713 1665 1782 Pater,
1682 1713 1811 1771 uoluntas

55 1801 147 1860 dibus
163 1815 357 1874 paganorum,
373 1803 560 1872 sanctificetur
590 1802 620 1858 in
635 1803 772 1860 cordibus
793 1803 909 1860 ludaeo·
965 1804 1015 1855 tua
1034 1801 1152 1855 sicutte
1180 1800 1242 1855 colo
1267 1814 1318 1870 per
1347 1801 1475 1872 angelos,
1500 1807 1528 1857 et
1551 1813 1600 1871 per
1622 1808 1736 1858 sanctus
1760 1815 1813 1873 per

57 1905 137 1960 rurn,
155 1899 188 1947 ut
203 1897 231 1948 et
248 1890 290 1947 illi
308 1891 338 1948 in
353 1899 380 1948 te
395 1890 525 1957 credant,
557 1899 584 1947 et
611 1890 659 1947 isti
677 1891 832 1962 perfectius
847 1905 909 1948 cre·
964 1887 1089 1959 primam
1104 1888 1206 1945 stolam
1219 1890 1281 1959 jam
1302 1888 1487 1961 glorificatos,
1506 1890 1547 1946 ita
1560 1891 1590 1944 in
1602 1895 1676 1945 terre
1690 1902 1742 1961 per
1755 1889 1812 1948 bc-

57 1980 140 2049 dant,
156 1986 184 2037 et
213 1978 334 2051 utrique
348 1977 483 2050 diligant.
509 1979 704 2049 Sanctificetur
719 1978 749 2036 in
772 1978 910 2035 cordibus
965 1976 1058 2033 mines
1078 1975 1280 2049 justificandos
1294 1984 1322 2033 et
1338 1976 1551 2048 glorificandos,
1568 1985 1602 2035 ut
1616 1977 1692 2035 sicut
1709 1977 1752 2034 illi
1770 1975 1812 2036 ia·

58 2068 201 2129 lalsomm
243 2067 486 2135 Christianorum,
529 2075 561 2123 ut
604 2068 680 2123 sicut
719 2065 826 2123 babent
860 2078 911 2135 per
964 2064 1046 2121 ciunt
1060 2064 1240 2123 voluntatem
1256 2074 1336 2122 tuam
1353 2066 1384 2122 in
1402 2066 1485 2133 ooelo,
1502 2066 1543 2122 ita
1557 2080 1621 2123 eam
1640 2066 1748 2123 iaciant
1763 2065 1813 2124 isti

60 2158 148 2217 iidem
177 2155 223 2214 tui
247 2157 455 2229 cognitionem,
484 2155 526 2213 sio
558 2170 677 2227 quoque
705 2154 830 2212 babeant
859 2167 911 2224 per
966 2154 1102 2220 interra,
1128 2153 1182 2211 etsi
1205 2168 1264 2211 non
1295 2154 1458 2211 secundum
1483 2153 1690 2226 equalitatem,
1713 2164 1812 2213 tamen

61 2245 198 2305 allectum
213 2252 241 2304 et
272 2244 464 2302 dilectionem.
524 2245 716 2313 Sanctificetur
753 2242 851 2299 adbuc
880 2241 911 2298 in
963 2242 1124 2299 seeundum
1139 2242 1382 2300 similitudinem:
1399 2242 1423 2299 si
1440 2257 1497 2299 non
1513 2243 1674 2300 secundum
1692 2242 1809 2301 illorum

62 2335 203 2394 cordibus
230 2333 387 2391 electorum
416 2346 468 2403 per
504 2333 643 2404 majorem
672 2331 833 2389 claritatem
866 2344 910 2386 co
963 2329 1178 2401 perlectionem,
1195 2337 1291 2386 tamen
1306 2331 1470 2386 seeundum
1491 2332 1676 2402 perlectionis
1691 2331 1810 2389 illorum

60 2423 216 2497 guiticnis,
255 2429 282 2478 et
326 2421 465 2493 majorem
507 2418 683 2477 suavitatem
725 2417 908 2475 dilectionis:
965 2417 1167 2476 imitationem.
1194 2420 1256 2474 Fiet
1284 2420 1412 2475 voluntas
1434 2423 1492 2486 luc,
1509 2433 1568 2476 non
1589 2419 1685 2477 solum
1706 2420 1737 2477 in
1757 2418 1813 2478 ele-

59 2513 150 2569 Puter
179 2517 281 2580 noster,
312 2512 360 2580 qui
389 2524 416 2566 es
445 2511 476 2564 iu
490 2509 573 2576 celis,
597 2509 784 2578 sanctificetur
813 2522 910 2562 nomm
964 2507 1018 2562 etis
1041 2520 1091 2577 per
1115 2507 1258 2564 bonorum
1296 2521 1417 2579 operum
1455 2508 1677 2577 exhibitionem,
1704 2521 1809 2567 rerum

59 2609 152 2658 suum.
964 2603 993 2652 et
1008 2595 1039 2651 iu
1059 2595 1191 2666 reprobis
1206 2609 1257 2666 per
1286 2597 1431 2653 malorum
1454 2596 1684 2668 dispositionem.
1708 2595 1814 2665 Quam·

965 2684 1011 2742 vis
1043 2697 1111 2741 vero
1148 2684 1292 2740 malorum
1330 2683 1499 2755 dispositor,
1528 2692 1556 2741 et
1588 2687 1726 2757 quamvis
1757 2686 1814 2744 sub

966 2779 1104 2843 potestate
1132 2779 1185 2829 tua
1208 2772 1301 2830 multa
1328 2779 1396 2829 sunt
1425 2773 1513 2841 mala,
1535 2772 1618 2829 nulla
1647 2779 1744 2831 temen
1772 2787 1815 2833 re·

96 2871 238 2930 Adveniet
267 2885 381 2939 regnum
396 2873 486 2924 tuam.
508 2865 585 2932 Quid
613 2874 655 2924 est
683 2864 762 2936 quod
785 2862 910 2935 petimus
926 2850 949 2909 G
964 2860 1079 2933 linquis
1108 2860 1292 2933 inordinata;
1314 2869 1342 2919 et
1363 2861 1406 2919 sic
1430 2861 1461 2918 nt
1477 2861 1508 2918 in
1522 2861 1661 2919 omnibus
1681 2860 1816 2922 voluntas

61 2964 135 3021 dum
163 2960 308 3018 dicimus:
337 2957 475 3014 Adveniet
502 2971 617 3026 regnum
646 2953 744 3010 tuem?
758 2952 910 3026 Numquid
964 2957 1027 3009 tua.

63 3049 221 3109 nonhabet
232 3061 356 3120 regnum
366 3044 616 3116 beustuuuquid
627 3051 800 3102 nonestrex
811 3043 911 3101 Deus?
1262 3053 1371 3098 rsrrrro
1394 3051 1516 3104 ouanrm

63 3140 93 3198 si
117 3139 196 3196 beus
225 3151 284 3194 non
299 3143 341 3193 est
356 3149 418 3203 rex,
448 3140 500 3191 aut
515 3133 541 3190 si
569 3147 629 3190 non
658 3132 745 3189 babet
773 3145 910 3202 reguum,
1001 3130 1103 3185 Pensm
1122 3133 1246 3183 nostrum
1260 3127 1451 3198 quotidianam
1474 3126 1511 3182 da
1529 3126 1605 3182 nobis
1625 3125 1713 3184 bodie
1737 3127 1816 3189 Fecit

64 3228 200 3302 quidest
229 3226 307 3299 quod
334 3225 486 3282 Psalmista
500 3224 560 3279 ait:
591 3223 723 3289 Quonicm
751 3236 802 3276 rea
825 3223 912 3276 omnis
967 3216 1045 3274 Deus
1077 3215 1224 3273 bominem
1257 3229 1294 3272 ex
1323 3214 1487 3272 substantia
1522 3214 1645 3285 duplici,
1677 3229 1814 3289 corporea

64 3326 145 3375 terrae
158 3319 241 3384 Deus,
267 3314 380 3385 mettim
407 3315 566 3384 sapienter?
594 3310 679 3382 (Psoi.
695 3324 771 3378 xum,
795 3312 820 3375 8)
836 3311 913 3382 Ergo
968 3304 1077 3363 seilicet
1096 3311 1123 3362 et
1146 3304 1304 3384 spirituali.
1321 3302 1395 3372 Quia
1426 3304 1516 3374 igitur
1531 3303 1616 3360 bomo
1636 3294 1815 3376 compositus

64 3422 118 3467 rex
132 3414 175 3464 est
190 3406 275 3474 Deus,
304 3411 331 3460 et
360 3417 485 3476 regnum
500 3401 585 3458 babet
614 3402 699 3458 Deus.
729 3398 824 3468 Quare
844 3413 913 3471 ergo
968 3409 1010 3459 est
1023 3413 1061 3458 ex
1075 3395 1190 3453 duabus
1204 3393 1386 3462 substantiis,
1409 3390 1591 3449 necessarius
1605 3400 1647 3450 est
1660 3393 1687 3451 ei
1702 3394 1815 3466 duplex

64 3498 192 3570 petimus
218 3502 251 3551 ut
266 3493 403 3551 adreuiat
417 3505 540 3563 regnum
554 3491 640 3562 ejus?
654 3489 774 3556 Quando
789 3488 915 3559 petimus
969 3490 1064 3562 panis,
1089 3482 1246 3555 corporalis
1274 3488 1302 3538 et
1330 3479 1503 3552 spiritualis.
1536 3480 1699 3552 Corporalis
1719 3482 1815 3542 relleit

63 3594 97 3646 ut
112 3583 249 3642 adveniat
264 3596 389 3655 reguum
403 3581 477 3651 ejus,
493 3593 551 3636 non
575 3579 700 3650 petimus
721 3586 755 3636 ut
778 3575 914 3634 adveniat
969 3588 1084 3646 corpus,
1101 3568 1262 3643 spiritualis
1277 3569 1406 3624 animam
1420 3570 1515 3626 satiat.
1543 3568 1724 3641 corporalem
1739 3571 1815 3642 peti·

65 3674 167 3733 inboc
182 3669 335 3744 quodiam
349 3678 402 3734 est,
433 3667 482 3726 sed
500 3667 529 3723 in
546 3666 600 3724 boc
615 3665 839 3737 quodnondum
860 3670 912 3731 est,
970 3678 1047 3731 mus,
1064 3661 1136 3733 quia
1149 3657 1207 3714 nisi
1228 3659 1305 3715 Deus
1319 3655 1418 3714 lecerit
1434 3664 1540 3714 terram
1565 3657 1739 3728 germinare,
1756 3673 1815 3718 non

64 3762 111 3822 rel
127 3761 224 3834 potius
251 3759 453 3815 manifestetur
468 3757 499 3813 iu
522 3771 555 3812 eo
571 3755 650 3827 quod
673 3754 805 3812 nondum
823 3757 915 3812 mani·
971 3750 1075 3824 poterit
1089 3749 1201 3805 tructus
1218 3759 1286 3802 suos
1300 3745 1478 3801 ministrare.
1502 3743 1691 3815 Spiritualem
1710 3760 1815 3818 panem

64 3853 173 3910 testum
188 3857 239 3907 est.
255 3848 300 3904 Ad
316 3848 376 3905 baec
389 3852 417 3903 et
432 3844 575 3902 nascituri
599 3849 667 3899 sunt
690 3841 785 3910 multi,
809 3843 863 3914 qui
878 3844 916 3901 ad
970 3855 988 3898 a
1002 3840 1060 3896 Deo
1078 3835 1268 3908 postulamus,
1287 3832 1359 3904 quia
1369 3846 1422 3889 nec
1437 3833 1533 3903 ipsum
1547 3832 1606 3888 nisi
1628 3833 1688 3904 ipse
1703 3834 1815 3893 dederit

65 3952 192 4012 reguum
206 3937 270 4009 eius
284 3942 354 3992 sunt
369 3932 580 4005 predestinati;
597 3938 624 3988 et
639 3931 692 4003 qui
718 3928 914 4000 predestinati
971 3926 1159 4001 percipimus.
1176 3923 1261 3979 Hunc
1274 3920 1381 3978 babent
1396 3920 1480 3976 nobis
1494 3920 1662 3990 dispensare
1676 3922 1814 3981 sacerdo-

65 4030 193 4087 necdum
208 4033 278 4085 sunt
292 4026 327 4083 de
342 4039 430 4097 regno
447 4023 539 4095 ipsius
566 4036 636 4088 esse,
661 4020 798 4077 omnibus
823 4022 916 4077 mani·
971 4025 1023 4085 tes,
1046 4012 1168 4085 lliejcm
1183 4011 1317 4080 φυκίων
1340 4009 1412 4063 inter
1433 4007 1644 4076 ἅὶψθηδᾱῑθνθδι
1672 4014 1703 4064 et
1724 4009 1814 4079 ΜΒ

65 4117 160 4175 lestat.
178 4116 316 4174 Adveniet
344 4128 414 4186 ergo
441 4127 557 4181 regnum
586 4117 673 4178 tuum,
697 4109 814 4167 oPater
833 4110 953 4180 coelep
971 4108 1032 4178 quis
1057 4103 1215 4159 inuenietur
1229 4098 1251 4170 (l
1265 4099 1325 4155 cer.
1351 4111 1390 4165 ll.
1405 4096 1445 4168 ἢ·
1467 4094 1541 4161 Quis
1560 4110 1628 4154 lero
1651 4104 1694 4154 est
1708 4097 1816 4156 notitia

65 4207 132 4275 stis,
148 4211 182 4261 ut
196 4218 248 4276 per
262 4211 399 4260 naturam
413 4201 509 4259 earnis
525 4207 701 4273 generentur
731 4197 767 4256 ad
791 4211 915 4270 regnum
971 4192 1148 4266 temporibus
1161 4189 1250 4260 tidelis
1275 4202 1369 4243 servus
1393 4192 1418 4242 ct
1427 4184 1550 4257 prudens
1579 4201 1657 4256 quem
1671 4187 1815 4243 constiutit

67 4299 156 4348 tuum
180 4288 387 4360 predestinati,
415 4293 443 4343 et
458 4284 651 4357 pergratiam
677 4282 815 4355 baptismi
835 4297 912 4355 rege·
969 4285 1097 4342 bominm
1112 4295 1196 4351 super
1226 4276 1365 4346 tamdem
1391 4280 1523 4342 sesemet
1539 4274 1584 4332 det
1605 4275 1661 4332 illis
1676 4275 1765 4333 eibum
1783 4277 1815 4331 in

67 4385 209 4438 necentur
222 4386 250 4436 et
265 4378 346 4444 dant,
373 4374 456 4448 justi,
472 4380 500 4431 et
529 4387 579 4444 per
602 4370 764 4431 claritatem
793 4371 916 4444 iustitiae
970 4382 1091 4444 tempere
1119 4368 1241 4426 ildeliter
1256 4374 1284 4424 et
1299 4364 1478 4437 prudenter?
1494 4365 1570 4436 (buc.
1586 4379 1638 4433 xri,
1653 4365 1710 4438 42).
1736 4364 1817 4424 etde

65 4469 207 4528 omnibus
220 4467 442 4525 manilestentur
456 4478 518 4522 esse
539 4462 592 4520 dlii
607 4462 690 4535 regni
706 4462 761 4520 tui.
776 4461 915 4518 Adveniet
970 4463 1036 4521 liter
1051 4465 1197 4533 quantum
1212 4457 1248 4513 ad
1265 4456 1367 4521 Deum,
1380 4451 1555 4511 utvidelioet
1569 4468 1637 4510 cum
1655 4461 1735 4512 tanta
1749 4451 1815 4522 nde,

66 4573 138 4633 ergo
151 4574 265 4629 nonum
280 4563 369 4625 tuum,
386 4561 419 4611 ut
435 4554 465 4612 in
480 4552 537 4610 line
558 4552 667 4621 saeculi,
695 4552 724 4609 iu
738 4552 785 4608 die
797 4549 914 4622 iudicii,
971 4558 1050 4610 tanto
1079 4550 1193 4613 timore,
1223 4552 1303 4602 tanta
1326 4542 1530 4611 similitudine,
1560 4550 1641 4599 tanta
1665 4542 1816 4612 instantia,

67 4650 99 4710 in
115 4647 328 4707 resurreetione
342 4643 483 4722 generali,
494 4649 665 4714 separentur
674 4654 765 4714 grana
780 4653 798 4698 e
814 4637 916 4711 paleis,
970 4648 1052 4698 tanta
1066 4636 1230 4710 diligentia,
1246 4631 1493 4706 quemadmodum
1516 4630 1647 4703 precipit
1663 4629 1815 4702 boninus,

67 4736 140 4812 agni
154 4737 193 4795 ab
217 4736 316 4804 haedis,
347 4734 561 4793 trumentuma
587 4731 716 4799 eiramis,
732 4738 760 4788 et
787 4727 917 4786 Ecclesia
970 4729 1094 4789 verbum
1107 4726 1156 4784 bei
1182 4725 1338 4796 dispenset.
1355 4721 1526 4788 Prudenter,
1544 4726 1688 4792 quantum
1707 4718 1745 4779 ad
1758 4717 1818 4779 bo·

67 4835 122 4885 tna
146 4839 214 4900 qnae
233 4833 275 4883 est
304 4837 429 4896 regnum
458 4830 555 4891 tuum,
589 4819 624 4877 de
653 4833 789 4891 pressura
818 4817 917 4874 saecrrli
971 4821 1074 4886 mines,
1090 4826 1123 4875 ut
1137 4815 1298 4874 secundum
1312 4813 1499 4883 capacitatem
1511 4809 1698 4881 singulorum
1718 4809 1820 4882 singu-

68 4915 218 4989 praesentis
247 4922 275 4971 te
303 4921 425 4971 vocante
450 4917 578 4968 transeat
613 4908 783 4981 ingloriam
816 4908 918 4978 patrie
972 4910 1014 4966 los
1029 4908 1155 4966 erudiat.
1172 4904 1236 4972 Sed,
1263 4902 1340 4974 quod
1366 4900 1430 4957 sine
1453 4899 1536 4971 gravi
1557 4898 1640 4956 luctu
1661 4897 1818 4957 dicendum

68 5005 203 5064 scelestis.
236 5004 320 5060 item:
350 5002 489 5059 Adueniet
514 5014 627 5069 regnem
663 5004 752 5066 tuam,
778 5004 811 5054 ut
841 4996 917 5054 sicut
971 5013 1030 5055 nou
1044 5006 1096 5063 est,
1114 4995 1243 5052 mundus
1271 4989 1468 5048 sacerdotibus
1483 4987 1587 5059 plenus
1601 4994 1651 5052 est,
1668 4994 1698 5045 et
1721 4994 1818 5047 nmen

67 5108 177 5168 regnas
207 5095 237 5151 in
267 5090 447 5164 J'ustiiicatis,
483 5090 524 5146 ita
553 5088 610 5146 cito
642 5102 744 5162 regnes
777 5087 808 5144 in
832 5086 919 5159 justi·
971 5088 997 5145 si
1011 5088 1049 5144 sit
1063 5087 1116 5158 qui
1137 5086 1246 5143 bonum
1265 5080 1377 5149 audiat,
1400 5092 1458 5136 non
1474 5085 1517 5136 est
1542 5077 1597 5151 qui
1622 5077 1710 5148 dieat,
1730 5078 1819 5152 juxta

68 5183 203 5247 bandis.
234 5189 263 5240 et
292 5181 367 5238 sicut
395 5193 500 5253 regnas
529 5178 560 5234 in
599 5177 657 5235 illis
689 5177 743 5255 qui
764 5175 826 5249 iam
848 5181 918 5235 sunt
973 5175 1060 5233 illud:
1076 5173 1191 5231 Perosis·
1208 5173 1348 5243 petierunt
1363 5184 1462 5240 punem
1477 5172 1503 5224 et
1526 5173 1636 5224 nonest
1656 5170 1705 5241 gui
1720 5169 1818 5241 perri-

67 5273 151 5340 bcni,
177 5272 221 5330 sic
254 5271 378 5344 expulsa
400 5275 537 5342 potestate
565 5267 733 5337 demonun,
764 5280 868 5341 regnes
890 5272 919 5324 et
971 5269 1020 5335 gat
1041 5266 1080 5320 eis
1106 5263 1217 5334 (ibren.
1245 5276 1284 5327 iv,
1312 5259 1351 5330 4).
1368 5257 1445 5324 Quid
1468 5257 1575 5316 dicturi
1590 5266 1658 5317 suut
1696 5259 1819 5332 quidam

69 5364 101 5423 iu
127 5361 200 5432 illis,
224 5362 278 5435 qni
303 5360 401 5419 adbuc
424 5366 493 5418 sunt
525 5357 614 5416 mali:
643 5357 782 5417 Adueniet
804 5371 919 5429 regnum
972 5351 1104 5412 moderni
1119 5349 1279 5410 sacerdotes
1294 5348 1327 5404 in
1344 5345 1524 5419 dieiudieii,
1548 5347 1603 5422 qui
1628 5347 1759 5408 ordinem
1774 5362 1819 5408 aa·

69 5458 159 5512 m.
973 5440 1147 5504 cerdotalem
1174 5444 1371 5512 susceperunt,
1386 5436 1437 5497 sed
1452 5435 1616 5499 inordinate
1640 5437 1740 5501 virere
1760 5452 1820 5501 nea

358 2739 466 2782 ennato
490 2737 629 2780 SECUNDA·
