3804 5962
765 202 878 262 stulto
898 195 968 261 illl.
1227 196 1232 207 ¹
1695 210 1750 269 438

79 350 80 357 ¹
106 329 211 388 cbnsa
235 327 354 402 mando
375 335 419 388 est
446 327 593 399 suscitata,
616 328 679 386 illos
700 327 846 402 signilleat
860 330 884 384 a
899 343 1019 403 surgere
1036 336 1101 403 post
1126 329 1270 399 triduum,
1299 331 1351 404 qul
1369 328 1601 405 quatriduanum
1623 333 1748 392 suscita·

79 426 169 488 tores,
197 432 323 491 quorum
348 425 476 490 peccata,
501 425 596 476 mente
614 425 729 477 tantum
746 431 846 477 conoe·
901 427 983 479 verat
997 419 1149 478 Lazarum.
1164 418 1255 493 cujus
1269 419 1388 491 quidem
1407 420 1586 479 resuscitatio
1599 427 1680 479 tanto
1702 419 1749 480 di-

79 509 208 567 nondum
233 522 283 581 per
306 508 503 579 operationem
531 508 661 566 exterius
686 516 755 565 sunt
777 521 844 581 pro·
898 509 1036 582 ligentius
1055 510 1200 581 descripta
1211 516 1253 567 est
1276 510 1313 566 ab
1337 509 1532 581 Euangellsts,
1549 518 1660 582 quanto
1683 508 1749 581 pls-

79 611 99 654 ι.
124 597 247 654 iuvenis
265 604 363 654 autem
386 604 470 654 extra
486 604 597 668 portam
612 597 724 654 delatus
738 612 786 655 eos
803 596 845 653 si·
899 599 967 655 nius
980 604 1093 656 'nostre
1111 597 1213 655 salutis
1235 600 1362 657 continet
1380 599 1526 668 mysteria,
1556 613 1630 670 quos
1652 597 1749 672 quoti·

79 693 122 756 at,
145 700 272 758 qnorum
291 694 408 757 peccata
423 686 484 758 jam
505 685 536 742 in
554 685 689 743 elicorum
705 699 845 758 prorupe-
900 688 945 745 die
958 688 1058 745 divina
1086 688 1284 745 misericordia
1305 688 1426 754 lelicius,
1450 696 1483 745 ut
1510 686 1649 753 diximus,
1670 702 1751 746 resu-

94 782 132 834 nt
154 775 246 832 rideri
266 775 328 848 jam
357 775 395 833 ab
419 774 555 832 omnibus
574 775 692 846 possint.
718 775 846 832 Lazarus
900 777 983 834 scitat
1007 790 1024 835 a
1051 784 1141 835 morte
1164 777 1278 843 anima,
1303 791 1394 849 quam
1418 783 1488 834 tunc
1513 784 1541 833 et
1555 776 1641 833 semel
1664 778 1749 834 Laza-

86 879 150 923 non
170 865 265 923 solum
289 864 420 937 sepultus
442 879 546 922 rerum
566 866 652 921 etiarn
672 865 844 935 quatridua·
900 880 967 924 rum
988 878 1005 923 a
1028 866 1157 938 corporis
1179 873 1279 924 morte.
1316 865 1441 923 Lazarus
1460 865 1578 938 quippe,
1610 872 1644 922 nt
1671 863 1748 922 dixi-

79 969 131 1013 sos
164 953 321 1027 significat,
347 957 397 1025 qui
422 954 510 1027 longa
546 954 755 1011 consuetudine
778 968 845 1025 pec-
901 953 1051 1026 mus,jam
1066 955 1197 1027 sepultus
1216 961 1244 1013 et
1266 953 1482 1027 quatriduanus
1504 959 1648 1020 mortuus,
1666 952 1748 1011 illum

96 1057 210 1116 magna
239 1050 423 1116 peccatorum
448 1043 523 1099 mole
551 1049 736 1114 premuntur,
755 1050 783 1099 et
797 1041 845 1098 di·
900 1043 1046 1117 significat
1064 1051 1254 1116 peccatorem,
1270 1043 1321 1114 qni
1347 1042 1434 1116 longa
1456 1042 1665 1100 consuetudine
1680 1055 1750 1114 poo-

91 1132 317 1190 consuetudinis
338 1131 479 1203 exemplo,
504 1131 576 1188 alios
599 1131 685 1188 etiam
708 1144 844 1188 cerrum·
900 1133 956 1190 cati
975 1133 1092 1190 interim
1111 1131 1240 1204 dejectus
1261 1139 1304 1190 est
1323 1131 1352 1189 in
1380 1131 1622 1204 profundumm
1647 1129 1748 1189 inille

79 1222 186 1279 :unde
204 1224 233 1278 et
248 1219 345 1279 loetere
368 1218 517 1279 dicuntur.
535 1221 602 1277 ires
621 1220 720 1291 itaque
739 1227 846 1278 mortes
900 1220 1044 1294 prolnndo
1055 1229 1196 1294 tanquam
1213 1221 1243 1278 in
1266 1221 1396 1293 sepulcm
1412 1227 1558 1292 putrescat
1572 1218 1747 1293 quatridua-

79 1325 108 1379 e,
140 1316 200 1367 tres
220 1310 267 1367 isti
292 1311 410 1378 mortni,
441 1316 474 1367 ut
506 1309 644 1377 diximus,
670 1309 843 1381 designant:
900 1325 966 1379 nus,
990 1324 1044 1367 nec
1067 1324 1097 1367 se
1124 1317 1237 1367 tantum
1264 1311 1418 1382 perimens,
1441 1323 1543 1368 verum
1577 1308 1664 1367 etiam
1678 1308 1749 1366 ellos

79 1410 143 1457 tum
168 1399 275 1456 seilicet
294 1398 486 1471 cogitationis,
511 1398 566 1454 boe
584 1405 625 1455 est
646 1406 844 1468 contemptum
900 1397 1031 1471 exemplo
1046 1398 1130 1470 quasi
1154 1396 1255 1456 loetore
1274 1398 1400 1470 quodam
1425 1412 1485 1456 suae
1508 1397 1669 1469 putredinis
1684 1410 1747 1455 cor·

79 1488 157 1546 lbuc
174 1488 206 1545 in
225 1495 321 1545 mente
344 1488 490 1554 latentem,
511 1487 640 1544 nondum
656 1499 842 1559 progressum
900 1501 1048 1558 rumpens.
1069 1487 1150 1544 Unde
1177 1495 1205 1544 et
1231 1487 1302 1545 bens
1332 1486 1430 1545 laetere
1458 1486 1633 1544 describitur
1663 1486 1748 1557 quasi

79 1577 265 1643 serationem3
287 1585 315 1633 et
340 1583 490 1646 peccatum
517 1574 699 1646 operationis,
724 1575 777 1632 boc
799 1582 842 1633 est
901 1576 1126 1649 quatriduanus.
1154 1575 1284 1644 Quatuor
1310 1576 1388 1634 enirn
1415 1574 1474 1634 dies
1502 1590 1576 1648 quos
1600 1575 1631 1632 in
1646 1588 1748 1633 monu-

79 1676 131 1735 per
167 1664 362 1734 operationem
394 1676 547 1734 apparens,
574 1671 661 1734 atque
695 1670 843 1732 peccatum
860 1681 881 1736 g
900 1673 996 1723 mento
1029 1665 1142 1735 babuit,
1179 1666 1396 1723 universitatem
1430 1674 1614 1737 peecatorum
1645 1663 1747 1735 expri-

79 1752 221 1817 etndinis,
238 1759 266 1808 et
281 1752 456 1823 jamdudum
470 1752 500 1808 in
516 1750 681 1822 operatione
696 1751 840 1808 habitum.
898 1762 992 1824 munt,
1008 1754 1118 1826 qulbus
1140 1755 1265 1827 quisque
1286 1755 1429 1826 pessimus
1443 1763 1485 1811 est
1504 1754 1664 1823 involutus,
1678 1759 1746 1809 tan-

79 1841 131 1897 nia
151 1854 261 1913 genera
287 1848 470 1912 peccatorum
490 1848 632 1911 tanquam
656 1847 713 1897 tres
736 1840 842 1898 animae
897 1858 987 1914 quam
1009 1844 1040 1901 in
1066 1843 1115 1901 illo
1138 1843 1282 1916 prolundo
1301 1843 1439 1902 vitiorum
1463 1842 1606 1915 sepultus,
1625 1842 1661 1898 de
1687 1855 1746 1913 quo

79 1944 96 1987 s
123 1931 158 1987 in
183 1931 301 2000 capitor
327 1929 429 2001 psalmi
457 1943 473 1985 a
500 1929 583 1986 beato
610 1929 673 1986 viro
702 1929 843 1986 dicuntur
896 1932 1113 2004 scriptumest:
1144 1936 1272 1990 Peccator
1297 1950 1357 1990 mm
1373 1936 1402 1988 in
1421 1931 1593 2005 protundum
1614 1928 1747 1986 vitiorum
1776 1968 1777 1972 ,

79 2019 147 2085 reri,
164 2032 230 2075 curu
251 2017 316 2074 talis
332 2018 391 2088 ipse
406 2016 591 2082 describitur,
608 2017 659 2088 qui
678 2031 735 2072 non
760 2017 842 2075 able·
896 2022 1009 2090 uenerit,
1045 2025 1193 2077 contemnet
1212 2023 1304 2094 (Pron.
1339 2036 1420 2090 nerra,
1453 2020 1492 2093 ³),
1525 2021 1594 2091 qnia
1619 2032 1687 2076 eum
1715 2017 1746 2075 in

94 2107 220 2165 consilio
244 2107 410 2178 impiorum,
440 2121 498 2163 non
520 2107 628 2164 steterit
653 2107 682 2163 in
709 2107 756 2164 via
780 2121 842 2179 pec
895 2110 981 2181 longa
1003 2110 1158 2180 perstiterit
1186 2110 1394 2169 consuetudine
1417 2108 1565 2181 peccandi,
1594 2121 1660 2180 quae
1683 2106 1745 2179 jam

79 2211 129 2265 tm,
159 2209 217 2252 non
246 2196 351 2252 sederit
375 2197 405 2252 iu
434 2196 571 2252 cathedra
599 2195 771 2253 derisorum.
801 2197 839 2253 At
895 2198 919 2255 ei
937 2199 1012 2255 lacta
1032 2205 1075 2255 est
1090 2199 1173 2270 quasi
1198 2199 1290 2256 altera
1313 2207 1430 2268 natura,
1454 2197 1537 2271 gravi
1556 2197 1627 2270 jugo
1647 2195 1745 2267 ipsum

79 2299 127 2341 arn
143 2285 317 2341 resurrectio
339 2284 433 2340 Lazari
451 2285 487 2342 ad
514 2291 694 2356 praesentem,
716 2293 748 2342 ut
764 2285 840 2342 dixi·
895 2286 1040 2358 deprimit,
1062 2287 1225 2344 salutileras
1247 2286 1376 2345 fldelinrn
1399 2284 1616 2344 exhortationes
1629 2281 1676 2342 rel
1698 2280 1744 2340 di·

93 2375 308 2433 solemnitatem
327 2374 456 2430 maxime
481 2374 623 2445 pertinere
650 2373 839 2446 dignoscitur,
894 2373 965 2432 rina
980 2374 1089 2430 monita
1110 2388 1250 2446 respuens
1272 2374 1440 2431 contemnit.
1462 2373 1543 2431 Unde
1563 2372 1616 2444 ipsi
1644 2382 1745 2431 necea·
1830 2444 1838 2452 ³

79 2463 162 2521 rium
180 2463 244 2534 ejus
258 2475 352 2519 sermo
368 2469 466 2518 noster
481 2470 512 2518 ut
527 2464 666 2534 coepimus
681 2477 842 2535 prosequa·
896 2462 1006 2519 sarium
1021 2469 1074 2531 est,
1089 2471 1123 2520 ut
1141 2476 1193 2534 pro
1217 2463 1295 2520 illius
1322 2462 1514 2520 obstinatione
1538 2461 1651 2519 devotio
1674 2458 1745 2517 lide·

79 2552 153 2618 lnod
169 2559 202 2609 ut
216 2550 302 2608 iaciat
316 2550 494 2623 diligentius,
514 2551 602 2623 paulo
618 2552 738 2610 historia
752 2553 840 2610 altius
895 2550 967 2607 lium
982 2549 1150 2619 intercedat,
1166 2559 1197 2608 ut
1213 2552 1379 2609 interventu
1393 2553 1504 2608 'eornm
1524 2550 1630 2608 dirinae
1644 2549 1745 2622 gratis

79 2650 155 2699 etur.
416 2712 420 2717 ⁵
895 2647 1057 2710 respectum
1083 2647 1266 2710 assequatur,
1283 2655 1342 2711 quo
1363 2639 1405 2697 illi
1426 2639 1601 2711 poenitentiae
1620 2638 1745 2711 gemitus

79 2734 120 2788 ert
149 2731 247 2802 itaque
275 2732 409 2798 loannes,
432 2729 522 2803 quod,
550 2744 617 2787 enm
646 2730 721 2788 laeta
744 2738 838 2790 essent
896 2729 1063 2799 inspiretur,
1095 2736 1123 2785 et
1145 2743 1303 2785 conversus
1326 2729 1464 2786 salvetur.
1487 2727 1568 2786 Unde
1595 2727 1668 2784 bene
1693 2738 1744 2798 pro

79 2819 115 2877 ria
141 2820 173 2875 in
196 2818 389 2889 ierosolymis,
413 2827 441 2875 et
461 2818 501 2875 ibi
529 2826 603 2876 esset
631 2820 771 2878 Dominus
793 2823 841 2878 le-
896 2817 984 2874 lratre
999 2816 1105 2873 Lazaro
1133 2817 1262 2874 sanando
1284 2829 1397 2873 sorores
1419 2816 1483 2887 ejus
1510 2814 1742 2884 intervenerunt,

79 2916 108 2967 et
131 2913 295 2980 quererent
316 2921 383 2964 eum
400 2908 492 2964 ludaei
516 2909 740 2979 apprehendere,
768 2911 839 2968 exiit
856 2958 877 3014 c
896 2908 960 2978 ejus
973 2905 1170 2963 infirmitatem
1193 2905 1313 2963 Domino
1332 2904 1504 2963 nuntiando.
1521 2902 1609 2971 Quem
1626 2903 1662 2959 ad
1677 2903 1744 2960 sub

79 2997 178 3054 tnibns
191 3003 344 3064 eorum,et
368 2996 438 3053 abiit
454 2997 557 3053 iterum
579 3003 659 3053 trans
674 2996 837 3067 tordanem,
894 2995 1070 3054 veniendum
1096 2995 1261 3062 invitantes,
1291 2994 1360 3051 satis
1392 2994 1446 3051 boc
1472 3007 1532 3051 esse
1555 2999 1743 3062 censuerunt,

79 3092 161 3144 uerat
188 3085 312 3142 loannes
340 3084 497 3155 baptizans,
521 3092 549 3141 et
581 3085 688 3142 mansit
715 3085 782 3143 illie.
805 3087 841 3143 Et
894 3084 1063 3142 utDomino
1088 3085 1257 3143 nuntiarent
1283 3083 1367 3141 amici
1394 3081 1441 3139 sui
1467 3090 1597 3151 mortem,
1623 3087 1652 3138 et
1673 3093 1744 3152 pro·

84 3175 195 3233 Lazaro
208 3175 268 3246 iam
292 3172 459 3245 languente,
488 3173 629 3231 miserunt
648 3173 685 3230 ad
711 3189 778 3231 eunt
798 3189 842 3232 so-
894 3175 988 3246 priam
1004 3173 1039 3232 de
1062 3173 1230 3230 infirmitate
1255 3172 1351 3230 iratus
1372 3171 1585 3229 desolationem.
1601 3169 1648 3227 Sic
1666 3169 1744 3226 enim

107 3262 175 3335 ejus
197 3262 289 3319 llaria
322 3271 350 3319 et
378 3263 502 3331 llartba,
530 3262 684 3320 dicentes:
717 3266 838 3334 Domine,
894 3262 1064 3319 mandantes
1085 3260 1246 3319 dixerunt:
1271 3262 1394 3331 Domine,
1417 3275 1474 3316 eece
1496 3275 1575 3330 quesn
1602 3274 1679 3314 amos
1701 3259 1744 3314 in·

94 3366 176 3408 amus
194 3353 352 3422 inamatus
372 3351 468 3423 (donn.
496 3366 536 3419 nr,
567 3353 604 3413 3).
638 3351 702 3417 Quo
730 3353 840 3424 audito,
894 3354 1038 3421 nummum
1062 3364 1114 3407 uec
1135 3350 1337 3407 addiderunt:
1361 3349 1433 3406 Veni
1448 3355 1476 3406 et
1498 3362 1570 3406 cura
1592 3360 1673 3419 eum;
1690 3360 1744 3404 uec

79 3448 94 3500 t
129 3441 270 3498 Dominus
302 3440 332 3497 iu
358 3440 456 3497 eodem
493 3439 554 3496 loco
584 3440 700 3498 duobus
727 3442 838 3500 diebus.
894 3447 954 3497 taur
976 3438 1085 3496 orando
1100 3451 1189 3508 quam
1213 3436 1375 3494 nuntiando
1397 3437 1475 3508 quod
1494 3435 1742 3507 volebampostu-

79 3545 107 3600 s,
132 3543 201 3586 cum
233 3529 355 3587 dixisset
376 3528 525 3600 discipulis
556 3530 696 3587 Lazarum
722 3531 838 3589 interim
892 3528 1036 3585 laverunt.
1062 3525 1228 3583 senserim
1258 3525 1445 3584 erediderunt
1467 3525 1588 3582 Domino
1607 3523 1744 3582 nuntiare

79 3632 138 3677 nm
158 3632 229 3686 esse,
253 3617 335 3674 venit
357 3617 526 3674 Betbaniam
549 3632 619 3676 cum
643 3619 725 3689 ipsis,
745 3627 772 3676 et
794 3619 839 3676 in·
893 3617 1068 3674 anxietatem
1092 3614 1177 3672 amici
1200 3614 1258 3680 sui,
1278 3621 1367 3685 atque
1390 3627 1492 3682 suam;
1506 3621 1646 3685 tanquam
1671 3611 1743 3669 illud

89 3707 234 3766 Lazarum
268 3712 395 3776 quatuor
423 3705 485 3763 dies
506 3706 565 3775 jam
593 3707 623 3762 in
650 3714 840 3764 monumento
894 3704 1081 3776 proverbium
1112 3702 1289 3760 attendentes
1307 3717 1314 3758 :
1332 3703 1447 3759 Amisus
1468 3708 1495 3757 et
1512 3701 1632 3757 medicus
1646 3704 1677 3756 in
1698 3716 1743 3757 ns·

79 3803 154 3853 tem.
182 3795 216 3850 lit
239 3795 435 3852 suscitaturus
455 3802 612 3863 mortuum,
647 3795 839 3865 pervenitad
892 3796 1016 3850 cessitate
1041 3792 1204 3862 protuetur.
1229 3791 1311 3849 Unde
1333 3792 1402 3848 satis
1428 3790 1646 3848 estimaverunt
1666 3789 1743 3846 ami·

79 3896 168 3951 nuru,
186 3884 254 3939 brut
268 3887 369 3952 cutem
391 3890 423 3941 ut
448 3882 586 3950 diximus,
605 3884 736 3953 spelunea
751 3888 777 3939 et
800 3884 840 3939 lo·
892 3882 990 3941 citiam
1009 3880 1071 3937 lieri
1100 3894 1167 3938 eum
1192 3878 1319 3936 dieunt:
1347 3881 1412 3936 lieet
1432 3895 1511 3950 quent
1534 3893 1620 3934 umas.
1637 3879 1743 3949 Llagna

79 3974 244 4046 perpetitur
263 3975 299 4028 ei.
329 3974 363 4028 Ει
389 3972 428 4028 ait
452 3972 557 4029 iesus:
594 3974 689 4028 lottite
719 3973 840 4041 lapidem
892 3970 1000 4028 Ddueia
1020 3981 1123 4026 earum
1149 3968 1178 4025 in
1199 3969 1254 4025 bac
1275 3981 1329 4025 sua
1353 3967 1490 4039 petitione
1514 3966 1674 4038 plurimum
1690 3978 1743 4022 nos

79 4074 118 4135 go
149 4061 280 4117 tulerunt
299 4060 433 4131 lapidem,
467 4074 538 4118 voco
567 4074 674 4132 magna
701 4061 840 4119 clamavit
893 4059 1056 4128 conllrmat,
1077 4064 1109 4115 ut
1132 4057 1205 4114 nihil
1226 4057 1420 4114 baesitantesa
1441 4056 1562 4113 Domino
1583 4051 1742 4113 necessaria

95 4147 244 4215 :Latere
274 4150 336 4202 oeni
361 4149 448 4215 torus.
478 4150 515 4203 Et
538 4150 633 4204 statim
657 4149 764 4219 prodiit
792 4151 841 4221 qui
894 4155 1060 4206 constanter
1096 4146 1283 4218 postulemus.
1308 4146 1508 4204 interveniunt
1541 4157 1594 4216 pro
1628 4143 1742 4201 inlirmo

79 4252 81 4263 ·
118 4241 253 4303 nmium,
291 4237 392 4303 ligatas
426 4235 507 4306 pedes
538 4242 564 4292 et
597 4252 695 4293 manas
724 4240 838 4306 institis,
856 4255 878 4308 p
895 4237 1025 4294 nondum
1050 4245 1172 4302 mortuo,
1196 4236 1266 4308 quia
1290 4234 1367 4292 vivis
1392 4234 1499 4306 adbuc,
1516 4248 1574 4292 non
1599 4231 1743 4292 delnnctis

79 4326 131 4383 sies
154 4325 230 4380 iltius
265 4323 382 4381 sudario
416 4331 476 4380 erat
503 4326 600 4394 testa.
625 4328 700 4382 Dicit
730 4331 768 4382 eis
792 4328 842 4382 Je-
897 4325 1067 4398 supplicatio
1093 4325 1222 4383 bdelium
1244 4324 1357 4397 prolicit
1376 4332 1408 4383 ut
1431 4323 1577 4382 salubrem
1600 4322 1741 4396 peniten-

83 4414 191 4472 Solvite
213 4429 286 4481 cttm,
311 4412 631 4471 etsinr'ieobire.llrt1ti
656 4431 763 4485 mgoerc
784 4416 840 4471 διι-
896 4416 966 4472 tiam
987 4415 1121 4473 babeant.

87 4504 139 4571 qui
160 4506 292 4557 cenerum
316 4501 353 4556 cd
376 4505 505 4569 Danum,
529 4508 555 4557 et
575 4502 702 4559 uideant
726 4519 785 4574 qna
800 4505 840 4571 (s-
932 4506 965 4561 ln
992 4505 1083 4562 llaria
1103 4511 1132 4562 et
1151 4504 1262 4561 llartba
1283 4504 1412 4562 universi
1432 4503 1529 4561 lideles
1554 4500 1742 4574 comprehen-

79 4590 249 4647 rediissent
283 4592 314 4645 in
347 4606 418 4647 enan
442 4592 560 4659 Quidem
587 4598 677 4647 antem
709 4608 744 4648 ea
771 4595 841 4663 ipsis
895 4593 1018 4662 duntur,
1056 4600 1115 4650 mm
1147 4591 1376 4664 conmuptattvae
1410 4592 1520 4649 scilicet
1548 4591 1616 4649 ritae
1654 4603 1742 4662 quam

79 4683 119 4737 unt
143 4678 183 4735 od
196 4681 358 4749 Pharisaeos,
384 4686 410 4737 et
424 4681 559 4738 dumont
575 4684 614 4737 eis
630 4697 691 4752 quae
710 4684 777 4750 (ecit
789 4683 840 4737 Je·
896 4683 999 4740 aetium
1016 4699 1023 4738 :
1038 4695 1166 4755 quarum
1185 4683 1328 4740 orationes
1345 4682 1416 4739 dnm
1435 4681 1489 4738 sibl
1511 4679 1742 4752 conjunguntur,

79 4770 251 4839 consensa
276 4785 340 4839 ergo
365 4773 507 4841 poniittses
539 4774 566 4826 et
594 4769 727 4826 Pborisai
749 4776 841 4827 eenn-
895 4769 978 4828 lacile
993 4784 1045 4843 pro
1068 4770 1132 4828 aliis
1150 4784 1268 4842 quoque
1293 4770 1448 4842 impetrant
1467 4783 1533 4841 qum
1548 4769 1590 4826 illi
1610 4782 1669 4826 non
1683 4780 1744 4825 me·

99 4863 130 4915 et
152 4857 304 4914 mount:
329 4858 403 4925 Ouid
432 4858 573 4926 tacimus?
600 4862 668 4930 qnia
690 4861 733 4916 bic
764 4861 841 4917 bomo
896 4869 1007 4920 rentur.
1042 4861 1078 4917 lit
1103 4859 1265 4918 nomndnm
1297 4859 1386 4932 quod,
1414 4857 1584 4915 adveniente
1613 4857 1743 4914 Domino.

97 4951 184 5017 signu
197 4949 276 5015 teat.
302 4948 333 5005 si
351 4947 517 5004 dimittimus
534 4964 595 5004 eum
618 4951 667 5017 sie,
683 4964 772 5005 omnes
786 4965 842 5006 ere·
896 4949 1076 5017 Detbaniaru,
1103 4946 1217 5004 llartba
1241 4944 1368 5005 occurrit
1390 4945 1440 5003 llli.
1463 4945 1555 5003 llaria
1574 4952 1671 5004 autem
1691 4945 1747 5004 do·

79 5040 106 5093 ta
128 5051 201 5099 suns,
221 5043 275 5093 etc.
303 5035 399 5107 (leid,
426 5036 534 5105 itt-lt.)
557 5037 601 5093 lin
629 5051 688 5108 qno
716 5037 841 5109 prolecto
895 5040 936 5097 ml
964 5038 1091 5096 sedebat.
1115 5037 1160 5093 En
1181 5051 1241 5108 quo
1266 5036 1421 5111 diligenter
1444 5035 1605 5093 activorum
1628 5040 1657 5093 et
1675 5048 1747 5093 con-

79 5139 150 5196 ,sx
183 5125 238 5182 boc
265 5125 392 5198 denique
415 5125 557 5182 miraculo
577 5126 719 5184 adversus
741 5126 841 5184 Domi-
897 5126 1132 5200 templatirorum
1152 5124 1214 5183 rita
1227 5122 1411 5184 describitur.
1430 5124 1521 5182 lctirl
1540 5125 1650 5198 quippe
1667 5131 1747 5193 suut,

80 5214 202 5274 lndaos
231 5214 359 5271 maxime
380 5221 537 5272 mmmotos
561 5213 657 5281 luisse,
679 5221 707 5271 et
725 5214 755 5271 in
778 5215 843 5287 ejus
897 5219 948 5289 qut
967 5216 1045 5274 eirca
1068 5214 1196 5287 proximi
1220 5227 1340 5272 cansam
1367 5214 1495 5272 maxime
1512 5214 1656 5287 occupati,
1675 5220 1749 5272 tem·

79 5316 113 5363 rx
133 5312 207 5360 tunc
224 5302 370 5375 precipue
393 5302 595 5375 conspirasse:
612 5311 752 5376 tanquam
774 5316 842 5362 sum
896 5304 1009 5377 poralia
1044 5305 1119 5362 bona
1148 5309 1317 5377 procurant,
1353 5310 1388 5363 ut
1425 5303 1553 5363 babeant
1588 5302 1667 5363 unde
1696 5303 1751 5363 trl·

79 5391 149 5453 ndo
172 5392 285 5465 possint
301 5391 406 5460 delere,
432 5406 484 5463 per
502 5406 590 5467 quern
613 5401 742 5453 mortuos
756 5408 843 5454 nove·
899 5395 992 5453 bnant
1014 5393 1211 5454 necessitatem
1237 5392 1375 5466 patientl3
1391 5401 1420 5453 et
1441 5394 1472 5454 in
1491 5392 1688 5455 exunoubns
1702 5407 1751 5457 ac·

79 5482 239 5543 suscitatos
252 5494 328 5552 esse,
349 5481 435 5554 quasi
450 5489 584 5542 mortuus
608 5497 669 5541 non
688 5490 782 5556 posset
797 5498 843 5546 re·
900 5484 1032 5545 tionibus
1059 5483 1233 5555 laborantes,
1247 5483 1297 5544 llla
1310 5482 1431 5556 implent
1444 5488 1532 5558 opera
1549 5483 1753 5544 subulcordiss
