3804 5962
501 211 701 270 runonocra
721 211 946 270 cunrsrrnrnt.
965 214 1077 270 -rte
1098 213 1131 271 u.
1572 204 1573 208 '
1624 219 1693 275 rtet

79 346 184 407 cecata,
199 340 289 410 seipse
305 338 490 397 interemerit.
505 338 598 411 blagis
612 337 689 396 enim
706 353 787 396 mens
802 339 826 394 Α
841 339 1029 410 migrandum
1056 349 1109 410 est,
1124 355 1161 398 ne
1174 355 1283 399 munus
1306 342 1489 415 assignatum
1518 354 1536 399 a
1556 346 1615 402 lieo
1631 345 1693 417 ipso

87 428 323 500 deprehenditur,
348 443 414 500 qnae
437 426 512 484 terre
540 443 598 484 non
629 437 718 499 potest
746 429 792 486 rel
846 426 955 500 legisse
992 429 1187 487 videamini.»
1221 430 1384 488 Macrobius
1423 445 1511 503 snper
1544 431 1625 490 hunc
1652 434 1691 493 lo·

79 518 123 575 sui
155 517 281 587 corporis
314 517 495 573 severitatem
527 516 715 588 [servitoremt
746 515 791 573 rel
847 532 913 573 cnm
941 518 1013 590 (biit
1030 540 1045 570 ι
1073 520 1140 575 llaec
1161 525 1237 575 secta
1258 526 1287 576 et
1311 520 1462 590 praeceptio
1491 521 1619 580 Platonis
1638 530 1692 591 est,

88 606 169 678 vulgi
186 606 361 676 opinionem,
387 604 462 663 sicut
484 605 519 661 de
538 605 644 663 Catone
662 606 708 661 ret
731 605 792 661 bu·
847 606 899 677 qni
925 606 954 662 in
974 606 1116 664 Phaedone
1129 606 1230 664 delinit
1245 607 1355 664 homini
1374 621 1433 665 non
1447 622 1507 665 esse
1521 622 1576 667 sua
1590 620 1692 682 sponte

79 693 192 764 egimus,
216 708 282 750 cum
304 693 351 750 iile
366 693 484 766 quidem
504 694 555 764 qui
579 693 651 750 tanti
666 693 792 750 nominis
846 695 1038 752 moriendum.
1060 694 1113 752 Sed
1134 696 1163 751 in
1183 695 1281 754 eodem
1298 703 1393 753 tamen
1415 696 1529 770 dialogo
1556 698 1633 757 idem
1651 700 1693 757 di·

78 783 101 840 is
121 782 328 850 aetimabatur,
349 784 475 854 seipsum
494 781 581 839 Uticae
595 782 740 849 occiderit,
756 795 792 838 ne
847 782 885 840 cit
905 792 1025 841 mortem
1043 783 1315 855 philosophantibus
1335 785 1537 857 appetendam,
1556 793 1584 843 et
1600 787 1692 859 ipsam

79 885 139 928 sare
155 871 316 928 libertatem
340 872 499 938 amitteret;
522 878 550 927 et
567 869 617 927 itta
637 870 732 928 laudis
748 871 788 926 ni·
847 872 1058 944 philosophiam
1098 873 1316 930 meditationem
1350 887 1411 930 esse
1447 874 1599 932 moriendi.
1636 876 1692 934 Sed

79 960 149 1028 rita,
163 961 256 1018 verita
278 961 365 1018 sitne
382 968 546 1032 putaretur,
562 958 792 1030 quodviolenter
846 960 924 1016 Plato
944 961 1018 1018 duas
1036 967 1142 1018 mortes
1168 961 1319 1020 hominum
1343 962 1434 1030 novit,
1455 976 1509 1020 nec
1535 962 1591 1020 hoc
1611 978 1692 1023 nunc

79 1063 101 1106 ta
121 1064 187 1106 curn
212 1050 331 1119 viveret,
358 1049 481 1106 libenter
501 1062 583 1119 passa
599 1047 623 1104 si
644 1047 763 1104 viveret.
776 1068 790 1096 o
845 1056 943 1119 repeto
958 1049 1037 1120 qnod
1057 1049 1192 1121 superins
1209 1049 1320 1108 dictum
1338 1056 1391 1118 est,
1408 1050 1483 1108 dnas
1501 1065 1561 1109 esse
1574 1060 1690 1112 mortes.

86 1138 225 1196 eodem:‹
252 1137 281 1194 Si
304 1151 409 1210 magno
424 1138 522 1193 animo
544 1136 605 1192 steri
629 1135 791 1206 putandum
846 1151 935 1195 unam
951 1137 1064 1206 animae,
1087 1138 1223 1196 animalis
1242 1139 1373 1197 alteram.
1390 1138 1444 1197 Sed
1465 1140 1557 1212 ipsius
1572 1156 1691 1214 quoqne

79 1225 152 1284 isibi
172 1227 256 1283 homo
269 1227 374 1298 ingerit
387 1233 518 1291 mortem,
536 1224 581 1281 ille
595 1224 689 1295 potius
703 1224 790 1280 Theo·
846 1225 992 1297 animalis,
1026 1227 1080 1284 hoc
1104 1234 1147 1284 est
1177 1227 1314 1295 hominis,
1338 1229 1412 1286 dnas
1438 1228 1539 1286 asserit
1573 1239 1691 1300 mortes,

79 1315 133 1387 [55)
155 1316 185 1371 in
214 1316 269 1372 bac
292 1315 380 1371 aniani
408 1313 611 1386 magnitudine
638 1314 790 1384 reperitur,
847 1329 974 1386 quarum
997 1329 1088 1373 unam
1110 1323 1228 1386 natura,
1253 1317 1375 1374 virtutes
1399 1317 1520 1375 alteram
1542 1327 1690 1390 prestant.

79 1412 154 1461 irunt
168 1405 238 1461 lecto
258 1404 384 1461 Platonis
399 1404 482 1471 libro,
499 1404 550 1459 ubi
570 1403 605 1459 de
621 1402 790 1459 immortali·
847 1406 939 1462 ilomo
962 1404 1039 1461 enim
1066 1406 1189 1462 moritur
1210 1420 1276 1462 cum
1302 1406 1400 1463 anima
1427 1419 1533 1478 corpus
1554 1408 1693 1481 relinquit

79 1508 129 1550 mae
153 1494 331 1564 disputatum
358 1500 409 1562 est,
434 1507 464 1549 se
487 1492 660 1564 precipitem
681 1492 792 1548 dedisse
847 1492 975 1549 solutum
990 1490 1051 1564 lege
1065 1499 1187 1550 naturae.
1203 1493 1272 1550 llori
1286 1494 1361 1551 enirn
1378 1493 1492 1564 dicitur,
1512 1510 1580 1553 cnm
1593 1498 1692 1556 anima

79 1600 97 1653 r,
120 1591 208 1654 atque
232 1584 271 1639 ita
293 1584 328 1640 de
350 1583 405 1639 hae
427 1582 487 1639 rita
508 1583 648 1654 migrasse
669 1581 706 1637 ad
728 1594 830 1679 eamB
849 1581 946 1639 adhuc
972 1581 1002 1637 in
1031 1584 1149 1652 corpore
1172 1583 1329 1639 constituta
1354 1596 1506 1654 corporeas
1534 1584 1690 1650 illecebras,

79 1672 181 1729 redidit
196 1687 256 1728 esse
277 1671 458 1728 meliorem...
474 1670 554 1738 Quod
575 1679 671 1728 tamen
687 1684 792 1742 magno
847 1670 1030 1743 philosophia
1069 1671 1196 1738 docente,
1232 1672 1398 1742 contemnit,
1438 1678 1466 1730 et
1499 1674 1692 1746 cupiditatum

79 1775 130 1818 esse
156 1761 273 1827 lactum,
296 1775 385 1831 qnam
411 1759 493 1827 bene,
519 1759 598 1816 testis
617 1772 678 1815 esse
699 1758 793 1829 potuit
846 1755 944 1814 dulces
962 1754 1081 1813 insidias
1105 1756 1292 1828 reliquasque
1319 1770 1419 1814 omnes
1443 1757 1565 1817 exuitur
1584 1760 1691 1832 passio·

79 1863 115 1906 ise
140 1863 227 1920 quem
246 1848 365 1921 legerat,
393 1849 444 1919 qni
460 1846 584 1917 prolecto
601 1846 630 1903 id
646 1844 792 1919 praecipue
846 1858 907 1902 nes.
924 1847 1004 1902 lianc
1022 1859 1091 1917 ergo
1106 1852 1227 1902 mortem
1248 1844 1316 1902 dicit
1341 1845 1421 1903 Plato
1446 1846 1628 1918 sapientibus
1642 1861 1691 1920 ap-

81 1950 190 2009 umque
215 1937 325 1994 lecisset
347 1936 393 1994 rel
417 1936 504 1992 etiam
520 1936 712 2007 precepisset,
735 1934 792 1991 nisi
847 1934 1010 2005 petendam.
1035 1933 1117 1990 lllam
1140 1948 1210 1990 vero
1235 1947 1325 2006 quam
1348 1934 1484 1993 omnibus
1497 1943 1605 1994 natura
1625 1951 1694 1994 con·

79 2040 98 2083 e
119 2040 178 2097 qua
192 2025 436 2082 immortalitatem
459 2024 562 2080 animm
575 2024 657 2086 vidit,
679 2037 792 2094 nequa·
846 2023 950 2090 stituit,
966 2022 1041 2095 cogi,
1061 2021 1106 2079 rel
1122 2022 1233 2091 interri,
1256 2021 1301 2080 vel
1321 2024 1456 2082 accersiri
1475 2032 1563 2094 vetat,
1588 2025 1693 2084 docens

80 2112 227 2177 ciendum,
246 2110 420 2182 quinetiam
436 2107 649 2179 prohibendum
668 2107 793 2177 esseju·
846 2111 1068 2181 exspectandam
1090 2125 1151 2169 esse
1183 2119 1330 2168 naturam.
1361 2112 1420 2170 Hoc
1442 2128 1560 2186 quoqne
1583 2114 1693 2172 addidit

92 2223 107 2252 n
131 2201 201 2257 ltcm
229 2208 292 2271 post
317 2199 432 2271 aliqua:
462 2219 476 2247 »
500 2197 597 2254 Restat
621 2209 791 2263 unacausa,
846 2214 898 2257 nos
918 2198 1021 2258 essein
1035 2199 1162 2258 dominio
1178 2200 1228 2258 Dei
1251 2201 1419 2273 trithenius
1442 2203 1532 2261 tutela
1555 2211 1583 2260 et
1597 2202 1690 2274 prori-

90 2290 185 2347 dicere
201 2301 353 2359 ceperam,
378 2301 438 2358 qna
463 2285 533 2342 utile
556 2292 689 2358 putatur,
714 2292 746 2340 ut
763 2299 793 2341 se
846 2288 943 2346 dentia
958 2287 1168 2360 gubernamur.
1185 2288 1262 2346 Nihil
1284 2296 1381 2346 autem
1402 2305 1473 2359 esse,
1490 2290 1584 2350 inrito
1597 2292 1692 2350 domi-

79 2393 106 2436 m
123 2377 285 2444 interficiat,
306 2376 414 2433 scilicet
431 2389 466 2432 nc
483 2374 512 2430 in
527 2380 675 2444 peccatum
688 2373 791 2442 irruat,
847 2392 894 2447 no,
919 2378 954 2435 de
968 2377 1013 2435 bis
1035 2393 1102 2450 quae
1125 2378 1260 2450 possidet,
1279 2392 1316 2436 ex
1339 2393 1373 2437 eo
1395 2379 1457 2437 loco
1476 2380 1510 2438 in
1531 2396 1590 2453 quo
1605 2395 1692 2440 suum

79 2467 175 2524 diente
193 2464 349 2537 uoluptate,
365 2464 410 2521 rei
427 2462 523 2521 dolore
538 2462 691 2519 seviente:
704 2476 792 2533 quarn
848 2466 1045 2535 constituerat,
1071 2466 1270 2525 auferendum.
1286 2467 1322 2525 nt
1344 2469 1421 2527 sicut
1435 2470 1486 2541 qni
1501 2470 1592 2528 ritam
1610 2485 1691 2529 man·

94 2557 118 2613 si
140 2555 319 2614 voluerimus
352 2553 512 2621 admittere,
548 2550 699 2622 eousque
729 2564 791 2621 pro·
847 2554 923 2626 cipio
937 2561 1091 2625 extorquet
1105 2555 1208 2624 alieno,
1226 2556 1347 2613 crimine
1365 2572 1424 2614 nou
1438 2558 1556 2629 carebit,
1569 2559 1610 2617 ita
1625 2575 1693 2618 enm

79 2645 223 2712 terreniet,
247 2653 279 2701 ut
298 2643 433 2701 hortandi
453 2642 507 2698 sint
530 2640 660 2697 homines
677 2648 747 2697 tunc
765 2653 795 2696 se
848 2645 901 2716 qui
915 2643 1001 2701 linem
1015 2643 1080 2711 sibi,
1107 2643 1227 2701 Domino
1242 2646 1365 2703 necdum
1389 2646 1519 2718 jnbente,
1535 2647 1693 2719 quesierit,

81 2734 244 2802 nterimere,
274 2748 341 2791 cum
357 2732 472 2790 lauacro
486 2728 792 2800 sanctoeregeneratio·
848 2747 906 2790 non
921 2732 1129 2789 absolutionem
1145 2733 1292 2804 consequi,
1314 2734 1363 2790 sed
1383 2742 1504 2791 reatum,
1522 2756 1534 2784 ι
1550 2737 1615 2792 rraeo
1629 2735 1692 2793 pta.

78 2823 130 2892 uti,
165 2822 370 2880 universorum
404 2820 602 2877 remissionem
632 2817 795 2889 acceperint
848 2823 950 2880 wnicae
973 2829 1055 2879 sectae
1081 2821 1193 2878 semina
1220 2821 1308 2878 attins
1341 2821 1474 2880 Plotinus
1500 2825 1692 2896 exsequitur:

79 2923 144 2967 um.
167 2910 248 2967 'lunc
267 2911 346 2966 enim
366 2916 479 2979 tempus
502 2916 543 2964 est
558 2907 679 2963 cavendi
696 2906 793 2963 omnia
808 2913 833 2974 c
851 2929 864 2965 ι
880 2911 952 2968 Cum
966 2917 1085 2977 constet,
1108 2908 1215 2981 inquit,
1236 2911 1500 2969 remunerationem
1518 2912 1624 2970 animis
1636 2913 1695 2971 illic

79 3006 197 3068 peccata,
220 3013 287 3055 cum
302 3006 370 3055 sunt
389 2997 486 3054 omnia
500 2996 592 3053 deleta
607 2996 793 3068 preterita.»
848 3015 908 3058 esse
927 2999 1122 3066 tribuendam,
1142 3012 1195 3069 pro
1219 2999 1305 3056 modo
1329 2998 1521 3071 perlectionis,
1546 3001 1583 3058 ad
1604 3015 1694 3073 quam

79 3103 83 3138 t
111 3085 134 3143 0
157 3097 265 3144 mentes
291 3087 432 3144 amentes!
461 3086 533 3151 huis
556 3092 598 3142 est
625 3084 672 3142 hic
698 3090 795 3142 tantus
849 3089 880 3146 ln
899 3089 954 3146 hac
968 3087 1030 3146 vita
1057 3101 1245 3159 unaquaque
1266 3087 1407 3157 pervenit,
1423 3102 1481 3145 non
1503 3094 1545 3145 est
1565 3088 1697 3160 precipi-

79 3189 111 3242 tr,
127 3176 176 3232 sed
192 3176 322 3233 luroris
848 3178 955 3236 landus
970 3177 1037 3234 ritas
1048 3216 1053 3225 .
1063 3175 1139 3245 linis,
1160 3190 1227 3234 cum
1253 3176 1350 3233 adhuc
1364 3175 1532 3248 proficiendi
1553 3191 1614 3236 esse
1630 3191 1694 3249 pos-

79 3270 99 3321 ιι
126 3264 257 3335 ipsorum
283 3276 401 3335 quoqne
422 3261 532 3334 judicio
559 3259 795 3333 philosophorum
849 3268 885 3326 sit
904 3267 1037 3325 accessio.
1062 3267 1148 3338 Ergo,
1175 3265 1300 3337 inquies,
1327 3265 1378 3337 qni
1398 3266 1460 3338 jam
1479 3265 1602 3338 perlecto
1624 3280 1695 3338 pur·

79 3355 225 3411 estandum
240 3367 311 3421 esse,
327 3360 359 3409 ut
382 3351 436 3408 Sibi
451 3351 552 3422 alitilia
569 3350 679 3407 illimis
692 3363 797 3407 manus
850 3365 935 3430 gatus
953 3363 1005 3425 est,
1030 3368 1151 3412 manum
1166 3345 1319 3411 sibi'debet
1343 3353 1459 3422 interne,
1484 3369 1552 3412 cum
1575 3369 1634 3412 non
1659 3355 1697 3414 sit

79 3441 198 3513 injiciat,
227 3442 304 3515 qnod
328 3441 388 3498 sinn
412 3439 470 3496 uili
494 3438 608 3510 linitus
630 3438 797 3508 θῐθθβῑίθῦθ
850 3448 875 3504 ei
897 3459 986 3502 cansa
1014 3443 1192 3510 remanendi,
1220 3442 1291 3515 qnia
1310 3444 1471 3514 proiectum
1498 3444 1622 3503 ulterius
1636 3458 1695 3502 non

79 3537 175 3599 erunt,
196 3533 270 3588 sicut
282 3531 342 3601 jam
357 3543 448 3600 snpra
461 3542 498 3584 ex
523 3525 720 3598 ipsaPlatonis
734 3540 797 3582 sen·
850 3533 984 3606 requirit,
1009 3531 1062 3602 qni
1082 3529 1118 3586 ad
1144 3542 1271 3601 superna
1299 3531 1440 3600 pervenit.
1466 3530 1521 3589 Sed
1544 3531 1599 3589 boc
1622 3530 1694 3603 ipso,

79 3619 276 3690 cognovimus,
306 3624 333 3674 et
363 3615 525 3675 Macrobius
553 3615 708 3687 diligenter
738 3621 796 3671 tarn
851 3637 909 3705 quo
930 3620 984 3678 sibi
1008 3619 1128 3676 celerem
1157 3617 1245 3674 finem
1274 3632 1324 3690 spe
1350 3619 1481 3676 truendae
1508 3620 1697 3679 beatitudinis

84 3721 172 3780 quam
199 3707 364 3765 Ci⁰0i⁰110¹1¹
383 3713 509 3773 secutus,
534 3703 662 3774 exponit,
686 3718 719 3760 00
744 3702 796 3759 Sci·
852 3711 971 3769 accersit
1003 3706 1132 3766 irretitus
1174 3706 1287 3778 laqueis
1324 3706 1486 3778 passionis:
1525 3710 1596 3781 qnia
1635 3723 1699 3781 spes

79 3810 93 3854 ti
115 3797 336 3864 commentatus,
352 3794 402 3852 ubi
427 3794 524 3850 Cioew
548 3791 711 3850 describens
723 3805 798 3847 ⁸⁰ffl·
852 3800 1026 3858 sicuttimor
1049 3794 1144 3868 passio
1158 3803 1209 3852 est.
1230 3797 1266 3852 Et
1293 3795 1347 3854 hoc
1375 3804 1418 3854 est
1441 3798 1518 3869 qnod
1539 3798 1653 3856 Paulus
1667 3797 1698 3854 tl-

79 3885 194 3958 ipionis,
210 3886 306 3956 ipsum
322 3882 432 3941 inducit
452 3879 799 3953 Stili⁰¹10ffl⁰t1ffli³²¹110
852 3891 925 3948 lium
944 3901 993 3959 spe
1011 3886 1078 3944 rita
1104 3884 1226 3941 verioris
1252 3884 1288 3941 ad
1314 3899 1345 3943 se
1367 3884 1466 3943 venire
1494 3893 1698 3958 properantem

92 3984 248 4047 libarent&
266 3971 800 4046 i⁰l11⁹ssiemieiiie⁵id0i³¹¹iefflQUO·
854 3978 1042 4052 prohibetae
1064 3972 1184 4044 repellit.
1207 3973 1267 4031 Nisi
1293 3975 1454 4032 enimcum
1478 3974 1566 4042 Deus,
1591 3974 1699 4047 inquit,

101 4073 215 4122 aeternae
237 4064 305 4121 iitae
333 4061 543 4119 beatitudinem
569 4073 687 4131 quoquo
713 4059 800 4115 modo
855 4069 916 4127 istis
939 4075 966 4125 te
985 4063 1113 4137 corporis
1137 4063 1276 4120 custodiis
1300 4062 1477 4133 liberaverit,
1504 4064 1562 4121 huc
1583 4064 1638 4121 tibi
1652 4064 1703 4121 ad·

79 4167 227 4225 milliarii
255 4167 345 4224 quam
360 4151 415 4208 Sibi
433 4163 482 4220 per
505 4162 595 4206 avum
615 4162 702 4205 sunm
717 4146 798 4203 intel·
816 4157 913 4256 nitus
928 4163 1025 4228 patere
1040 4169 1098 4212 non
1117 4158 1216 4225 potest.
1233 4153 1291 4210 Nec
1304 4152 1374 4210 dicit
1388 4152 1466 4224 quod
1482 4151 1539 4209 nisi
1558 4165 1636 4209 mors
1649 4166 1700 4209 na·

90 4243 257 4310 revelatam.
281 4245 369 4312 atque
388 4239 472 4296 h⁰¹¹i³
497 4236 663 4309 reipublic&
685 4235 800 4294 filimi·
857 4247 962 4306 turalis
977 4246 1137 4315 advenerit,
1160 4242 1235 4302 mori
1250 4257 1309 4300 non
1331 4241 1446 4313 poteris,
1464 4241 1513 4298 sed
1528 4241 1586 4297 buc
1604 4239 1703 4297 venire

79 4331 134 4389 iiio
157 4345 218 4389 088⁰
241 4330 272 4387 in
300 4329 378 4386 coeiis
402 4334 603 4398 preparatam.
629 4347 644 4376 ι
658 4325 800 4394 Ouaewtn
855 4351 914 4395 non
937 4336 1054 4408 poteris.
1079 4336 1144 4393 Pari
1170 4341 1268 4391 antem
1290 4330 1453 4389 constantia
1477 4343 1564 4399 mors,
1586 4343 1640 4387 nec
1654 4342 1700 4386 ro-

86 4442 97 4473 ·
115 4422 197 4477 Pater
225 4419 404 4476 sanctissime
425 4426 510 4489 atque
532 4415 647 4487 optime,
662 4414 800 4487 tln⁰ssi³ffl
855 4426 939 4483 niens
957 4439 1007 4496 per
1020 4431 1156 4483 natnram
1169 4421 1297 4480 timenda
1314 4427 1367 4485 est,
1391 4433 1445 4477 nec
1457 4424 1559 4477 contra
1572 4416 1702 4476 ordinem

88 4509 158 4578 rita,
175 4516 208 4566 nt
229 4509 399 4565 Alricauum
424 4507 510 4564 audio
526 4505 633 4562 dicere:
649 4504 723 4572 Quid
738 4517 802 4559 mo-
856 4514 984 4587 cogenda
995 4521 1117 4573 naturae.
1132 4533 1146 4564 o

79 4599 160 4667 iilis,
174 4598 248 4669 lilii
263 4598 321 4655 11ss0
341 4597 376 4653 ad
392 4610 443 4653 VOS
459 4594 559 4653 venire
574 4591 720 4664 iii0li⁹i⁰i
739 4591 802 4649 Non
892 4603 965 4660 Cum
989 4603 1088 4675 itaque
1114 4608 1165 4660 ant
1191 4599 1344 4672 Diogenem
1375 4604 1427 4655 aut
1449 4596 1644 4655 Theobrotnm
1668 4593 1704 4652 de

79 4686 175 4758 inquit
191 4686 248 4752 iiie,
264 4685 320 4742 nisi
340 4684 418 4742 enim
442 4698 509 4740 cum
531 4684 608 4738 Deus
623 4682 685 4737 istis
699 4688 726 4737 ¹⁰
740 4692 803 4736 00f·
857 4692 911 4752 sibi
927 4691 1006 4749 illata
1036 4699 1127 4749 morte
1145 4689 1298 4747 detendere
1325 4701 1410 4744 nemo
1439 4692 1604 4758 praesumat,
1626 4683 1702 4742 arbi·

79 4775 190 4832 istodiis
214 4774 358 4841 liberavit,
375 4774 433 4830 huc
448 4772 500 4829 tibi
522 4771 618 4828 aditus
633 4776 730 4841 patere
745 4781 804 4824 non
858 4790 919 4842 gros
933 4790 1030 4840 gamen
1045 4782 1101 4839 hoo
1118 4781 1156 4837 aq
1173 4776 1339 4850 exemplum
1354 4776 1524 4844 1010„an
1539 4783 1566 4833 03
1585 4773 1622 4831 gd
1634 4788 1705 4831 con-

79 4862 174 4931 0ῦὸΐο
197 4870 224 4921 ti
249 4863 312 4930 tibi,
334 4862 429 4929 Publi,
453 4868 481 4917 ⁰1
501 4859 557 4931 iiis
582 4858 718 4916 Omnibus
734 4856 804 4913 seii·
858 4878 1000 4944 temptum
1022 4870 1113 4943 hujus
1131 4869 1208 4938 vita,
1235 4874 1263 4925 et
1289 4865 1464 4924 desiderium
1487 4871 1601 4921 aeternae
1622 4862 1707 4920 nobis

94 4951 210 5009 animus
237 4951 268 5007 iil
292 4950 424 5007 custodia
447 4948 589 5018 ⁰0lli⁰ii⁸3
614 4960 667 5002 110⁰
690 4943 806 5016 iniussu
859 4959 1046 5031 salubritera
1068 4957 1174 5016 sanctis
1202 4955 1336 5015 Patribus
1363 4968 1424 5012 esse
1454 4951 1656 5025 propositum3
1672 4957 1705 5009 ut

90 5053 150 5111 t1¹¹⁰
174 5037 221 5096 iiie
235 5044 278 5095 est
300 5037 383 5094 V0ili⁸
406 5036 502 5105 datus,
519 5049 556 5092 2¹
580 5033 731 5091 h0ffli¹111¹¹¹
745 5033 806 5090 rita
859 5051 915 5107 hoc
940 5049 1040 5107 saltem
1055 5044 1201 5105 laudabile
1216 5045 1246 5103 in
1262 5044 1310 5102 ilio
1329 5050 1516 5112 monstretur,
1536 5041 1616 5115 quod
1631 5040 1708 5098 hanc

79 5200 310 5280 [taomnespene
332 5195 489 5278 angustini
503 5208 572 5250 mss.
590 5191 702 5265 legnnt,
716 5191 807 5276 vulgo
861 5199 919 5274 tur.
952 5190 1020 5272 Sed·
1042 5187 1221 5271 abaelardus,
1250 5193 1284 5244 nt
1315 5199 1382 5242 snos
1419 5182 1605 5310 philosophos
1636 5179 1707 5252 ipsis

79 5275 143 5326 ’otus
172 5267 287 5340 legrtur.
313 5268 371 5325 Cre.
402 5282 431 5324 rn
466 5268 476 5320 l
503 5263 619 5322 Tuscul.
644 5263 806 5320 Ambrauo-
860 5261 1128 5320 etramchrrstranrs
1143 5256 1304 5329 praecellere
1327 5257 1514 5322 demonstret,
1549 5263 1709 5323 eorumque

79 5341 231 5397 embolum
244 5348 338 5396 rocat.
861 5332 1056 5404 pluralitatem
1083 5331 1121 5387 ab
1141 5332 1184 5387 eis
1202 5334 1324 5396 avertat,
1347 5326 1482 5386 ilacrobii
1512 5331 1622 5382 textum
1643 5336 1708 5380 mn·

79 5410 193 5469 lacrob.
210 5410 260 5466 lib.
274 5428 284 5465 1
299 5411 329 5465 in
344 5409 440 5467 sumn.
457 5406 617 5477 Scip.,cap.
637 5403 681 5460 ts.
861 5411 922 5463 tare
937 5416 996 5460 non
1009 5408 1136 5461 veretur.

85 5482 171 5556 Apud
195 5481 372 5539 ilacrobinm
394 5493 452 5537 non
472 5479 521 5533 liei
536 5477 585 5535 sed
599 5477 711 5534 deorum
732 5475 804 5548 iegi-

213 5579 340 5650 Parnon.
361 5575 560 5647 tibxxvltl.
1420 5567 1466 5635 38
