3804 5962
598 222 786 281 cxrosrno
805 221 841 278 ιιι
859 217 1105 276 ιιιιιιιιιιιι.
1261 184 1270 253 ἶ
1674 220 1727 276 ιιι

79 354 179 411 eadam
201 355 275 408 olom
303 350 374 420 ligni
388 352 461 407 oitae.
478 348 585 407 Cetera
605 361 673 403 vero
689 346 771 419 ligna
786 346 817 402 in
831 346 857 400 A
870 354 938 401 ante
952 343 1099 401 diluvium
1120 355 1204 400 nemo
1220 342 1327 398 vinum
1346 340 1476 414 attigisse
1488 340 1634 413 credatur,
1648 358 1735 417 quu-⁸

78 443 273 515 puotidianum
287 439 478 498 habebantad
493 436 740 494 sustentationemi
757 436 824 492 rite
878 435 901 490 ιι
925 445 1042 490 memor
1052 445 1144 505 poene
1162 444 1252 503 quam
1265 445 1303 488 ex
1321 437 1456 488 contactu
1470 433 1632 491 incurrerat
1643 434 1733 491 vetiti

79 533 156 604 poris
177 530 372 598 relectionem,
398 542 456 584 non
473 526 509 583 ad
528 525 730 582 medicamenti
744 523 823 580 sani·
878 523 999 580 tructus.
1024 522 1089 580 Post
1111 520 1258 578 diluvium
1284 518 1343 577 Noe
1370 519 1501 591 plantata
1516 521 1613 589 vinea,
1639 521 1726 594 quasi

104 621 229 693 Lignum
257 632 324 676 vero
350 617 479 674 scientie
501 614 569 673 boni
583 613 690 671 etmali
715 612 825 670 dicitur
877 610 1052 683 supradicte
1091 608 1329 682 transgressionis
1359 609 1522 678 immemor,
1555 610 1726 682 [inebriatus

79 724 103 766 >x
128 724 162 767 eo
185 708 264 780 quod
288 707 442 778 accepisset
472 706 502 762 in
526 717 580 761 sua
603 703 759 771 creatione,
774 701 824 758 sed
877 701 947 758 vino
961 705 1140 757 memoratur
1153 706 1180 756 et
1195 697 1294 755 statim
1320 698 1496 770 genitalibus
1514 699 1577 756 suis
1590 700 1724 760 denuda·

97 799 176 870 quod
201 803 388 855 consecutum
412 794 493 852 estin
510 793 567 850 illis
582 791 684 864 primis
699 789 826 861 parenti·
877 790 915 847 tis
942 789 1094 862 turpitudo
1114 787 1178 859 eius
1203 786 1346 859 apparuit
1367 787 1414 845 Sic
1424 796 1452 845 ιι
1463 788 1492 845 in
1508 788 1611 859 primis
1624 803 1724 860 peren·

79 901 131 945 :ea
144 900 232 958 quam
254 885 284 942 in
311 884 490 941 coiecerunt
509 880 750 953 transgressione.
772 881 825 936 Per
877 880 957 936 tibus
968 877 1079 936 iactum
1092 877 1197 946 luerat,
1218 877 1271 948 qui
1285 884 1348 948 post
1360 876 1548 935 commissum
1571 879 1665 936 vetite
1678 893 1724 938 ar·

81 979 160 1036 enim
183 974 381 1047 experimento
403 972 465 1044 ipso
480 971 645 1028 didicerunt
660 970 733 1041 quid
749 969 825 1026 inter
878 969 957 1026 boris
989 974 1109 1040 gustum
1136 965 1240 1024 nudati
1250 964 1426 1024 referuntur
1437 975 1465 1024 ιι
1475 968 1510 1024 de
1522 982 1578 1025 sua
1591 970 1724 1027 nuditate

79 1068 172 1123 ruite
195 1062 373 1122 delectabilis
401 1074 492 1133 quam
521 1061 604 1131 prius
630 1058 776 1116 habebant
797 1065 824 1114 et
878 1072 945 1115 mox
972 1049 1133 1125 erubuisse,
1163 1063 1192 1112 et
1218 1055 1255 1113 ad
1285 1059 1406 1128 tegenda
1420 1056 1558 1127 pudenda
1571 1058 1671 1116 statim
1683 1059 1723 1117 le·

87 1155 198 1212 malum
222 1166 316 1224 poene
351 1163 442 1223 quam
472 1149 659 1206 incurrerunt
692 1147 823 1214 distaret,
877 1146 1009 1214 ιιιιιιιιι,
1036 1146 1114 1202 siout
1140 1152 1168 1202 ιι
1186 1144 1221 1201 de
1235 1143 1295 1202 Noe
1313 1145 1371 1202 duo
1390 1143 1518 1217 eius,iilii
1532 1157 1723 1218 curaverunt,
1821 1182 1826 1190 ·

85 1246 163 1302 inter
175 1245 306 1315 requiem
323 1249 351 1298 et
367 1240 504 1297 laborem.
877 1236 972 1305 tertio,
992 1226 1103 1307 patrem
1120 1233 1267 1291 irridente.
1730 1270 1733 1274 .

79 1349 181 1404 ermque
200 1333 330 1387 scientie.
352 1332 384 1385 ln
399 1328 494 1384 medio
512 1325 601 1383 simul
616 1325 742 1396 paradisi
756 1338 823 1382 eum
915 1328 948 1382 lit
968 1327 1078 1394 pocius.
1104 1324 1136 1381 ld
1167 1337 1286 1394 quoque
1307 1323 1344 1380 ad
1365 1322 1584 1382 describendam
1602 1327 1724 1385 amoeui·

83 1424 161 1490 rite,
190 1428 223 1477 ιιι
244 1420 313 1476 dum
329 1419 385 1475 boc
400 1417 514 1489 lignum
530 1416 609 1486 quod
622 1415 727 1472 melius
740 1421 782 1473 est
795 1421 824 1472 et
878 1421 965 1472 tatem
994 1413 1048 1471 loci
1076 1413 1210 1484 pertinet.
1226 1419 1258 1468 ιιι
1277 1425 1344 1470 cum
1378 1412 1534 1472 arboribus
1549 1414 1723 1487 jncunditas

101 1509 158 1567 sibi
173 1506 371 1564 necessarium
386 1505 470 1561 bomo
488 1502 665 1573 conspiceret
679 1503 736 1560 sibi
754 1517 823 1560 con·
878 1516 997 1576 quoque
1011 1502 1095 1560 iturii
1123 1501 1231 1558 incolas
1249 1500 1313 1559 illos
1327 1501 1490 1561 oblectaret.

79 1613 103 1668 n,
118 1612 135 1654 a
152 1593 378 1667 transgressione
399 1591 521 1649 alteriue
542 1590 862 1681 maximerevocaress
916 1594 957 1648 De
983 1592 1039 1649 loco
1061 1591 1222 1662 voluptatis.
1240 1590 1299 1647 iloc
1312 1597 1355 1648 est
1373 1591 1409 1648 de
1424 1592 1485 1663 ipso
1498 1592 1648 1664 paradiso,
1663 1607 1722 1651 non
1819 1586 1830 1604 '

79 1689 158 1746 inon
173 1698 272 1741 amore
288 1683 348 1750 liei,
362 1682 462 1738 saltem
491 1679 635 1736 retinendi
648 1679 721 1736 tanti
736 1679 823 1739 bene·
878 1683 914 1740 de
941 1680 1014 1740 ioris
1042 1681 1177 1751 influens,
1203 1679 1252 1738 sed
1281 1680 1317 1737 de
1344 1679 1404 1750 ipso
1422 1682 1555 1751 paradiso
1577 1682 1656 1740 intus
1670 1696 1722 1740 na·

79 1775 178 1848 tligno
205 1774 275 1831 vite
301 1769 460 1828 constituti.
478 1767 680 1834 Qualeautem
697 1768 822 1843 boclig-
877 1786 970 1840 scens,
1000 1779 1033 1829 ut
1057 1771 1156 1827 omnia
1187 1771 1217 1827 in
1249 1784 1279 1826 se
1304 1770 1467 1828 necessaria
1482 1771 1629 1830 continere
1643 1786 1724 1830 mon·

79 1866 154 1923 uerit
170 1865 269 1934 inquo
283 1859 471 1931 transgreessi
484 1865 562 1926 sunt,
578 1857 660 1913 nulla
670 1857 823 1916 delinitum
877 1867 986 1919 stretur
1000 1875 1058 1917 non
1069 1859 1188 1917 aliunde
1201 1858 1342 1930 accipere.

79 1949 400 2025 criptureauctoritate.
425 1947 489 2004 Non
505 1946 595 2003 nullis
608 1954 704 2003 tamen
725 1947 823 2006 risum
912 1951 959 2007 Ad
981 1949 1167 2020 impendum.
1197 1948 1233 2005 Ει
1253 1948 1379 2005 virorem
1393 1955 1568 2020 perpetuum
1581 1951 1608 2008 ei
1630 1949 1723 2010 conle-

79 2044 118 2101 ,ιιι
142 2042 215 2098 licus
230 2038 329 2106 fuerit,
345 2051 381 2094 en
396 2051 429 2093 oo
445 2035 588 2107 precipuo
603 2035 681 2107 quod
698 2043 823 2105 postmo-
877 2039 1011 2108 rendum,
1048 2045 1083 2095 ut
1111 2036 1194 2094 nulla
1221 2037 1323 2108 pluvia
1344 2045 1417 2094 esset
1442 2029 1625 2098 necessaria.¹

79 2129 242 2190 colerentur
272 2127 314 2183 illi
340 2132 474 2197 parentes
489 2125 523 2182 de
543 2123 704 2180 loliisdcus
720 2126 825 2195 perico—
912 2129 989 2184 lndc.
1016 2128 1098 2185 Unde
1125 2126 1257 2183 videlieet
1290 2125 1325 2182 de
1340 2133 1417 2184 terra
1429 2128 1581 2199 egrediens
1593 2144 1720 2203 emerge-

81 2219 138 2278 sibi
160 2217 316 2276 consuisse.
352 2215 433 2272 Unde
456 2222 484 2271 et
500 2213 573 2270 illud
587 2212 666 2285 quod
683 2213 824 2272 Dominus
878 2218 937 2287 bat,
954 2217 999 2276 vel
1013 2217 1048 2274 de
1063 2216 1125 2288 ipso
1140 2214 1274 2287 paradiso
1293 2229 1360 2272 oum
1378 2217 1508 2275 exterius
1520 2220 1720 2291 egrederetur,

79 2308 123 2366 dit
140 2306 301 2365 Nathanael
320 2303 462 2376 querenti
487 2303 563 2360 unde
577 2316 645 2359 enm
655 2310 760 2370 nosset,
776 2302 822 2359 di·
877 2307 1015 2382 quamvis
1038 2306 1068 2363 iu
1095 2307 1157 2378 ipso
1185 2305 1319 2377 paradiso
1346 2305 1431 2378 quasi
1462 2321 1541 2365 unus
1560 2316 1634 2366 esset
1662 2308 1723 2368 llu-

83 2399 240 2456 cumesses
273 2394 323 2450 sub
349 2397 402 2464 ficu
425 2392 486 2447 uidi
512 2397 537 2447 te
571 2391 659 2462 (loon.
675 2408 694 2458 1,
705 2391 762 2462 te),
783 2392 823 2448 ita
876 2397 954 2454 vius.

79 2486 100 2560 gi
114 2485 230 2552 volunt,
246 2491 388 2554 tanquam
417 2480 443 2536 si
468 2480 607 2537 [lominus
619 2480 743 2536 diceret:
759 2479 823 2536 Non
912 2488 946 2541 ln
962 2488 1081 2556 quotuor
1108 2483 1211 2553 cupito.
1240 2481 1273 2539 ld
1304 2487 1356 2550 est,
1386 2480 1417 2539 in
1437 2482 1566 2556 origines
1595 2491 1724 2557 quatuor

83 2573 159 2632 mihi
195 2573 327 2644 prinum
350 2577 436 2626 notus
459 2582 520 2625 esse
539 2568 661 2639 coepisu,
690 2582 778 2639 ouem
806 2583 824 2626 a
877 2575 1037 2632 noviorum
1061 2571 1165 2628 neem
1179 2570 1295 2628 diviso.
1312 2570 1368 2628 oui
1386 2570 1466 2628 enim
1480 2572 1587 2630 divim
1602 2574 1663 2631 ιιι
1680 2575 1725 2632 tn·

79 2663 122 2736 pio
158 2661 190 2717 in
216 2660 317 2731 primis
338 2657 507 2729 parentibus
548 2668 598 2728 per
631 2658 822 2714 seminarium
877 2663 958 2734 cipit,
984 2660 1050 2718 iude
1072 2659 1181 2717 habent
1216 2658 1341 2716 ilumina
1367 2659 1522 2733 distingui,
1554 2662 1627 2734 qnia
1656 2671 1724 2722 ante

79 2759 147 2811 rtem
175 2763 227 2821 pet
253 2747 464 2819 prescientiam
478 2746 558 2803 novi·
575 2745 621 2802 Sic
634 2746 714 2802 enim
726 2747 823 2803 etbe-
876 2752 953 2809 banc
971 2749 1144 2808 divisionem
1169 2753 1229 2804 tota
1255 2746 1305 2803 illa
1336 2760 1415 2819 aqua
1439 2761 1490 2818 per
1502 2763 1596 2806 unum
1607 2752 1724 2809 alveum

84 2840 192 2898 lumbis
208 2838 332 2896 Abrabe
347 2836 434 2892 luisse
452 2834 602 2905 Apostolus
614 2834 693 2891 dicit.
711 2835 822 2892 Hebrei
876 2840 1042 2898 discurrens
1064 2836 1174 2894 fluvius
1198 2849 1278 2893 uuus
1289 2835 1411 2893 dicenda
1426 2844 1479 2906 est,
1490 2838 1550 2896 sire
1564 2839 1628 2898 lons
1643 2854 1724 2898 unue

100 2931 156 2988 boc
178 2929 292 3000 lignum
324 2925 451 2983 scientie
464 2924 570 2981 boniet
584 2924 653 2980 mali
667 2932 824 2982 antumant
839 2894 863 2955 ⁰
877 2938 906 2988 ιι
919 2930 1000 3001 origo
1010 2928 1127 2985 illorum
1137 2932 1264 2999 quatuor
1283 2925 1453 2983 duriorum.

98 3020 197 3087 luisse,
224 3024 253 3074 et
279 3017 321 3072 sio
349 3014 427 3085 ligno
455 3014 509 3069 vie
533 3013 563 3070 in
587 3014 681 3071 medio
696 3014 824 3085 paradisi
911 3021 1014 3077 Nomen
1039 3019 1100 3073 cni.
1126 3015 1263 3075 Videlicet
1281 3014 1371 3087 capiti
1386 3016 1493 3073 borum
1517 3025 1654 3089 quatuor.
1680 3019 1723 3078 Si-

79 3116 142 3166 tam
166 3108 242 3164 sicut
256 3119 335 3162 nuno
348 3117 423 3173 sepe
439 3102 574 3159 videmus
588 3103 677 3159 vitem
693 3103 730 3159 ab
746 3103 825 3162 ulmo
877 3115 926 3166 cut
950 3108 1028 3165 enim
1049 3106 1161 3164 durius
1183 3103 1321 3177 quislibet
1336 3104 1440 3162 borum
1461 3112 1617 3177 quatuora
1630 3108 1725 3181 capite

79 3198 136 3255 tari
159 3195 226 3253 etei
241 3194 327 3265 quasi
343 3193 372 3248 in
388 3206 447 3248 uno
461 3205 581 3262 corpore
594 3190 735 3263 colligari.
753 3193 827 3249 ilinc
878 3212 930 3256 eno
953 3196 1038 3253 babet
1051 3194 1203 3266 distingui,
1224 3194 1306 3251 itaet
1320 3206 1338 3250 a
1352 3194 1447 3265 capite
1461 3195 1548 3254 babet
1564 3198 1723 3270 nominari,

94 3287 185 3345 ritem
212 3284 328 3354 liguum
348 3281 476 3338 scientie
490 3281 559 3338 boni
574 3289 601 3337 et
617 3281 686 3337 mali
700 3280 758 3338 dici
782 3295 826 3339 as·
878 3288 950 3358 quia
971 3298 1067 3358 usque
1092 3284 1129 3341 ad
1144 3283 1263 3340 initium
1287 3282 1367 3340 illius
1389 3283 1543 3342 divisionis
1560 3292 1618 3343 tota
1644 3286 1726 3346 illius

79 3382 108 3444 ιι,
145 3373 223 3446 quod
246 3385 283 3427 ex
311 3370 407 3427 lruotu
435 3370 497 3440 eius
523 3370 628 3426 vinum
653 3369 826 3440 productum
879 3375 965 3433 duvii
985 3387 1065 3444 aqna
1089 3373 1133 3431 sic
1154 3372 1201 3430 rel
1230 3372 1273 3429 sio
1295 3373 1465 3432 nominatur
1483 3374 1573 3432 donec
1587 3390 1668 3434 mare
1685 3377 1727 3433 in·

79 3471 125 3522 ate
153 3462 199 3520 rel
229 3460 418 3517 immoderate
438 3467 586 3529 sumptum
601 3459 747 3517 bominem
762 3461 826 3517 red·
879 3463 1024 3539 greditur.

79 3554 199 3612 cientem
223 3551 333 3608 bonnm
361 3548 407 3605 ιιι
434 3548 544 3604 malum
572 3547 601 3603 id
625 3559 670 3605 est
693 3548 767 3606 bono
780 3548 827 3606 vel
914 3555 976 3624 lpse
1002 3555 1051 3607 est.
1078 3551 1137 3608 lioc
1163 3562 1321 3622 pronomen
1340 3551 1497 3610 relativum
1519 3554 1587 3625 ipse,
1604 3554 1727 3612 sumsit

81 3656 170 3700 seusu
195 3653 264 3697 eum
289 3651 350 3695 esse
375 3636 473 3704 iaciat,
502 3636 587 3708 cuius
615 3637 723 3695 scilicet
746 3637 827 3710 iuge·
879 3640 1035 3698 masculini
1053 3638 1167 3712 generis
1181 3640 1341 3696 secundum
1362 3639 1568 3712 proprietatem
1595 3650 1727 3701 constru-

91 3732 139 3790 ιιι
162 3731 242 3788 acuit
270 3727 315 3784 rel
339 3727 486 3798 pervertit.
515 3727 595 3784 Unde
617 3734 645 3783 et
660 3741 749 3784 uvam
768 3742 828 3786 esse
879 3729 993 3792 ctionis,
1009 3727 1204 3785 reducendum
1219 3735 1262 3785 ιιι
1284 3728 1319 3785 ad
1339 3728 1395 3785 boo
1407 3741 1511 3786 nomen
1530 3729 1647 3801 Phison,
1667 3746 1727 3790 non

79 3834 110 3878 m
140 3820 223 3876 illum
248 3816 425 3887 intelligunt,
454 3816 484 3872 in
512 3830 571 3887 quo
601 3815 711 3887 priores
734 3823 829 3887 patres
880 3818 918 3874 ad
947 3817 1020 3875 illud
1056 3816 1135 3888 qnod
1164 3817 1347 3888 premissum
1371 3825 1423 3886 est,
1459 3818 1659 3878 uuividelioet
1678 3835 1726 3878 ca-

80 3909 167 3968 ricati
194 3914 274 3975 sunt,
298 3907 385 3977 juxta
398 3903 468 3961 illud
484 3906 630 3976 prophete
646 3922 652 3962 :
667 3908 762 3961 Patres
777 3921 828 3962 no·
881 3907 945 3979 piti.

79 3999 232 4057 musteum
258 4011 340 4050 uoom
363 3993 487 4048 combam
511 3996 573 4063 (ιιι.
605 4011 681 4062 xxm,
707 3995 764 4067 29),
800 3995 829 4054 id
917 3997 1028 4053 Omnem
1056 3999 1168 4052 tesam
1195 3995 1250 4051 Pro
1269 3993 1373 4065 majori
1393 4000 1475 4065 parte
1489 3993 1570 4063 dicit,
1585 4009 1653 4053 eum
1667 3998 1730 4057 nul·

79 4095 196 4161 ructum
229 4099 287 4155 quo
312 4081 498 4138 acerbitatem
524 4096 615 4151 poene
639 4083 830 4140 incurrimus.
882 4087 929 4143 lus
948 4084 1059 4141 durius
1081 4082 1212 4154 aliquam
1225 4083 1462 4140 omniuoterram
1482 4083 1608 4142 circuire
1627 4087 1727 4158 possit,

99 4176 198 4233 statim
232 4171 427 4229 determinans
459 4171 516 4226 ait:
535 4172 569 4225 lit
592 4172 683 4227 olentes
710 4171 1130 4243 pterompcumnuttatenus
1148 4171 1292 4242 perillam
1307 4177 1418 4241 partem
1435 4186 1496 4244 qua
1515 4173 1728 4234 iellnitelllue·

79 4270 184 4321 merum
208 4261 311 4332 (ibim),
326 4259 356 4316 id
375 4266 418 4316 ιιι
442 4273 525 4330 pena
556 4259 586 4316 in
613 4267 739 4331 posteros
767 4270 829 4319 tra·
882 4277 914 4319 re
929 4261 1026 4333 possit.

97 4358 271 4426 perseverat.
301 4349 355 4405 Cui
378 4348 507 4406 iortassis
530 4349 660 4419 opinioni
671 4349 745 4407 illud
759 4365 830 4422 quo-
920 4350 1014 4408 lioilot
1040 4348 1072 4406 ld
1097 4348 1244 4417 estludia,
1261 4364 1327 4422 que
1341 4349 1408 4408 inde
1428 4351 1515 4409 babet
1529 4353 1584 4410 boc
1609 4367 1727 4425 nomen,

79 4457 137 4502 non
167 4442 328 4510 incongrue
357 4438 485 4495 attestari
510 4438 636 4508 videtur,
662 4440 741 4513 quod
768 4450 831 4512 post
886 4440 963 4511 quod
979 4447 1042 4510 post
1055 4438 1201 4495 diluuium
1225 4452 1354 4510 possessa
1374 4439 1412 4495 sit
1436 4438 1473 4497 ab
1494 4440 1580 4498 Evila
1595 4441 1731 4501 illiolec·

91 4530 183 4602 buius
208 4529 280 4601 ligni
296 4527 394 4584 statim
408 4535 561 4583 senserunt
575 4528 721 4587 incentiva
736 4529 831 4588 libidi·
886 4536 945 4597 tan,
968 4527 1021 4584 filii
1048 4527 1147 4597 Heben,
1181 4528 1260 4585 unde
1283 4527 1404 4585 ilebraei.
1425 4527 1539 4586 Plinius
1552 4530 1624 4588 dicit
1642 4530 1734 4589 indie

79 4617 289 4688 'alidequippe
311 4622 422 4671 nature
436 4615 561 4672 lructum
579 4616 714 4674 buncrel
729 4618 832 4676 vinum
886 4616 1020 4689 regiones
1056 4617 1121 4674 auri
1157 4617 1240 4674 ιιιιι
1270 4630 1330 4688 pre
1369 4618 1480 4675 ceteris
1500 4617 1651 4679 abundare
1674 4629 1732 4680 ter·

79 4718 250 4778 expressum
275 4719 336 4762 esse
353 4712 473 4773 constat,
488 4704 559 4762 etin
574 4705 725 4764 luxuriam
740 4708 831 4765 maxi·
885 4705 938 4762 ris.

79 4808 240 4853 ommorere
265 4792 352 4864 juxta
377 4790 448 4847 illud
477 4793 604 4862 Apostoli
630 4796 748 4853 :Nolite
772 4799 833 4853 ine·
921 4793 1057 4851 bdellium
1075 4801 1118 4852 est
1141 4793 1228 4851 arbor
1252 4793 1411 4851 aromatica
1439 4793 1533 4851 colore
1560 4796 1667 4869 nigra,
1693 4795 1734 4855 la-

112 4885 176 4940 uico
218 4885 250 4937 io
283 4897 336 4953 quo
365 4885 404 4936 est
427 4881 539 4936 tooure
575 4883 686 4954 (Epioe.
715 4902 741 4954 ι,
777 4889 831 4955 le).
886 4897 987 4956 oryma
1021 4883 1086 4953 ejus
1111 4881 1218 4952 lucida,
1243 4891 1456 4952 gustuamara,
1471 4881 1541 4940 boni
1554 4883 1661 4955 odoris,
1684 4885 1735 4943 sed

79 4971 154 5028 dum
180 4984 267 5041 quern
295 4970 382 5026 eliam
407 4968 534 5026 luxurie
561 4981 672 5029 motum
693 4972 845 5044 inprimis·
887 4972 958 5029 vino
973 4972 1088 5044 perlusa
1110 4971 1266 5028 odoratior.

79 5059 239 5117 nominibus
259 5057 326 5116 inde
350 5058 470 5127 lactum,
510 5060 546 5116 de
560 5075 620 5132 quo
634 5061 834 5119 erubescentes
924 5062 1015 5130 enge,
1039 5058 1114 5130 lapis
1130 5060 1273 5132 pretiosus
1295 5058 1335 5116 ita
1360 5058 1531 5131 appellatus,
1554 5061 1636 5133 quod
1659 5063 1690 5120 iu
1704 5076 1736 5120 ee

79 5162 87 5204 ι
119 5155 264 5217 texerunt,
303 5162 362 5204 non
397 5148 557 5219 incongruo
584 5150 701 5207 videtur
725 5150 833 5208 dictum
888 5150 975 5207 babet
999 5148 1168 5220 permistum
1198 5149 1322 5206 colorem
1339 5150 1384 5206 vel
1400 5149 1430 5205 in
1443 5148 1667 5209 similitudinem
1681 5165 1736 5209 un-

79 5236 115 5293 ιιι
143 5235 211 5293 boui
231 5244 259 5294 et
279 5237 348 5293 mali
372 5235 462 5294 inisse
477 5236 546 5295 illud
563 5237 686 5309 lignum.
704 5239 835 5312 benique
889 5238 957 5310 guis
981 5236 1113 5294 humani.
1143 5237 1234 5294 Greci
1261 5240 1341 5296 enim
1365 5251 1494 5310 unguem
1508 5241 1605 5313 ὅνυχοι
1621 5240 1737 5300 dieunt·

82 5323 172 5397 ligni
187 5333 316 5395 gustum,
334 5327 364 5382 in
388 5341 445 5397 quo
470 5327 564 5383 Adam
578 5325 718 5383 excedens
733 5333 791 5383 tam
805 5342 835 5386 se
887 5326 1018 5399 Antiqua
1036 5327 1186 5384 translatio
1204 5327 1292 5385 habet
1311 5341 1362 5399 pro
1375 5327 1432 5396 his,
1452 5326 1671 5387 mrbunculmet
1693 5331 1732 5388 lo.

79 5463 81 5470 ,
109 5418 237 5485 posteros
263 5421 355 5481 pene
368 5408 492 5478 addixit,
507 5408 538 5466 in
554 5417 668 5470 tantum
685 5415 836 5486 posteritas
887 5418 931 5488 pis
951 5416 1105 5488 prassinus.
1130 5415 1336 5475 Carbunculus
1358 5425 1401 5477 est
1421 5417 1496 5490 lapis
1515 5418 1594 5492 ignei
1622 5420 1727 5479 coloris

79 5500 256 5576 »ιιιιιιιιιιι
276 5497 430 5557 abborruit
454 5498 499 5557 rel
522 5499 616 5562 vitare
640 5501 777 5575 decrerit,
801 5515 836 5568 nt
890 5505 944 5580 qui
965 5505 1058 5567 noctis
1078 5505 1209 5567 tenebras
1234 5505 1369 5567 illustret
1391 5506 1547 5569 massicus
1564 5508 1667 5570 rutulo
1686 5521 1732 5567 sa·

171 5599 302 5690 Pamonp
324 5595 503 5668 CLXXVIH
823 5664 830 5671 .
1303 5612 1346 5674 25
