<?xml version="1.0" encoding="UTF-8"?>
<!DOCTYPE html PUBLIC "-//W3C//DTD XHTML 1.0 Transitional//EN"
    "http://www.w3.org/TR/xhtml1/DTD/xhtml1-transitional.dtd">
<html xmlns="http://www.w3.org/1999/xhtml" xml:lang="en" lang="en">
 <head>
  <title>
</title>
<meta http-equiv="Content-Type" content="text/html;charset=utf-8" />
  <meta name='ocr-system' content='tesseract 3.04.00' />
  <meta name='ocr-capabilities' content='ocr_page ocr_carea ocr_par ocr_line ocrx_word'/>
</head>
<body>
  <div class='ocr_page' id='page_1' title='image "./patrologiaecurs53unkngoog_0638.png"; bbox 0 0 3804 5962; ppageno 0'>
   <div class='ocr_carea' id='block_1_1' title="bbox 538 215 1729 277">
    <p class='ocr_par' dir='ltr' id='par_1_1' title="bbox 538 215 1729 277">
     <span class='ocr_line' id='line_1_1' title="bbox 538 215 1729 277; baseline 0.005 -7"><span class='ocrx_word' id='word_1_1' title='bbox 538 215 736 273; x_wconf 71' lang='lat' dir='ltr'><strong>subelecta</strong></span> <span class='ocrx_word' id='word_1_2' title='bbox 755 216 972 274; x_wconf 73' lang='lat' dir='ltr'><strong>curtismunt.</strong></span> <span class='ocrx_word' id='word_1_3' title='bbox 987 248 1022 258; x_wconf 93' lang='lat'>-</span> <span class='ocrx_word' id='word_1_4' title='bbox 1038 218 1102 275; x_wconf 89' lang='lat' dir='ltr'><strong>LIB.</strong></span> <span class='ocrx_word' id='word_1_5' title='bbox 1124 219 1169 274; x_wconf 90' lang='lat' dir='ltr'><strong>lv.</strong></span> <span class='ocrx_word' id='word_1_6' title='bbox 1659 221 1729 277; x_wconf 73' lang='grc'><strong>1262</strong></span> 
     </span>
    </p>
   </div>
   <div class='ocr_carea' id='block_1_2' title="bbox 78 338 1816 5562">
    <p class='ocr_par' dir='ltr' id='par_1_2' title="bbox 79 338 1816 855">
     <span class='ocr_line' id='line_1_2' title="bbox 79 338 1728 414; baseline 0.008 -19"><span class='ocrx_word' id='word_1_7' title='bbox 79 354 122 397; x_wconf 85' lang='grc' dir='ltr'><strong>ιεε</strong></span> <span class='ocrx_word' id='word_1_8' title='bbox 148 347 199 395; x_wconf 82' lang='grc' dir='ltr'><strong>εει</strong></span> <span class='ocrx_word' id='word_1_9' title='bbox 222 339 409 409; x_wconf 85' lang='lat' dir='ltr'><strong>proprietates</strong></span> <span class='ocrx_word' id='word_1_10' title='bbox 430 338 602 408; x_wconf 80' lang='lat' dir='ltr'><strong>accipimus,</strong></span> <span class='ocrx_word' id='word_1_11' title='bbox 617 344 650 396; x_wconf 95' lang='lat' dir='ltr'><strong>ut</strong></span> <span class='ocrx_word' id='word_1_12' title='bbox 666 353 754 409; x_wconf 91' lang='lat' dir='ltr'><strong>supra</strong></span> <span class='ocrx_word' id='word_1_13' title='bbox 778 353 823 397; x_wconf 91' lang='lat' dir='ltr'><strong>sa·</strong></span> <span class='ocrx_word' id='word_1_14' title='bbox 839 349 864 402; x_wconf 74' lang='grc' dir='ltr'><strong>Α</strong></span> <span class='ocrx_word' id='word_1_15' title='bbox 879 338 1004 399; x_wconf 81' lang='lat' dir='ltr'><strong>Trinitas</strong></span> <span class='ocrx_word' id='word_1_16' title='bbox 1027 344 1082 400; x_wconf 92' lang='lat' dir='ltr'><strong>ista</strong></span> <span class='ocrx_word' id='word_1_17' title='bbox 1106 350 1169 413; x_wconf 86' lang='lat' dir='ltr'><strong>est;</strong></span> <span class='ocrx_word' id='word_1_18' title='bbox 1186 343 1234 400; x_wconf 92' lang='lat' dir='ltr'><strong>sed</strong></span> <span class='ocrx_word' id='word_1_19' title='bbox 1260 344 1331 414; x_wconf 82' lang='lat' dir='ltr'><strong>quia</strong></span> <span class='ocrx_word' id='word_1_20' title='bbox 1357 344 1414 402; x_wconf 91' lang='lat' dir='ltr'><strong>ista</strong></span> <span class='ocrx_word' id='word_1_21' title='bbox 1436 345 1472 402; x_wconf 92' lang='lat' dir='ltr'><strong>ab</strong></span> <span class='ocrx_word' id='word_1_22' title='bbox 1501 354 1608 405; x_wconf 80' lang='lat' dir='ltr'><strong>eterno</strong></span> <span class='ocrx_word' id='word_1_23' title='bbox 1629 349 1728 408; x_wconf 91' lang='lat' dir='ltr'><strong>Trini-</strong></span> 
     </span>
     <span class='ocr_line' id='line_1_3' title="bbox 79 426 1728 508; baseline 0.005 -23"><span class='ocrx_word' id='word_1_24' title='bbox 79 428 202 485; x_wconf 87' lang='lat' dir='ltr'><strong>euimus.</strong></span> <span class='ocrx_word' id='word_1_25' title='bbox 227 429 301 483; x_wconf 81' lang='lat' dir='ltr'><strong>Cum</strong></span> <span class='ocrx_word' id='word_1_26' title='bbox 325 443 393 484; x_wconf 91' lang='lat' dir='ltr'><strong>vero</strong></span> <span class='ocrx_word' id='word_1_27' title='bbox 416 426 539 483; x_wconf 85' lang='lat' dir='ltr'>dicimus</span> <span class='ocrx_word' id='word_1_28' title='bbox 565 429 659 484; x_wconf 88' lang='lat' dir='ltr'><strong>trinus</strong></span> <span class='ocrx_word' id='word_1_29' title='bbox 679 429 708 484; x_wconf 92' lang='lat' dir='ltr'><strong>iu</strong></span> <span class='ocrx_word' id='word_1_30' title='bbox 732 444 824 487; x_wconf 87' lang='lat' dir='ltr'><strong>essen·</strong></span> <span class='ocrx_word' id='word_1_31' title='bbox 881 438 924 486; x_wconf 89' lang='lat' dir='ltr'><strong>tas</strong></span> <span class='ocrx_word' id='word_1_32' title='bbox 948 440 1000 500; x_wconf 86' lang='lat' dir='ltr'><strong>cst,</strong></span> <span class='ocrx_word' id='word_1_33' title='bbox 1024 431 1170 488; x_wconf 88' lang='lat' dir='ltr'><strong>distinctio</strong></span> <span class='ocrx_word' id='word_1_34' title='bbox 1194 431 1345 489; x_wconf 87' lang='lat' dir='ltr'><strong>nominum</strong></span> <span class='ocrx_word' id='word_1_35' title='bbox 1375 433 1540 508; x_wconf 86' lang='lat' dir='ltr'><strong>temporalis</strong></span> <span class='ocrx_word' id='word_1_36' title='bbox 1572 434 1648 493; x_wconf 88' lang='lat' dir='ltr'><strong>iacta</strong></span> <span class='ocrx_word' id='word_1_37' title='bbox 1675 446 1728 507; x_wconf 96' lang='grc' dir='ltr'><strong>εει,</strong></span> 
     </span>
     <span class='ocr_line' id='line_1_4' title="bbox 79 516 1728 595; baseline 0.007 -23"><span class='ocrx_word' id='word_1_38' title='bbox 79 532 98 573; x_wconf 88' lang='lat' dir='ltr'><strong>e</strong></span> <span class='ocrx_word' id='word_1_39' title='bbox 112 525 154 572; x_wconf 91' lang='lat' dir='ltr'><strong>est</strong></span> <span class='ocrx_word' id='word_1_40' title='bbox 174 523 230 573; x_wconf 89' lang='lat' dir='ltr'><strong>tres</strong></span> <span class='ocrx_word' id='word_1_41' title='bbox 243 518 391 581; x_wconf 74' lang='lat' dir='ltr'><strong>essentias,</strong></span> <span class='ocrx_word' id='word_1_42' title='bbox 408 524 467 572; x_wconf 90' lang='lat' dir='ltr'><strong>tres</strong></span> <span class='ocrx_word' id='word_1_43' title='bbox 491 516 682 572; x_wconf 73' lang='lat' dir='ltr'><strong>essentialiter</strong></span> <span class='ocrx_word' id='word_1_44' title='bbox 696 519 756 573; x_wconf 90' lang='lat' dir='ltr'><strong>sive</strong></span> <span class='ocrx_word' id='word_1_45' title='bbox 770 533 825 574; x_wconf 91' lang='lat' dir='ltr'><strong>nu·</strong></span> <span class='ocrx_word' id='word_1_46' title='bbox 880 519 916 573; x_wconf 93' lang='lat' dir='ltr'><strong>ad</strong></span> <span class='ocrx_word' id='word_1_47' title='bbox 931 519 985 576; x_wconf 87' lang='lat' dir='ltr'><strong>bec</strong></span> <span class='ocrx_word' id='word_1_48' title='bbox 1004 519 1111 577; x_wconf 88' lang='lat' dir='ltr'><strong>scilicet</strong></span> <span class='ocrx_word' id='word_1_49' title='bbox 1131 520 1210 591; x_wconf 89' lang='lat' dir='ltr'><strong>quod</strong></span> <span class='ocrx_word' id='word_1_50' title='bbox 1228 521 1403 577; x_wconf 70' lang='lat' dir='ltr'><strong>eternaliter</strong></span> <span class='ocrx_word' id='word_1_51' title='bbox 1420 528 1464 578; x_wconf 91' lang='lat' dir='ltr'><strong>est</strong></span> <span class='ocrx_word' id='word_1_52' title='bbox 1478 522 1561 579; x_wconf 90' lang='lat' dir='ltr'><strong>nobis</strong></span> <span class='ocrx_word' id='word_1_53' title='bbox 1576 523 1728 595; x_wconf 82' lang='lat' dir='ltr'><strong>assignan-</strong></span> 
     </span>
     <span class='ocr_line' id='line_1_5' title="bbox 89 597 1729 684; baseline 0.008 -25"><span class='ocrx_word' id='word_1_54' title='bbox 89 605 283 675; x_wconf 80' lang='lat' dir='ltr'><strong>intelligimus.</strong></span> <span class='ocrx_word' id='word_1_55' title='bbox 315 607 471 661; x_wconf 80' lang='lat' dir='ltr'><strong>Possumus</strong></span> <span class='ocrx_word' id='word_1_56' title='bbox 505 597 593 661; x_wconf 84' lang='lat' dir='ltr'><strong>etian&#39;r</strong></span> <span class='ocrx_word' id='word_1_57' title='bbox 624 607 662 660; x_wconf 92' lang='lat' dir='ltr'><strong>ita</strong></span> <span class='ocrx_word' id='word_1_58' title='bbox 698 607 826 675; x_wconf 88' lang='lat' dir='ltr'><strong>accipere</strong></span> <span class='ocrx_word' id='word_1_59' title='bbox 880 608 951 663; x_wconf 83' lang='lat' dir='ltr'><strong>tium</strong></span> <span class='ocrx_word' id='word_1_60' title='bbox 981 609 1087 684; x_wconf 78' lang='lat' dir='ltr'><strong>quiex</strong></span> <span class='ocrx_word' id='word_1_61' title='bbox 1114 616 1241 680; x_wconf 89' lang='lat' dir='ltr'><strong>tempore</strong></span> <span class='ocrx_word' id='word_1_62' title='bbox 1266 610 1416 680; x_wconf 84' lang='lat' dir='ltr'><strong>cepimus.</strong></span> <span class='ocrx_word' id='word_1_63' title='bbox 1450 609 1529 667; x_wconf 89' lang='lat' dir='ltr'><strong>Unde</strong></span> <span class='ocrx_word' id='word_1_64' title='bbox 1561 625 1628 668; x_wconf 92' lang='lat' dir='ltr'><strong>cum</strong></span> <span class='ocrx_word' id='word_1_65' title='bbox 1660 614 1729 673; x_wconf 89' lang='lat' dir='ltr'><strong>dicit</strong></span> 
     </span>
     <span class='ocr_line' id='line_1_6' title="bbox 83 695 1816 768; baseline 0.005 -16"><span class='ocrx_word' id='word_1_66' title='bbox 83 709 144 752; x_wconf 89' lang='lat' dir='ltr'><strong>esse</strong></span> <span class='ocrx_word' id='word_1_67' title='bbox 159 695 269 750; x_wconf 92' lang='lat' dir='ltr'><strong>trinum</strong></span> <span class='ocrx_word' id='word_1_68' title='bbox 286 695 313 749; x_wconf 92' lang='lat' dir='ltr'><strong>in</strong></span> <span class='ocrx_word' id='word_1_69' title='bbox 333 695 463 763; x_wconf 86' lang='lat' dir='ltr'><strong>persenis</strong></span> <span class='ocrx_word' id='word_1_70' title='bbox 477 701 505 750; x_wconf 90' lang='lat' dir='ltr'><strong>et</strong></span> <span class='ocrx_word' id='word_1_71' title='bbox 527 709 619 750; x_wconf 79' lang='lat' dir='ltr'><strong>urium</strong></span> <span class='ocrx_word' id='word_1_72' title='bbox 640 695 668 750; x_wconf 92' lang='lat' dir='ltr'><strong>iu</strong></span> <span class='ocrx_word' id='word_1_73' title='bbox 686 696 824 761; x_wconf 86' lang='lat' dir='ltr'><strong>essentia,</strong></span> <span class='ocrx_word' id='word_1_74' title='bbox 880 697 1063 766; x_wconf 77' lang='lat' dir='ltr'><strong>Augustinus</strong></span> <span class='ocrx_word' id='word_1_75' title='bbox 1087 699 1282 754; x_wconf 85' lang='lat' dir='ltr'><strong>Deumunum</strong></span> <span class='ocrx_word' id='word_1_76' title='bbox 1311 698 1341 753; x_wconf 91' lang='lat' dir='ltr'><strong>iu</strong></span> <span class='ocrx_word' id='word_1_77' title='bbox 1369 698 1542 762; x_wconf 88' lang='lat' dir='ltr'><strong>substantia,</strong></span> <span class='ocrx_word' id='word_1_78' title='bbox 1566 699 1675 758; x_wconf 90' lang='lat' dir='ltr'><strong>trinum</strong></span> <span class='ocrx_word' id='word_1_79' title='bbox 1699 704 1728 760; x_wconf 92' lang='lat' dir='ltr'><strong>in</strong></span> <span class='ocrx_word' id='word_1_80' title='bbox 1814 764 1816 768; x_wconf 70' lang='grc'><strong>,</strong></span> 
     </span>
     <span class='ocr_line' id='line_1_7' title="bbox 79 783 1728 855; baseline 0.007 -17"><span class='ocrx_word' id='word_1_81' title='bbox 79 797 117 839; x_wconf 90' lang='lat' dir='ltr'><strong>tm</strong></span> <span class='ocrx_word' id='word_1_82' title='bbox 127 784 151 838; x_wconf 92' lang='lat' dir='ltr'><strong>si</strong></span> <span class='ocrx_word' id='word_1_83' title='bbox 170 783 303 838; x_wconf 87' lang='lat' dir='ltr'><strong>dieamus</strong></span> <span class='ocrx_word' id='word_1_84' title='bbox 319 783 411 851; x_wconf 88' lang='lat' dir='ltr'><strong>ipsum</strong></span> <span class='ocrx_word' id='word_1_85' title='bbox 433 797 494 838; x_wconf 90' lang='lat' dir='ltr'><strong>esse</strong></span> <span class='ocrx_word' id='word_1_86' title='bbox 512 783 599 838; x_wconf 89' lang='lat' dir='ltr'><strong>trium</strong></span> <span class='ocrx_word' id='word_1_87' title='bbox 615 783 824 839; x_wconf 91' lang='lat' dir='ltr'><strong>diiliuitiouum</strong></span> <span class='ocrx_word' id='word_1_88' title='bbox 879 785 1029 841; x_wconf 87' lang='lat' dir='ltr'><strong>vocabulis</strong></span> <span class='ocrx_word' id='word_1_89' title='bbox 1045 785 1099 841; x_wconf 89' lang='lat' dir='ltr'><strong>tale</strong></span> <span class='ocrx_word' id='word_1_90' title='bbox 1123 794 1166 842; x_wconf 90' lang='lat' dir='ltr'><strong>est</strong></span> <span class='ocrx_word' id='word_1_91' title='bbox 1183 785 1292 842; x_wconf 90' lang='lat' dir='ltr'><strong>trinum</strong></span> <span class='ocrx_word' id='word_1_92' title='bbox 1323 787 1352 842; x_wconf 94' lang='lat' dir='ltr'><strong>in</strong></span> <span class='ocrx_word' id='word_1_93' title='bbox 1377 787 1536 855; x_wconf 88' lang='lat' dir='ltr'><strong>vocabulis,</strong></span> <span class='ocrx_word' id='word_1_94' title='bbox 1552 802 1587 845; x_wconf 94' lang='lat' dir='ltr'><strong>ac</strong></span> <span class='ocrx_word' id='word_1_95' title='bbox 1613 789 1728 850; x_wconf 83' lang='lat' dir='ltr'><strong>sidicat</strong></span> 
     </span>
    </p>

    <p class='ocr_par' dir='ltr' id='par_1_3' title="bbox 79 871 1726 949">
     <span class='ocr_line' id='line_1_8' title="bbox 79 871 1726 949; baseline 0.005 -21"><span class='ocrx_word' id='word_1_96' title='bbox 79 871 274 942; x_wconf 86' lang='lat' dir='ltr'><strong>roprietatum,</strong></span> <span class='ocrx_word' id='word_1_97' title='bbox 293 877 325 927; x_wconf 95' lang='lat' dir='ltr'><strong>ut</strong></span> <span class='ocrx_word' id='word_1_98' title='bbox 351 885 440 940; x_wconf 89' lang='lat' dir='ltr'><strong>supra</strong></span> <span class='ocrx_word' id='word_1_99' title='bbox 466 871 688 949; x_wconf 88' lang='lat' dir='ltr'><strong>determinatum</strong></span> <span class='ocrx_word' id='word_1_100' title='bbox 707 879 747 928; x_wconf 89' lang='lat' dir='ltr'><strong>est</strong></span> <span class='ocrx_word' id='word_1_101' title='bbox 762 885 824 941; x_wconf 90' lang='lat' dir='ltr'><strong>per·</strong></span> <span class='ocrx_word' id='word_1_102' title='bbox 879 873 989 928; x_wconf 94' lang='lat' dir='ltr'><strong>trinum</strong></span> <span class='ocrx_word' id='word_1_103' title='bbox 1006 873 1035 929; x_wconf 94' lang='lat' dir='ltr'><strong>in</strong></span> <span class='ocrx_word' id='word_1_104' title='bbox 1053 873 1098 930; x_wconf 90' lang='lat' dir='ltr'><strong>bis</strong></span> <span class='ocrx_word' id='word_1_105' title='bbox 1113 888 1179 944; x_wconf 83' lang='lat' dir='ltr'><strong>que</strong></span> <span class='ocrx_word' id='word_1_106' title='bbox 1200 889 1251 945; x_wconf 90' lang='lat' dir='ltr'><strong>per</strong></span> <span class='ocrx_word' id='word_1_107' title='bbox 1263 875 1406 934; x_wconf 90' lang='lat' dir='ltr'><strong>vocabula</strong></span> <span class='ocrx_word' id='word_1_108' title='bbox 1420 876 1655 948; x_wconf 83' lang='lat' dir='ltr'><strong>distinguuntur,</strong></span> <span class='ocrx_word' id='word_1_109' title='bbox 1671 880 1726 937; x_wconf 91' lang='lat' dir='ltr'><strong>boc</strong></span> 
     </span>
    </p>

    <p class='ocr_par' dir='ltr' id='par_1_4' title="bbox 85 960 1726 1036">
     <span class='ocr_line' id='line_1_9' title="bbox 85 960 1726 1036; baseline 0.005 -20"><span class='ocrx_word' id='word_1_110' title='bbox 85 962 151 1029; x_wconf 90' lang='lat' dir='ltr'><strong>psis,</strong></span> <span class='ocrx_word' id='word_1_111' title='bbox 174 960 251 1030; x_wconf 84' lang='lat' dir='ltr'><strong>qnod</strong></span> <span class='ocrx_word' id='word_1_112' title='bbox 268 960 329 1029; x_wconf 89' lang='lat' dir='ltr'><strong>ipse</strong></span> <span class='ocrx_word' id='word_1_113' title='bbox 343 969 394 1015; x_wconf 88' lang='lat' dir='ltr'><strong>est.</strong></span> <span class='ocrx_word' id='word_1_114' title='bbox 408 963 440 1015; x_wconf 90' lang='lat' dir='ltr'><strong>lu</strong></span> <span class='ocrx_word' id='word_1_115' title='bbox 456 973 498 1025; x_wconf 89' lang='lat' dir='ltr'><strong>eo,</strong></span> <span class='ocrx_word' id='word_1_116' title='bbox 521 960 654 1029; x_wconf 83' lang='lat' dir='ltr'><strong>inquam,</strong></span> <span class='ocrx_word' id='word_1_117' title='bbox 671 960 759 1015; x_wconf 94' lang='lat' dir='ltr'><strong>trium</strong></span> <span class='ocrx_word' id='word_1_118' title='bbox 775 960 826 1016; x_wconf 88' lang='lat' dir='ltr'><strong>dit·</strong></span> <span class='ocrx_word' id='word_1_119' title='bbox 878 968 919 1015; x_wconf 89' lang='lat' dir='ltr'><strong>est</strong></span> <span class='ocrx_word' id='word_1_120' title='bbox 930 962 959 1015; x_wconf 94' lang='lat' dir='ltr'><strong>in</strong></span> <span class='ocrx_word' id='word_1_121' title='bbox 971 961 1015 1016; x_wconf 90' lang='lat' dir='ltr'><strong>bis</strong></span> <span class='ocrx_word' id='word_1_122' title='bbox 1025 962 1163 1031; x_wconf 90' lang='lat' dir='ltr'><strong>personis.</strong></span> <span class='ocrx_word' id='word_1_123' title='bbox 1175 963 1339 1020; x_wconf 89' lang='lat' dir='ltr'><strong>Taleetiam</strong></span> <span class='ocrx_word' id='word_1_124' title='bbox 1357 963 1387 1020; x_wconf 93' lang='lat' dir='ltr'><strong>in</strong></span> <span class='ocrx_word' id='word_1_125' title='bbox 1398 964 1508 1022; x_wconf 90' lang='lat' dir='ltr'><strong>isidoro</strong></span> <span class='ocrx_word' id='word_1_126' title='bbox 1519 967 1662 1036; x_wconf 92' lang='lat' dir='ltr'><strong>reperitur</strong></span> <span class='ocrx_word' id='word_1_127' title='bbox 1676 969 1726 1025; x_wconf 92' lang='lat' dir='ltr'><strong>ubi</strong></span> 
     </span>
    </p>

    <p class='ocr_par' dir='ltr' id='par_1_5' title="bbox 79 1048 1725 1123">
     <span class='ocr_line' id='line_1_10' title="bbox 79 1048 1725 1123; baseline 0.005 -19"><span class='ocrx_word' id='word_1_128' title='bbox 79 1064 156 1116; x_wconf 94' lang='lat' dir='ltr'><strong>uum,</strong></span> <span class='ocrx_word' id='word_1_129' title='bbox 185 1048 338 1117; x_wconf 84' lang='lat' dir='ltr'><strong>quodipse</strong></span> <span class='ocrx_word' id='word_1_130' title='bbox 356 1055 397 1103; x_wconf 91' lang='grc' dir='ltr'><strong>εει</strong></span> <span class='ocrx_word' id='word_1_131' title='bbox 424 1048 479 1102; x_wconf 86' lang='lat' dir='ltr'><strong>illae</strong></span> <span class='ocrx_word' id='word_1_132' title='bbox 508 1062 653 1116; x_wconf 75' lang='lat' dir='ltr'><strong>personne:</strong></span> <span class='ocrx_word' id='word_1_133' title='bbox 671 1049 706 1104; x_wconf 86' lang='lat' dir='ltr'><strong>Et</strong></span> <span class='ocrx_word' id='word_1_134' title='bbox 722 1063 826 1105; x_wconf 90' lang='lat' dir='ltr'><strong>rursus</strong></span> <span class='ocrx_word' id='word_1_135' title='bbox 879 1048 909 1104; x_wconf 93' lang='lat' dir='ltr'><strong>iu</strong></span> <span class='ocrx_word' id='word_1_136' title='bbox 942 1051 1176 1118; x_wconf 80' lang='lat' dir='ltr'><strong>Elymniogiorem</strong></span> <span class='ocrx_word' id='word_1_137' title='bbox 1204 1051 1272 1108; x_wconf 93' lang='lat' dir='ltr'><strong>libri</strong></span> <span class='ocrx_word' id='word_1_138' title='bbox 1311 1067 1351 1108; x_wconf 88' lang='lat' dir='ltr'><strong>vu</strong></span> <span class='ocrx_word' id='word_1_139' title='bbox 1384 1051 1512 1123; x_wconf 90' lang='lat' dir='ltr'><strong>capitulo</strong></span> <span class='ocrx_word' id='word_1_140' title='bbox 1535 1053 1553 1108; x_wconf 80' lang='lat' dir='ltr'><strong>l</strong></span> <span class='ocrx_word' id='word_1_141' title='bbox 1577 1054 1620 1111; x_wconf 88' lang='lat' dir='ltr'><strong>alc</strong></span> <span class='ocrx_word' id='word_1_142' title='bbox 1646 1055 1687 1112; x_wconf 92' lang='lat' dir='ltr'><strong>ait</strong></span> <span class='ocrx_word' id='word_1_143' title='bbox 1718 1073 1725 1112; x_wconf 91' lang='lat'><strong>:</strong></span> 
     </span>
    </p>

    <p class='ocr_par' dir='ltr' id='par_1_6' title="bbox 79 1136 1725 1210">
     <span class='ocr_line' id='line_1_11' title="bbox 79 1136 1725 1210; baseline 0.005 -18"><span class='ocrx_word' id='word_1_144' title='bbox 79 1152 112 1194; x_wconf 77' lang='lat' dir='ltr'><strong>im</strong></span> <span class='ocrx_word' id='word_1_145' title='bbox 126 1137 380 1193; x_wconf 88' lang='lat' dir='ltr'><strong>essediilinitiouis</strong></span> <span class='ocrx_word' id='word_1_146' title='bbox 396 1136 483 1191; x_wconf 93' lang='lat' dir='ltr'><strong>unius</strong></span> <span class='ocrx_word' id='word_1_147' title='bbox 500 1150 536 1191; x_wconf 88' lang='lat' dir='ltr'><strong>ex</strong></span> <span class='ocrx_word' id='word_1_148' title='bbox 551 1136 674 1192; x_wconf 87' lang='lat' dir='ltr'><strong>essentia</strong></span> <span class='ocrx_word' id='word_1_149' title='bbox 689 1152 755 1206; x_wconf 82' lang='lat' dir='ltr'><strong>que</strong></span> <span class='ocrx_word' id='word_1_150' title='bbox 765 1137 825 1207; x_wconf 90' lang='lat' dir='ltr'><strong>ipse</strong></span> <span class='ocrx_word' id='word_1_151' title='bbox 899 1158 909 1186; x_wconf 80' lang='grc' dir='ltr'><strong>ι</strong></span> <span class='ocrx_word' id='word_1_152' title='bbox 927 1136 1050 1194; x_wconf 84' lang='lat' dir='ltr'><strong>Proinde</strong></span> <span class='ocrx_word' id='word_1_153' title='bbox 1068 1138 1193 1195; x_wconf 85' lang='lat' dir='ltr'><strong>Trinitas</strong></span> <span class='ocrx_word' id='word_1_154' title='bbox 1212 1139 1241 1196; x_wconf 92' lang='lat' dir='ltr'><strong>in</strong></span> <span class='ocrx_word' id='word_1_155' title='bbox 1262 1139 1390 1197; x_wconf 91' lang='lat' dir='ltr'><strong>relativis</strong></span> <span class='ocrx_word' id='word_1_156' title='bbox 1418 1153 1610 1210; x_wconf 90' lang='lat' dir='ltr'><strong>personarum</strong></span> <span class='ocrx_word' id='word_1_157' title='bbox 1633 1143 1725 1201; x_wconf 90' lang='lat' dir='ltr'><strong>uomi-</strong></span> 
     </span>
    </p>

    <p class='ocr_par' dir='ltr' id='par_1_7' title="bbox 79 1223 1726 1301">
     <span class='ocr_line' id='line_1_12' title="bbox 79 1223 1726 1301; baseline 0.003 -19"><span class='ocrx_word' id='word_1_158' title='bbox 79 1242 133 1282; x_wconf 48' lang='lat' dir='ltr'><strong>,eo</strong></span> <span class='ocrx_word' id='word_1_159' title='bbox 152 1226 258 1281; x_wconf 87' lang='lat' dir='ltr'><strong>scilieet</strong></span> <span class='ocrx_word' id='word_1_160' title='bbox 284 1225 362 1294; x_wconf 87' lang='lat' dir='ltr'><strong>quod</strong></span> <span class='ocrx_word' id='word_1_161' title='bbox 386 1233 428 1281; x_wconf 89' lang='grc' dir='ltr'><strong>εει</strong></span> <span class='ocrx_word' id='word_1_162' title='bbox 453 1225 502 1280; x_wconf 91' lang='lat' dir='ltr'><strong>illa</strong></span> <span class='ocrx_word' id='word_1_163' title='bbox 522 1225 652 1281; x_wconf 89' lang='lat' dir='ltr'><strong>essentia.</strong></span> <span class='ocrx_word' id='word_1_164' title='bbox 677 1223 706 1280; x_wconf 92' lang='lat' dir='ltr'><strong>Si</strong></span> <span class='ocrx_word' id='word_1_165' title='bbox 727 1233 825 1282; x_wconf 86' lang='lat' dir='ltr'><strong>autem</strong></span> <span class='ocrx_word' id='word_1_166' title='bbox 878 1225 964 1282; x_wconf 91' lang='lat' dir='ltr'><strong>nibus</strong></span> <span class='ocrx_word' id='word_1_167' title='bbox 977 1233 1019 1282; x_wconf 92' lang='lat' dir='ltr'><strong>est</strong></span> <span class='ocrx_word' id='word_1_168' title='bbox 1044 1228 1205 1284; x_wconf 89' lang='lat' dir='ltr'><strong>secundum</strong></span> <span class='ocrx_word' id='word_1_169' title='bbox 1235 1228 1263 1284; x_wconf 95' lang='lat' dir='ltr'><strong>id</strong></span> <span class='ocrx_word' id='word_1_170' title='bbox 1278 1227 1387 1285; x_wconf 90' lang='lat' dir='ltr'><strong>scilicet</strong></span> <span class='ocrx_word' id='word_1_171' title='bbox 1409 1229 1489 1300; x_wconf 85' lang='lat' dir='ltr'><strong>qued</strong></span> <span class='ocrx_word' id='word_1_172' title='bbox 1505 1229 1535 1286; x_wconf 92' lang='lat' dir='ltr'><strong>in</strong></span> <span class='ocrx_word' id='word_1_173' title='bbox 1551 1229 1608 1286; x_wconf 89' lang='lat' dir='ltr'><strong>illis</strong></span> <span class='ocrx_word' id='word_1_174' title='bbox 1625 1230 1726 1301; x_wconf 83' lang='lat' dir='ltr'><strong>expri-</strong></span> 
     </span>
    </p>

    <p class='ocr_par' dir='ltr' id='par_1_8' title="bbox 82 1314 1727 1388">
     <span class='ocr_line' id='line_1_13' title="bbox 82 1314 1727 1388; baseline 0.004 -17"><span class='ocrx_word' id='word_1_175' title='bbox 82 1323 155 1372; x_wconf 87' lang='lat' dir='ltr'><strong>esset</strong></span> <span class='ocrx_word' id='word_1_176' title='bbox 189 1314 361 1370; x_wconf 89' lang='lat' dir='ltr'><strong>diltiuilione</strong></span> <span class='ocrx_word' id='word_1_177' title='bbox 381 1314 505 1369; x_wconf 85' lang='lat' dir='ltr'><strong>essentia</strong></span> <span class='ocrx_word' id='word_1_178' title='bbox 532 1314 766 1384; x_wconf 81' lang='lat' dir='ltr'><strong>quodpcrsonae,</strong></span> <span class='ocrx_word' id='word_1_179' title='bbox 793 1322 825 1371; x_wconf 92' lang='lat' dir='ltr'><strong>ut</strong></span> <span class='ocrx_word' id='word_1_180' title='bbox 878 1315 967 1370; x_wconf 90' lang='lat' dir='ltr'><strong>mitur</strong></span> <span class='ocrx_word' id='word_1_181' title='bbox 982 1328 1016 1370; x_wconf 93' lang='lat' dir='ltr'><strong>ac</strong></span> <span class='ocrx_word' id='word_1_182' title='bbox 1049 1315 1259 1385; x_wconf 81' lang='lat' dir='ltr'><strong>designatur.»</strong></span> <span class='ocrx_word' id='word_1_183' title='bbox 1278 1317 1357 1373; x_wconf 90' lang='lat' dir='ltr'><strong>lure</strong></span> <span class='ocrx_word' id='word_1_184' title='bbox 1387 1317 1563 1388; x_wconf 81' lang='lat' dir='ltr'><strong>itaquequae</strong></span> <span class='ocrx_word' id='word_1_185' title='bbox 1585 1320 1663 1376; x_wconf 84' lang='lat' dir='ltr'><strong>Deus</strong></span> <span class='ocrx_word' id='word_1_186' title='bbox 1684 1327 1727 1378; x_wconf 88' lang='lat' dir='ltr'><strong>cst</strong></span> 
     </span>
    </p>

    <p class='ocr_par' dir='ltr' id='par_1_9' title="bbox 79 1402 1723 1474">
     <span class='ocr_line' id='line_1_14' title="bbox 79 1402 1723 1474; baseline 0.003 -15"><span class='ocrx_word' id='word_1_187' title='bbox 79 1412 110 1460; x_wconf 87' lang='lat' dir='ltr'><strong>et</strong></span> <span class='ocrx_word' id='word_1_188' title='bbox 135 1403 209 1459; x_wconf 91' lang='lat' dir='ltr'><strong>idem</strong></span> <span class='ocrx_word' id='word_1_189' title='bbox 234 1404 353 1472; x_wconf 92' lang='lat' dir='ltr'><strong>penitus</strong></span> <span class='ocrx_word' id='word_1_190' title='bbox 377 1410 492 1458; x_wconf 89' lang='lat' dir='ltr'><strong>sonaret</strong></span> <span class='ocrx_word' id='word_1_191' title='bbox 513 1403 636 1459; x_wconf 87' lang='lat' dir='ltr'><strong>essentia</strong></span> <span class='ocrx_word' id='word_1_192' title='bbox 660 1404 738 1472; x_wconf 87' lang='lat' dir='ltr'><strong>quod</strong></span> <span class='ocrx_word' id='word_1_193' title='bbox 760 1417 823 1473; x_wconf 91' lang='lat' dir='ltr'><strong>per·</strong></span> <span class='ocrx_word' id='word_1_194' title='bbox 877 1402 1045 1460; x_wconf 81' lang='lat' dir='ltr'><strong>Trinitatem</strong></span> <span class='ocrx_word' id='word_1_195' title='bbox 1073 1405 1242 1474; x_wconf 79' lang='lat' dir='ltr'><strong>arripimus,</strong></span> <span class='ocrx_word' id='word_1_196' title='bbox 1273 1406 1391 1462; x_wconf 93' lang='lat' dir='ltr'><strong>nonin</strong></span> <span class='ocrx_word' id='word_1_197' title='bbox 1430 1406 1460 1463; x_wconf 93' lang='lat' dir='ltr'><strong>vi</strong></span> <span class='ocrx_word' id='word_1_198' title='bbox 1490 1406 1723 1465; x_wconf 89' lang='lat' dir='ltr'><strong>vocabulorum:</strong></span> 
     </span>
    </p>

    <p class='ocr_par' dir='ltr' id='par_1_10' title="bbox 93 1491 1726 1568">
     <span class='ocr_line' id='line_1_15' title="bbox 93 1491 1726 1568; baseline 0.002 -18"><span class='ocrx_word' id='word_1_199' title='bbox 93 1501 165 1550; x_wconf 89' lang='lat' dir='ltr'><strong>tuuc</strong></span> <span class='ocrx_word' id='word_1_200' title='bbox 192 1491 319 1547; x_wconf 79' lang='lat' dir='ltr'><strong>fortassis</strong></span> <span class='ocrx_word' id='word_1_201' title='bbox 340 1505 454 1547; x_wconf 88' lang='lat' dir='ltr'><strong>neccsse</strong></span> <span class='ocrx_word' id='word_1_202' title='bbox 476 1499 549 1547; x_wconf 89' lang='lat' dir='ltr'><strong>esset</strong></span> <span class='ocrx_word' id='word_1_203' title='bbox 573 1492 664 1547; x_wconf 86' lang='lat' dir='ltr'><strong>ileum</strong></span> <span class='ocrx_word' id='word_1_204' title='bbox 684 1507 745 1548; x_wconf 85' lang='lat' dir='ltr'><strong>esse</strong></span> <span class='ocrx_word' id='word_1_205' title='bbox 771 1492 824 1546; x_wconf 87' lang='lat' dir='ltr'><strong>tri·</strong></span> <span class='ocrx_word' id='word_1_206' title='bbox 878 1505 943 1562; x_wconf 79' lang='lat' dir='ltr'><strong>que</strong></span> <span class='ocrx_word' id='word_1_207' title='bbox 959 1491 1113 1547; x_wconf 90' lang='lat' dir='ltr'><strong>siomnino</strong></span> <span class='ocrx_word' id='word_1_208' title='bbox 1137 1492 1276 1562; x_wconf 82' lang='lat' dir='ltr'><strong>deessent,</strong></span> <span class='ocrx_word' id='word_1_209' title='bbox 1300 1508 1358 1549; x_wconf 91' lang='lat' dir='ltr'><strong>non</strong></span> <span class='ocrx_word' id='word_1_210' title='bbox 1374 1497 1470 1550; x_wconf 91' lang='lat' dir='ltr'><strong>miuus</strong></span> <span class='ocrx_word' id='word_1_211' title='bbox 1494 1493 1544 1551; x_wconf 89' lang='lat' dir='ltr'><strong>iila</strong></span> <span class='ocrx_word' id='word_1_212' title='bbox 1558 1495 1590 1551; x_wconf 92' lang='lat' dir='ltr'><strong>in</strong></span> <span class='ocrx_word' id='word_1_213' title='bbox 1617 1496 1726 1568; x_wconf 86' lang='lat' dir='ltr'><strong>reipsa</strong></span> 
     </span>
    </p>

    <p class='ocr_par' dir='ltr' id='par_1_11' title="bbox 78 1568 1724 1653">
     <span class='ocr_line' id='line_1_16' title="bbox 78 1568 1724 1653; baseline 0.003 -16"><span class='ocrx_word' id='word_1_214' title='bbox 78 1580 234 1637; x_wconf 90' lang='lat' dir='ltr'><strong>uesseutia</strong></span> <span class='ocrx_word' id='word_1_215' title='bbox 249 1579 324 1635; x_wconf 89' lang='lat' dir='ltr'><strong>sicut</strong></span> <span class='ocrx_word' id='word_1_216' title='bbox 338 1587 381 1634; x_wconf 90' lang='lat' dir='ltr'><strong>est</strong></span> <span class='ocrx_word' id='word_1_217' title='bbox 392 1579 422 1633; x_wconf 95' lang='lat' dir='ltr'><strong>iu</strong></span> <span class='ocrx_word' id='word_1_218' title='bbox 438 1579 575 1648; x_wconf 88' lang='lat' dir='ltr'><strong>personis,</strong></span> <span class='ocrx_word' id='word_1_219' title='bbox 593 1588 746 1636; x_wconf 93' lang='lat' dir='ltr'><strong>autunum</strong></span> <span class='ocrx_word' id='word_1_220' title='bbox 763 1593 824 1636; x_wconf 91' lang='lat' dir='ltr'><strong>csse</strong></span> <span class='ocrx_word' id='word_1_221' title='bbox 878 1588 1058 1649; x_wconf 81' lang='lat' dir='ltr'><strong>permaneret</strong></span> <span class='ocrx_word' id='word_1_222' title='bbox 1076 1579 1210 1637; x_wconf 84' lang='lat' dir='ltr'><strong>Trinitas.</strong></span> <span class='ocrx_word' id='word_1_223' title='bbox 1240 1582 1274 1636; x_wconf 91' lang='lat' dir='ltr'><strong>ln</strong></span> <span class='ocrx_word' id='word_1_224' title='bbox 1289 1595 1330 1648; x_wconf 90' lang='lat' dir='ltr'><strong>re,</strong></span> <span class='ocrx_word' id='word_1_225' title='bbox 1346 1568 1478 1653; x_wconf 85' lang='lat' dir='ltr'><strong>inq&#39;uam,</strong></span> <span class='ocrx_word' id='word_1_226' title='bbox 1509 1582 1627 1640; x_wconf 88' lang='lat' dir='ltr'><strong>itaeam</strong></span> <span class='ocrx_word' id='word_1_227' title='bbox 1650 1586 1724 1642; x_wconf 88' lang='lat' dir='ltr'><strong>acci·</strong></span> 
     </span>
    </p>

    <p class='ocr_par' dir='ltr' id='par_1_12' title="bbox 79 1667 1721 1741">
     <span class='ocr_line' id='line_1_17' title="bbox 79 1667 1721 1741; baseline 0.003 -15"><span class='ocrx_word' id='word_1_228' title='bbox 79 1669 156 1726; x_wconf 89' lang='lat' dir='ltr'><strong>souis</strong></span> <span class='ocrx_word' id='word_1_229' title='bbox 182 1669 258 1725; x_wconf 88' lang='lat' dir='ltr'><strong>sieut</strong></span> <span class='ocrx_word' id='word_1_230' title='bbox 285 1676 327 1723; x_wconf 89' lang='grc' dir='ltr'><strong>εει</strong></span> <span class='ocrx_word' id='word_1_231' title='bbox 353 1667 382 1722; x_wconf 92' lang='lat' dir='ltr'><strong>iu</strong></span> <span class='ocrx_word' id='word_1_232' title='bbox 402 1667 536 1723; x_wconf 90' lang='lat' dir='ltr'><strong>essentia.</strong></span> <span class='ocrx_word' id='word_1_233' title='bbox 558 1668 590 1721; x_wconf 93' lang='lat' dir='ltr'><strong>ln</strong></span> <span class='ocrx_word' id='word_1_234' title='bbox 612 1667 667 1724; x_wconf 89' lang='lat' dir='ltr'><strong>hoc</strong></span> <span class='ocrx_word' id='word_1_235' title='bbox 691 1668 823 1725; x_wconf 87' lang='lat' dir='ltr'><strong>videlicet</strong></span> <span class='ocrx_word' id='word_1_236' title='bbox 880 1668 984 1738; x_wconf 91' lang='lat' dir='ltr'><strong>pimus,</strong></span> <span class='ocrx_word' id='word_1_237' title='bbox 1009 1676 1042 1725; x_wconf 92' lang='lat' dir='ltr'><strong>nt</strong></span> <span class='ocrx_word' id='word_1_238' title='bbox 1057 1668 1118 1739; x_wconf 93' lang='lat' dir='ltr'><strong>ipsa</strong></span> <span class='ocrx_word' id='word_1_239' title='bbox 1140 1683 1186 1726; x_wconf 90' lang='lat' dir='ltr'><strong>res</strong></span> <span class='ocrx_word' id='word_1_240' title='bbox 1209 1684 1275 1741; x_wconf 77' lang='lat' dir='ltr'><strong>que</strong></span> <span class='ocrx_word' id='word_1_241' title='bbox 1292 1671 1367 1726; x_wconf 83' lang='lat' dir='ltr'><strong>Deus</strong></span> <span class='ocrx_word' id='word_1_242' title='bbox 1389 1678 1442 1738; x_wconf 90' lang='lat' dir='ltr'><strong>cst,</strong></span> <span class='ocrx_word' id='word_1_243' title='bbox 1459 1670 1508 1727; x_wconf 91' lang='lat' dir='ltr'><strong>illa</strong></span> <span class='ocrx_word' id='word_1_244' title='bbox 1532 1672 1569 1728; x_wconf 88' lang='lat' dir='ltr'><strong>sit</strong></span> <span class='ocrx_word' id='word_1_245' title='bbox 1584 1671 1721 1741; x_wconf 82' lang='lat' dir='ltr'><strong>Trinitas,</strong></span> 
     </span>
    </p>

    <p class='ocr_par' dir='ltr' id='par_1_13' title="bbox 95 1756 1726 1831">
     <span class='ocr_line' id='line_1_18' title="bbox 95 1756 1726 1831; baseline 0.002 -16"><span class='ocrx_word' id='word_1_246' title='bbox 95 1767 128 1815; x_wconf 91' lang='lat' dir='ltr'><strong>ut</strong></span> <span class='ocrx_word' id='word_1_247' title='bbox 153 1757 177 1813; x_wconf 93' lang='lat' dir='ltr'><strong>si</strong></span> <span class='ocrx_word' id='word_1_248' title='bbox 203 1758 292 1813; x_wconf 91' lang='lat' dir='ltr'><strong>trium</strong></span> <span class='ocrx_word' id='word_1_249' title='bbox 316 1756 523 1812; x_wconf 89' lang='lat' dir='ltr'><strong>dillinitionum</strong></span> <span class='ocrx_word' id='word_1_250' title='bbox 554 1756 598 1813; x_wconf 89' lang='lat' dir='ltr'><strong>vel</strong></span> <span class='ocrx_word' id='word_1_251' title='bbox 615 1757 824 1827; x_wconf 89' lang='lat' dir='ltr'><strong>proprietatum</strong></span> <span class='ocrx_word' id='word_1_252' title='bbox 879 1771 938 1812; x_wconf 93' lang='lat' dir='ltr'><strong>uon</strong></span> <span class='ocrx_word' id='word_1_253' title='bbox 967 1756 998 1813; x_wconf 93' lang='lat' dir='ltr'><strong>in</strong></span> <span class='ocrx_word' id='word_1_254' title='bbox 1021 1772 1054 1814; x_wconf 91' lang='lat' dir='ltr'><strong>eo</strong></span> <span class='ocrx_word' id='word_1_255' title='bbox 1091 1766 1204 1815; x_wconf 91' lang='lat' dir='ltr'><strong>tantum</strong></span> <span class='ocrx_word' id='word_1_256' title='bbox 1231 1758 1310 1829; x_wconf 90' lang='lat' dir='ltr'><strong>qued</strong></span> <span class='ocrx_word' id='word_1_257' title='bbox 1327 1758 1390 1830; x_wconf 93' lang='lat' dir='ltr'><strong>ipsa</strong></span> <span class='ocrx_word' id='word_1_258' title='bbox 1419 1772 1475 1826; x_wconf 88' lang='lat' dir='ltr'><strong>res,</strong></span> <span class='ocrx_word' id='word_1_259' title='bbox 1499 1759 1549 1816; x_wconf 90' lang='lat' dir='ltr'><strong>sed</strong></span> <span class='ocrx_word' id='word_1_260' title='bbox 1576 1760 1655 1831; x_wconf 88' lang='lat' dir='ltr'><strong>quod</strong></span> <span class='ocrx_word' id='word_1_261' title='bbox 1682 1768 1726 1819; x_wconf 87' lang='lat' dir='ltr'><strong>est</strong></span> 
     </span>
    </p>

    <p class='ocr_par' dir='ltr' id='par_1_14' title="bbox 79 1844 1725 1920">
     <span class='ocr_line' id='line_1_19' title="bbox 79 1844 1725 1920; baseline 0.002 -15"><span class='ocrx_word' id='word_1_262' title='bbox 79 1862 109 1905; x_wconf 73' lang='lat' dir='ltr'><strong>ex</strong></span> <span class='ocrx_word' id='word_1_263' title='bbox 130 1847 260 1917; x_wconf 91' lang='lat' dir='ltr'><strong>personis</strong></span> <span class='ocrx_word' id='word_1_264' title='bbox 275 1853 303 1902; x_wconf 91' lang='lat' dir='ltr'><strong>et</strong></span> <span class='ocrx_word' id='word_1_265' title='bbox 332 1860 369 1901; x_wconf 85' lang='lat' dir='ltr'><strong>ex</strong></span> <span class='ocrx_word' id='word_1_266' title='bbox 383 1844 662 1912; x_wconf 76' lang='lat' dir='ltr'><strong>essentiasimiliter,</strong></span> <span class='ocrx_word' id='word_1_267' title='bbox 687 1853 738 1902; x_wconf 91' lang='lat' dir='ltr'><strong>aut</strong></span> <span class='ocrx_word' id='word_1_268' title='bbox 751 1846 775 1901; x_wconf 92' lang='lat' dir='ltr'><strong>si</strong></span> <span class='ocrx_word' id='word_1_269' title='bbox 787 1859 824 1902; x_wconf 85' lang='lat' dir='ltr'><strong>ex</strong></span> <span class='ocrx_word' id='word_1_270' title='bbox 879 1858 1007 1914; x_wconf 79' lang='lat' dir='ltr'><strong>personae</strong></span> <span class='ocrx_word' id='word_1_271' title='bbox 1029 1846 1085 1902; x_wconf 78' lang='lat' dir='ltr'><strong>illae</strong></span> <span class='ocrx_word' id='word_1_272' title='bbox 1106 1861 1195 1918; x_wconf 91' lang='lat' dir='ltr'><strong>supra</strong></span> <span class='ocrx_word' id='word_1_273' title='bbox 1217 1848 1369 1911; x_wconf 75' lang='lat' dir='ltr'><strong>distinctas,</strong></span> <span class='ocrx_word' id='word_1_274' title='bbox 1398 1848 1495 1920; x_wconf 85' lang='lat' dir='ltr'><strong>Longa</strong></span> <span class='ocrx_word' id='word_1_275' title='bbox 1519 1851 1616 1905; x_wconf 88' lang='lat' dir='ltr'><strong>autam</strong></span> <span class='ocrx_word' id='word_1_276' title='bbox 1644 1849 1725 1909; x_wconf 90' lang='lat' dir='ltr'><strong>aliud</strong></span> 
     </span>
    </p>

    <p class='ocr_par' dir='ltr' id='par_1_15' title="bbox 79 1933 1725 2009">
     <span class='ocr_line' id='line_1_20' title="bbox 79 1933 1725 2009; baseline 0.005 -18"><span class='ocrx_word' id='word_1_277' title='bbox 79 1937 107 2009; x_wconf 80' lang='lat' dir='ltr'><strong>ia</strong></span> <span class='ocrx_word' id='word_1_278' title='bbox 120 1949 213 1991; x_wconf 89' lang='lat' dir='ltr'><strong>uuum</strong></span> <span class='ocrx_word' id='word_1_279' title='bbox 227 1934 649 2005; x_wconf 76' lang='lat' dir='ltr'><strong>essetctexperscuisuuum.</strong></span> <span class='ocrx_word' id='word_1_280' title='bbox 667 1933 739 1990; x_wconf 80' lang='lat' dir='ltr'><strong>dum</strong></span> <span class='ocrx_word' id='word_1_281' title='bbox 754 1948 823 1990; x_wconf 88' lang='lat' dir='ltr'><strong>vcro</strong></span> <span class='ocrx_word' id='word_1_282' title='bbox 878 1943 920 1991; x_wconf 90' lang='lat' dir='ltr'><strong>est</strong></span> <span class='ocrx_word' id='word_1_283' title='bbox 948 1949 1009 1991; x_wconf 91' lang='lat' dir='ltr'><strong>rem</strong></span> <span class='ocrx_word' id='word_1_284' title='bbox 1031 1936 1124 2005; x_wconf 85' lang='lat' dir='ltr'><strong>ipsam</strong></span> <span class='ocrx_word' id='word_1_285' title='bbox 1145 1950 1206 1994; x_wconf 86' lang='lat' dir='ltr'><strong>esse</strong></span> <span class='ocrx_word' id='word_1_286' title='bbox 1233 1936 1414 2004; x_wconf 89' lang='lat' dir='ltr'><strong>Trinitatem,</strong></span> <span class='ocrx_word' id='word_1_287' title='bbox 1439 1937 1521 1995; x_wconf 91' lang='lat' dir='ltr'><strong>aliud</strong></span> <span class='ocrx_word' id='word_1_288' title='bbox 1541 1952 1609 1995; x_wconf 88' lang='lat' dir='ltr'><strong>eam</strong></span> <span class='ocrx_word' id='word_1_289' title='bbox 1636 1938 1667 1996; x_wconf 89' lang='lat' dir='ltr'><strong>in</strong></span> <span class='ocrx_word' id='word_1_290' title='bbox 1690 1952 1725 1999; x_wconf 85' lang='lat' dir='ltr'><strong>cc</strong></span> 
     </span>
    </p>

    <p class='ocr_par' dir='ltr' id='par_1_16' title="bbox 79 2022 1726 2092">
     <span class='ocr_line' id='line_1_21' title="bbox 79 2022 1726 2092; baseline 0.004 -12"><span class='ocrx_word' id='word_1_291' title='bbox 79 2025 118 2080; x_wconf 95' lang='lat' dir='ltr'><strong>int</strong></span> <span class='ocrx_word' id='word_1_292' title='bbox 134 2024 208 2078; x_wconf 89' lang='lat' dir='ltr'><strong>idem</strong></span> <span class='ocrx_word' id='word_1_293' title='bbox 223 2022 395 2078; x_wconf 88' lang='lat' dir='ltr'><strong>dilliuitioue</strong></span> <span class='ocrx_word' id='word_1_294' title='bbox 408 2022 532 2077; x_wconf 87' lang='lat' dir='ltr'><strong>essentia</strong></span> <span class='ocrx_word' id='word_1_295' title='bbox 551 2029 578 2077; x_wconf 91' lang='lat' dir='ltr'><strong>et</strong></span> <span class='ocrx_word' id='word_1_296' title='bbox 606 2035 743 2091; x_wconf 75' lang='lat' dir='ltr'><strong>personae,</strong></span> <span class='ocrx_word' id='word_1_297' title='bbox 764 2036 823 2077; x_wconf 93' lang='lat' dir='ltr'><strong>uon</strong></span> <span class='ocrx_word' id='word_1_298' title='bbox 879 2023 957 2092; x_wconf 87' lang='lat' dir='ltr'><strong>quod</strong></span> <span class='ocrx_word' id='word_1_299' title='bbox 972 2030 1014 2079; x_wconf 89' lang='lat' dir='ltr'><strong>est</strong></span> <span class='ocrx_word' id='word_1_300' title='bbox 1035 2037 1079 2080; x_wconf 89' lang='lat' dir='ltr'><strong>res</strong></span> <span class='ocrx_word' id='word_1_301' title='bbox 1092 2024 1162 2081; x_wconf 77' lang='lat' dir='ltr'><strong>‘esse</strong></span> <span class='ocrx_word' id='word_1_302' title='bbox 1187 2025 1358 2082; x_wconf 88' lang='lat' dir='ltr'><strong>Trinitatem</strong></span> <span class='ocrx_word' id='word_1_303' title='bbox 1375 2043 1382 2082; x_wconf 92' lang='lat'><strong>:</strong></span> <span class='ocrx_word' id='word_1_304' title='bbox 1398 2026 1472 2083; x_wconf 91' lang='lat' dir='ltr'><strong>sicut</strong></span> <span class='ocrx_word' id='word_1_305' title='bbox 1495 2026 1574 2084; x_wconf 90' lang='lat' dir='ltr'><strong>aliud</strong></span> <span class='ocrx_word' id='word_1_306' title='bbox 1600 2036 1641 2085; x_wconf 88' lang='lat' dir='ltr'><strong>est</strong></span> <span class='ocrx_word' id='word_1_307' title='bbox 1676 2029 1726 2086; x_wconf 90' lang='lat' dir='ltr'><strong>bo·</strong></span> 
     </span>
    </p>

    <p class='ocr_par' dir='ltr' id='par_1_17' title="bbox 79 2106 1747 2275">
     <span class='ocr_line' id='line_1_22' title="bbox 79 2106 1747 2188; baseline 0.004 -19"><span class='ocrx_word' id='word_1_308' title='bbox 79 2126 150 2170; x_wconf 84' lang='lat' dir='ltr'><strong>:csse</strong></span> <span class='ocrx_word' id='word_1_309' title='bbox 164 2112 227 2167; x_wconf 84' lang='lat' dir='ltr'><strong>boc.</strong></span> <span class='ocrx_word' id='word_1_310' title='bbox 245 2113 315 2166; x_wconf 89' lang='lat' dir='ltr'><strong>Nam</strong></span> <span class='ocrx_word' id='word_1_311' title='bbox 330 2118 357 2166; x_wconf 91' lang='grc' dir='ltr'><strong>ει</strong></span> <span class='ocrx_word' id='word_1_312' title='bbox 371 2124 438 2167; x_wconf 93' lang='lat' dir='ltr'><strong>cum</strong></span> <span class='ocrx_word' id='word_1_313' title='bbox 450 2111 534 2166; x_wconf 82' lang='lat' dir='ltr'><strong>liento</strong></span> <span class='ocrx_word' id='word_1_314' title='bbox 552 2111 626 2166; x_wconf 90' lang='lat' dir='ltr'><strong>idem</strong></span> <span class='ocrx_word' id='word_1_315' title='bbox 641 2111 676 2166; x_wconf 91' lang='lat' dir='ltr'><strong>sit</strong></span> <span class='ocrx_word' id='word_1_316' title='bbox 698 2123 822 2166; x_wconf 89' lang='lat' dir='ltr'><strong>numero</strong></span> <span class='ocrx_word' id='word_1_317' title='bbox 878 2111 985 2166; x_wconf 91' lang='lat' dir='ltr'><strong>minem</strong></span> <span class='ocrx_word' id='word_1_318' title='bbox 1003 2125 1064 2168; x_wconf 89' lang='lat' dir='ltr'><strong>esse</strong></span> <span class='ocrx_word' id='word_1_319' title='bbox 1075 2112 1185 2180; x_wconf 94' lang='lat' dir='ltr'><strong>album,</strong></span> <span class='ocrx_word' id='word_1_320' title='bbox 1201 2113 1281 2170; x_wconf 93' lang='lat' dir='ltr'><strong>aliud</strong></span> <span class='ocrx_word' id='word_1_321' title='bbox 1293 2114 1441 2172; x_wconf 88' lang='lat' dir='ltr'><strong>bominem</strong></span> <span class='ocrx_word' id='word_1_322' title='bbox 1461 2116 1491 2173; x_wconf 92' lang='lat' dir='ltr'><strong>in</strong></span> <span class='ocrx_word' id='word_1_323' title='bbox 1506 2130 1538 2173; x_wconf 88' lang='lat' dir='ltr'><strong>ec</strong></span> <span class='ocrx_word' id='word_1_324' title='bbox 1548 2116 1626 2188; x_wconf 88' lang='lat' dir='ltr'><strong>quod</strong></span> <span class='ocrx_word' id='word_1_325' title='bbox 1638 2117 1724 2175; x_wconf 88' lang='lat' dir='ltr'><strong>homo</strong></span> <span class='ocrx_word' id='word_1_326' title='bbox 1745 2106 1747 2110; x_wconf 42' lang='lat'><em>⁴</em></span> 
     </span>
     <span class='ocr_line' id='line_1_23' title="bbox 81 2198 1724 2275; baseline 0.004 -18"><span class='ocrx_word' id='word_1_327' title='bbox 81 2201 168 2258; x_wconf 88' lang='lat' dir='ltr'><strong>isibili</strong></span> <span class='ocrx_word' id='word_1_328' title='bbox 185 2206 213 2256; x_wconf 92' lang='lat' dir='ltr'><strong>et</strong></span> <span class='ocrx_word' id='word_1_329' title='bbox 224 2199 392 2270; x_wconf 80' lang='lat' dir='ltr'><strong>navigabili,</strong></span> <span class='ocrx_word' id='word_1_330' title='bbox 405 2200 449 2255; x_wconf 93' lang='lat' dir='ltr'><strong>vcl</strong></span> <span class='ocrx_word' id='word_1_331' title='bbox 460 2198 588 2254; x_wconf 85' lang='lat' dir='ltr'><strong>Socrates</strong></span> <span class='ocrx_word' id='word_1_332' title='bbox 612 2213 679 2255; x_wconf 88' lang='lat' dir='ltr'><strong>cum</strong></span> <span class='ocrx_word' id='word_1_333' title='bbox 689 2199 824 2270; x_wconf 88' lang='lat' dir='ltr'><strong>loquente</strong></span> <span class='ocrx_word' id='word_1_334' title='bbox 878 2207 994 2256; x_wconf 89' lang='lat' dir='ltr'><strong>estesse</strong></span> <span class='ocrx_word' id='word_1_335' title='bbox 1012 2200 1113 2257; x_wconf 90' lang='lat' dir='ltr'><strong>album</strong></span> <span class='ocrx_word' id='word_1_336' title='bbox 1127 2221 1138 2268; x_wconf 88' lang='lat'><strong>,·</strong></span> <span class='ocrx_word' id='word_1_337' title='bbox 1150 2209 1177 2259; x_wconf 88' lang='lat' dir='ltr'><strong>et</strong></span> <span class='ocrx_word' id='word_1_338' title='bbox 1192 2202 1337 2259; x_wconf 89' lang='lat' dir='ltr'><strong>Socratem</strong></span> <span class='ocrx_word' id='word_1_339' title='bbox 1365 2217 1426 2260; x_wconf 89' lang='lat' dir='ltr'><strong>esse</strong></span> <span class='ocrx_word' id='word_1_340' title='bbox 1440 2212 1498 2262; x_wconf 90' lang='lat' dir='ltr'><strong>tres</strong></span> <span class='ocrx_word' id='word_1_341' title='bbox 1521 2219 1658 2275; x_wconf 87' lang='lat' dir='ltr'><strong>personas</strong></span> <span class='ocrx_word' id='word_1_342' title='bbox 1675 2220 1724 2262; x_wconf 90' lang='lat' dir='ltr'><strong>se·</strong></span> 
     </span>
    </p>

    <p class='ocr_par' dir='ltr' id='par_1_18' title="bbox 79 2287 1724 2365">
     <span class='ocr_line' id='line_1_24' title="bbox 79 2287 1724 2365; baseline 0.003 -19"><span class='ocrx_word' id='word_1_343' title='bbox 79 2291 174 2347; x_wconf 91' lang='lat' dir='ltr'><strong>dieute</strong></span> <span class='ocrx_word' id='word_1_344' title='bbox 194 2290 273 2347; x_wconf 88' lang='lat' dir='ltr'><strong>etde</strong></span> <span class='ocrx_word' id='word_1_345' title='bbox 297 2303 355 2358; x_wconf 85' lang='lat' dir='ltr'><strong>quo</strong></span> <span class='ocrx_word' id='word_1_346' title='bbox 380 2287 452 2345; x_wconf 90' lang='lat' dir='ltr'><strong>alter</strong></span> <span class='ocrx_word' id='word_1_347' title='bbox 471 2288 508 2343; x_wconf 90' lang='lat' dir='ltr'><strong>ad</strong></span> <span class='ocrx_word' id='word_1_348' title='bbox 526 2287 650 2344; x_wconf 89' lang='lat' dir='ltr'><strong>alterum</strong></span> <span class='ocrx_word' id='word_1_349' title='bbox 680 2287 822 2357; x_wconf 84' lang='lat' dir='ltr'><strong>loqttitur,</strong></span> <span class='ocrx_word' id='word_1_350' title='bbox 878 2288 1007 2344; x_wconf 90' lang='lat' dir='ltr'><strong>cundum</strong></span> <span class='ocrx_word' id='word_1_351' title='bbox 1040 2291 1253 2359; x_wconf 90' lang='lat' dir='ltr'><strong>grammaticos,</strong></span> <span class='ocrx_word' id='word_1_352' title='bbox 1271 2299 1299 2348; x_wconf 91' lang='lat' dir='ltr'><strong>et</strong></span> <span class='ocrx_word' id='word_1_353' title='bbox 1324 2291 1401 2349; x_wconf 89' lang='lat' dir='ltr'><strong>ineo</strong></span> <span class='ocrx_word' id='word_1_354' title='bbox 1426 2293 1504 2365; x_wconf 88' lang='lat' dir='ltr'><strong>quod</strong></span> <span class='ocrx_word' id='word_1_355' title='bbox 1526 2302 1569 2350; x_wconf 88' lang='lat' dir='ltr'><strong>est</strong></span> <span class='ocrx_word' id='word_1_356' title='bbox 1595 2295 1724 2352; x_wconf 85' lang='lat' dir='ltr'><strong>Socrates</strong></span> 
     </span>
    </p>

    <p class='ocr_par' dir='ltr' id='par_1_19' title="bbox 79 2375 1723 2452">
     <span class='ocr_line' id='line_1_25' title="bbox 79 2375 1723 2452; baseline 0.002 -16"><span class='ocrx_word' id='word_1_357' title='bbox 79 2393 155 2436; x_wconf 86' lang='lat' dir='ltr'><strong>tmen</strong></span> <span class='ocrx_word' id='word_1_358' title='bbox 186 2379 211 2434; x_wconf 94' lang='lat' dir='ltr'><strong>si</strong></span> <span class='ocrx_word' id='word_1_359' title='bbox 238 2378 272 2449; x_wconf 73' lang='lat' dir='ltr'><strong>[f.</strong></span> <span class='ocrx_word' id='word_1_360' title='bbox 287 2377 337 2447; x_wconf 80' lang='lat' dir='ltr'><strong>sic]</strong></span> <span class='ocrx_word' id='word_1_361' title='bbox 363 2377 447 2433; x_wconf 84' lang='lat' dir='ltr'><strong>bento</strong></span> <span class='ocrx_word' id='word_1_362' title='bbox 461 2384 504 2433; x_wconf 91' lang='lat' dir='ltr'><strong>est</strong></span> <span class='ocrx_word' id='word_1_363' title='bbox 531 2376 623 2433; x_wconf 89' lang='lat' dir='ltr'><strong>multa</strong></span> <span class='ocrx_word' id='word_1_364' title='bbox 641 2375 822 2442; x_wconf 84' lang='lat' dir='ltr'><strong>diffinitione,</strong></span> <span class='ocrx_word' id='word_1_365' title='bbox 878 2390 938 2432; x_wconf 88' lang='lat' dir='ltr'><strong>esse</strong></span> <span class='ocrx_word' id='word_1_366' title='bbox 952 2382 1010 2433; x_wconf 88' lang='lat' dir='ltr'><strong>tres</strong></span> <span class='ocrx_word' id='word_1_367' title='bbox 1026 2391 1163 2448; x_wconf 89' lang='lat' dir='ltr'><strong>personas</strong></span> <span class='ocrx_word' id='word_1_368' title='bbox 1182 2379 1257 2437; x_wconf 90' lang='lat' dir='ltr'><strong>illas.</strong></span> <span class='ocrx_word' id='word_1_369' title='bbox 1278 2381 1341 2437; x_wconf 90' lang='lat' dir='ltr'><strong>Non</strong></span> <span class='ocrx_word' id='word_1_370' title='bbox 1365 2381 1464 2452; x_wconf 85' lang='lat' dir='ltr'><strong>itaqua</strong></span> <span class='ocrx_word' id='word_1_371' title='bbox 1482 2383 1559 2439; x_wconf 86' lang='lat' dir='ltr'><strong>Deus</strong></span> <span class='ocrx_word' id='word_1_372' title='bbox 1573 2390 1625 2440; x_wconf 90' lang='lat' dir='ltr'><strong>aut</strong></span> <span class='ocrx_word' id='word_1_373' title='bbox 1645 2383 1676 2439; x_wconf 90' lang='lat' dir='ltr'><strong>iu</strong></span> <span class='ocrx_word' id='word_1_374' title='bbox 1690 2395 1723 2439; x_wconf 87' lang='lat' dir='ltr'><strong>co</strong></span> 
     </span>
    </p>

    <p class='ocr_par' dir='ltr' id='par_1_20' title="bbox 82 2463 1724 2543">
     <span class='ocr_line' id='line_1_26' title="bbox 82 2463 1724 2543; baseline 0.002 -18"><span class='ocrx_word' id='word_1_375' title='bbox 82 2468 189 2525; x_wconf 90' lang='lat' dir='ltr'><strong>scilicet</strong></span> <span class='ocrx_word' id='word_1_376' title='bbox 213 2468 292 2540; x_wconf 91' lang='lat' dir='ltr'><strong>quod</strong></span> <span class='ocrx_word' id='word_1_377' title='bbox 320 2474 361 2523; x_wconf 90' lang='lat' dir='ltr'><strong>cst</strong></span> <span class='ocrx_word' id='word_1_378' title='bbox 376 2465 495 2522; x_wconf 90' lang='lat' dir='ltr'><strong>risibilis</strong></span> <span class='ocrx_word' id='word_1_379' title='bbox 507 2473 534 2522; x_wconf 92' lang='lat' dir='ltr'><strong>et</strong></span> <span class='ocrx_word' id='word_1_380' title='bbox 547 2464 731 2535; x_wconf 87' lang='lat' dir='ltr'><strong>navigabilis.</strong></span> <span class='ocrx_word' id='word_1_381' title='bbox 758 2463 823 2520; x_wconf 90' lang='lat' dir='ltr'><strong>Ideo</strong></span> <span class='ocrx_word' id='word_1_382' title='bbox 878 2465 957 2534; x_wconf 87' lang='lat' dir='ltr'><strong>quod</strong></span> <span class='ocrx_word' id='word_1_383' title='bbox 971 2473 1014 2521; x_wconf 90' lang='lat' dir='ltr'><strong>est</strong></span> <span class='ocrx_word' id='word_1_384' title='bbox 1029 2480 1090 2522; x_wconf 89' lang='lat' dir='ltr'><strong>una</strong></span> <span class='ocrx_word' id='word_1_385' title='bbox 1119 2481 1175 2536; x_wconf 78' lang='lat' dir='ltr'><strong>rcS,</strong></span> <span class='ocrx_word' id='word_1_386' title='bbox 1198 2469 1228 2526; x_wconf 92' lang='lat' dir='ltr'><strong>iu</strong></span> <span class='ocrx_word' id='word_1_387' title='bbox 1248 2484 1281 2526; x_wconf 88' lang='lat' dir='ltr'><strong>eo</strong></span> <span class='ocrx_word' id='word_1_388' title='bbox 1308 2469 1386 2541; x_wconf 85' lang='lat' dir='ltr'><strong>quod</strong></span> <span class='ocrx_word' id='word_1_389' title='bbox 1401 2471 1438 2527; x_wconf 92' lang='lat' dir='ltr'><strong>sit</strong></span> <span class='ocrx_word' id='word_1_390' title='bbox 1453 2469 1551 2529; x_wconf 83' lang='lat' dir='ltr'><strong>multae</strong></span> <span class='ocrx_word' id='word_1_391' title='bbox 1565 2484 1622 2539; x_wconf 91' lang='lat' dir='ltr'><strong>res,</strong></span> <span class='ocrx_word' id='word_1_392' title='bbox 1644 2471 1724 2543; x_wconf 84' lang='lat' dir='ltr'><strong>quod</strong></span> 
     </span>
    </p>

    <p class='ocr_par' dir='ltr' id='par_1_21' title="bbox 79 2552 1722 2630">
     <span class='ocr_line' id='line_1_27' title="bbox 79 2552 1722 2630; baseline 0.002 -18"><span class='ocrx_word' id='word_1_393' title='bbox 79 2555 157 2626; x_wconf 79' lang='lat' dir='ltr'><strong>quod</strong></span> <span class='ocrx_word' id='word_1_394' title='bbox 175 2556 326 2620; x_wconf 86' lang='lat' dir='ltr'><strong>esthemo,</strong></span> <span class='ocrx_word' id='word_1_395' title='bbox 345 2554 430 2610; x_wconf 87' lang='lat' dir='ltr'><strong>velsi</strong></span> <span class='ocrx_word' id='word_1_396' title='bbox 451 2552 731 2609; x_wconf 85' lang='lat' dir='ltr'><strong>uuumdiidnitione</strong></span> <span class='ocrx_word' id='word_1_397' title='bbox 749 2552 823 2608; x_wconf 89' lang='lat' dir='ltr'><strong>ineo</strong></span> <span class='ocrx_word' id='word_1_398' title='bbox 878 2552 995 2608; x_wconf 91' lang='lat' dir='ltr'><strong>omuino</strong></span> <span class='ocrx_word' id='word_1_399' title='bbox 1025 2553 1130 2611; x_wconf 88' lang='lat' dir='ltr'><strong>ialsum</strong></span> <span class='ocrx_word' id='word_1_400' title='bbox 1159 2563 1210 2626; x_wconf 88' lang='lat' dir='ltr'><strong>est,</strong></span> <span class='ocrx_word' id='word_1_401' title='bbox 1250 2557 1391 2614; x_wconf 89' lang='lat' dir='ltr'><strong>dicendus</strong></span> <span class='ocrx_word' id='word_1_402' title='bbox 1416 2566 1458 2615; x_wconf 92' lang='lat' dir='ltr'><strong>est</strong></span> <span class='ocrx_word' id='word_1_403' title='bbox 1490 2558 1615 2616; x_wconf 88' lang='lat' dir='ltr'><strong>Trinitas</strong></span> <span class='ocrx_word' id='word_1_404' title='bbox 1642 2573 1722 2630; x_wconf 88' lang='lat' dir='ltr'><strong>csse;</strong></span> 
     </span>
    </p>

    <p class='ocr_par' dir='ltr' id='par_1_22' title="bbox 79 2640 1723 2716">
     <span class='ocr_line' id='line_1_28' title="bbox 79 2640 1723 2716; baseline 0.001 -16"><span class='ocrx_word' id='word_1_405' title='bbox 79 2647 169 2711; x_wconf 94' lang='lat' dir='ltr'><strong>bomo,</strong></span> <span class='ocrx_word' id='word_1_406' title='bbox 205 2644 266 2701; x_wconf 87' lang='lat' dir='ltr'><strong>ideo</strong></span> <span class='ocrx_word' id='word_1_407' title='bbox 282 2644 354 2699; x_wconf 90' lang='lat' dir='ltr'><strong>luco</strong></span> <span class='ocrx_word' id='word_1_408' title='bbox 377 2643 455 2713; x_wconf 92' lang='lat' dir='ltr'><strong>quod</strong></span> <span class='ocrx_word' id='word_1_409' title='bbox 474 2650 516 2698; x_wconf 89' lang='lat' dir='ltr'><strong>est</strong></span> <span class='ocrx_word' id='word_1_410' title='bbox 530 2642 645 2697; x_wconf 89' lang='lat' dir='ltr'><strong>risibilis</strong></span> <span class='ocrx_word' id='word_1_411' title='bbox 661 2649 688 2696; x_wconf 91' lang='lat' dir='ltr'><strong>et</strong></span> <span class='ocrx_word' id='word_1_412' title='bbox 707 2640 824 2712; x_wconf 85' lang='lat' dir='ltr'><strong>naviga·</strong></span> <span class='ocrx_word' id='word_1_413' title='bbox 878 2640 926 2697; x_wconf 84' lang='lat' dir='ltr'><strong>sed</strong></span> <span class='ocrx_word' id='word_1_414' title='bbox 947 2640 977 2695; x_wconf 92' lang='lat' dir='ltr'><strong>iu</strong></span> <span class='ocrx_word' id='word_1_415' title='bbox 1002 2655 1035 2697; x_wconf 88' lang='lat' dir='ltr'><strong>eo</strong></span> <span class='ocrx_word' id='word_1_416' title='bbox 1049 2650 1163 2699; x_wconf 76' lang='lat' dir='ltr'><strong>mutum</strong></span> <span class='ocrx_word' id='word_1_417' title='bbox 1186 2645 1265 2714; x_wconf 86' lang='lat' dir='ltr'><strong>qued</strong></span> <span class='ocrx_word' id='word_1_418' title='bbox 1280 2652 1321 2701; x_wconf 90' lang='lat' dir='ltr'><strong>est</strong></span> <span class='ocrx_word' id='word_1_419' title='bbox 1336 2645 1421 2702; x_wconf 90' lang='lat' dir='ltr'><strong>Pater</strong></span> <span class='ocrx_word' id='word_1_420' title='bbox 1436 2654 1464 2702; x_wconf 89' lang='lat' dir='ltr'><strong>et</strong></span> <span class='ocrx_word' id='word_1_421' title='bbox 1479 2646 1568 2704; x_wconf 86' lang='lat' dir='ltr'><strong>Tilius</strong></span> <span class='ocrx_word' id='word_1_422' title='bbox 1593 2655 1621 2704; x_wconf 90' lang='lat' dir='ltr'><strong>et</strong></span> <span class='ocrx_word' id='word_1_423' title='bbox 1636 2645 1723 2716; x_wconf 91' lang='lat' dir='ltr'><strong>Spiri-</strong></span> 
     </span>
    </p>

    <p class='ocr_par' dir='ltr' id='par_1_23' title="bbox 83 2731 1724 2805">
     <span class='ocr_line' id='line_1_29' title="bbox 83 2731 1724 2805; baseline 0 -16"><span class='ocrx_word' id='word_1_424' title='bbox 83 2732 217 2789; x_wconf 89' lang='lat' dir='ltr'><strong>Similiter</strong></span> <span class='ocrx_word' id='word_1_425' title='bbox 245 2740 272 2788; x_wconf 90' lang='lat' dir='ltr'><strong>et</strong></span> <span class='ocrx_word' id='word_1_426' title='bbox 296 2732 424 2789; x_wconf 85' lang='lat' dir='ltr'><strong>Socrates</strong></span> <span class='ocrx_word' id='word_1_427' title='bbox 452 2746 518 2787; x_wconf 91' lang='lat' dir='ltr'><strong>eum</strong></span> <span class='ocrx_word' id='word_1_428' title='bbox 549 2731 586 2786; x_wconf 91' lang='lat' dir='ltr'><strong>sit</strong></span> <span class='ocrx_word' id='word_1_429' title='bbox 611 2738 666 2786; x_wconf 91' lang='lat' dir='ltr'><strong>tres</strong></span> <span class='ocrx_word' id='word_1_430' title='bbox 696 2743 823 2800; x_wconf 83' lang='lat' dir='ltr'><strong>personae</strong></span> <span class='ocrx_word' id='word_1_431' title='bbox 879 2737 925 2785; x_wconf 89' lang='lat' dir='ltr'><strong>tus</strong></span> <span class='ocrx_word' id='word_1_432' title='bbox 940 2731 1132 2795; x_wconf 77' lang='lat' dir='ltr'><strong>sanctuaboe</strong></span> <span class='ocrx_word' id='word_1_433' title='bbox 1155 2732 1312 2789; x_wconf 90' lang='lat' dir='ltr'><strong>estbarum</strong></span> <span class='ocrx_word' id='word_1_434' title='bbox 1340 2734 1430 2790; x_wconf 90' lang='lat' dir='ltr'><strong>trium</strong></span> <span class='ocrx_word' id='word_1_435' title='bbox 1443 2734 1587 2805; x_wconf 89' lang='lat' dir='ltr'><strong>particeps</strong></span> <span class='ocrx_word' id='word_1_436' title='bbox 1596 2733 1724 2805; x_wconf 90' lang='lat' dir='ltr'><strong>proprie·</strong></span> 
     </span>
    </p>

    <p class='ocr_par' dir='ltr' id='par_1_24' title="bbox 78 2817 1723 2895">
     <span class='ocr_line' id='line_1_30' title="bbox 78 2817 1723 2895; baseline 0.002 -18"><span class='ocrx_word' id='word_1_437' title='bbox 78 2822 140 2878; x_wconf 92' lang='lat' dir='ltr'><strong>lum</strong></span> <span class='ocrx_word' id='word_1_438' title='bbox 157 2821 371 2893; x_wconf 83' lang='lat' dir='ltr'><strong>grammaticos,</strong></span> <span class='ocrx_word' id='word_1_439' title='bbox 398 2821 429 2876; x_wconf 93' lang='lat' dir='ltr'><strong>iu</strong></span> <span class='ocrx_word' id='word_1_440' title='bbox 444 2835 476 2875; x_wconf 89' lang='lat' dir='ltr'><strong>eo</strong></span> <span class='ocrx_word' id='word_1_441' title='bbox 497 2820 606 2876; x_wconf 84' lang='lat' dir='ltr'><strong>scilicet</strong></span> <span class='ocrx_word' id='word_1_442' title='bbox 631 2817 710 2888; x_wconf 88' lang='lat' dir='ltr'><strong>quod</strong></span> <span class='ocrx_word' id='word_1_443' title='bbox 729 2826 771 2874; x_wconf 91' lang='lat' dir='ltr'><strong>est</strong></span> <span class='ocrx_word' id='word_1_444' title='bbox 786 2817 824 2874; x_wconf 82' lang='lat' dir='ltr'><strong>lo</strong></span> <span class='ocrx_word' id='word_1_445' title='bbox 878 2822 970 2873; x_wconf 86' lang='lat' dir='ltr'><strong>tatum</strong></span> <span class='ocrx_word' id='word_1_446' title='bbox 983 2832 1073 2888; x_wconf 90' lang='lat' dir='ltr'><strong>supra</strong></span> <span class='ocrx_word' id='word_1_447' title='bbox 1087 2819 1354 2889; x_wconf 89' lang='lat' dir='ltr'><strong>determinatarum,</strong></span> <span class='ocrx_word' id='word_1_448' title='bbox 1372 2830 1404 2878; x_wconf 88' lang='lat' dir='ltr'><strong>ut</strong></span> <span class='ocrx_word' id='word_1_449' title='bbox 1419 2821 1549 2879; x_wconf 88' lang='lat' dir='ltr'><strong>videlicet</strong></span> <span class='ocrx_word' id='word_1_450' title='bbox 1563 2826 1592 2879; x_wconf 90' lang='grc' dir='ltr'><strong>ει</strong></span> <span class='ocrx_word' id='word_1_451' title='bbox 1604 2823 1723 2895; x_wconf 76' lang='lat' dir='ltr'><strong>gignere</strong></span> 
     </span>
    </p>

    <p class='ocr_par' dir='ltr' id='par_1_25' title="bbox 91 2906 1612 2980">
     <span class='ocr_line' id='line_1_31' title="bbox 91 2906 1612 2980; baseline -0.001 -13"><span class='ocrx_word' id='word_1_452' title='bbox 91 2919 119 2968; x_wconf 90' lang='lat' dir='ltr'><strong>et</strong></span> <span class='ocrx_word' id='word_1_453' title='bbox 139 2911 270 2977; x_wconf 89' lang='lat' dir='ltr'><strong>audiens,</strong></span> <span class='ocrx_word' id='word_1_454' title='bbox 291 2918 319 2966; x_wconf 90' lang='lat' dir='ltr'><strong>et</strong></span> <span class='ocrx_word' id='word_1_455' title='bbox 340 2910 375 2966; x_wconf 88' lang='lat' dir='ltr'><strong>de</strong></span> <span class='ocrx_word' id='word_1_456' title='bbox 398 2923 457 2980; x_wconf 83' lang='lat' dir='ltr'><strong>quo</strong></span> <span class='ocrx_word' id='word_1_457' title='bbox 481 2908 552 2964; x_wconf 88' lang='lat' dir='ltr'><strong>alter</strong></span> <span class='ocrx_word' id='word_1_458' title='bbox 580 2908 703 2964; x_wconf 90' lang='lat' dir='ltr'><strong>alterum</strong></span> <span class='ocrx_word' id='word_1_459' title='bbox 731 2906 824 2977; x_wconf 86' lang='lat' dir='ltr'><strong>loqui·</strong></span> <span class='ocrx_word' id='word_1_460' title='bbox 879 2906 982 2963; x_wconf 90' lang='lat' dir='ltr'><strong>babeat</strong></span> <span class='ocrx_word' id='word_1_461' title='bbox 996 2907 1073 2963; x_wconf 85' lang='lat' dir='ltr'><strong>Deus</strong></span> <span class='ocrx_word' id='word_1_462' title='bbox 1086 2915 1113 2968; x_wconf 87' lang='lat' dir='ltr'><strong>et</strong></span> <span class='ocrx_word' id='word_1_463' title='bbox 1125 2908 1207 2980; x_wconf 85' lang='lat' dir='ltr'><strong>gigni</strong></span> <span class='ocrx_word' id='word_1_464' title='bbox 1218 2909 1332 2979; x_wconf 91' lang='lat' dir='ltr'><strong>babeat,</strong></span> <span class='ocrx_word' id='word_1_465' title='bbox 1348 2916 1436 2980; x_wconf 84' lang='lat' dir='ltr'><strong>atque</strong></span> <span class='ocrx_word' id='word_1_466' title='bbox 1451 2911 1612 2980; x_wconf 85' lang='lat' dir='ltr'><strong>procedere.</strong></span> 
     </span>
    </p>

    <p class='ocr_par' dir='ltr' id='par_1_26' title="bbox 79 2995 1749 3164">
     <span class='ocr_line' id='line_1_32' title="bbox 79 2995 1749 3070; baseline -0.001 -15"><span class='ocrx_word' id='word_1_467' title='bbox 79 3015 121 3057; x_wconf 88' lang='lat' dir='ltr'><strong>eu</strong></span> <span class='ocrx_word' id='word_1_468' title='bbox 150 3008 247 3057; x_wconf 91' lang='lat' dir='ltr'><strong>tamen</strong></span> <span class='ocrx_word' id='word_1_469' title='bbox 264 3000 293 3054; x_wconf 93' lang='lat' dir='ltr'><strong>iu</strong></span> <span class='ocrx_word' id='word_1_470' title='bbox 309 3013 340 3055; x_wconf 89' lang='lat' dir='ltr'><strong>ee</strong></span> <span class='ocrx_word' id='word_1_471' title='bbox 356 2999 433 3069; x_wconf 85' lang='lat' dir='ltr'><strong>quod</strong></span> <span class='ocrx_word' id='word_1_472' title='bbox 457 3002 499 3054; x_wconf 90' lang='lat' dir='ltr'><strong>cst</strong></span> <span class='ocrx_word' id='word_1_473' title='bbox 515 2997 643 3053; x_wconf 86' lang='lat' dir='ltr'><strong>Socrates</strong></span> <span class='ocrx_word' id='word_1_474' title='bbox 670 2996 716 3051; x_wconf 92' lang='lat' dir='ltr'><strong>vel</strong></span> <span class='ocrx_word' id='word_1_475' title='bbox 745 2995 821 3065; x_wconf 85' lang='lat' dir='ltr'><strong>quod</strong></span> <span class='ocrx_word' id='word_1_476' title='bbox 912 2995 1080 3052; x_wconf 90' lang='lat' dir='ltr'><strong>Notandum</strong></span> <span class='ocrx_word' id='word_1_477' title='bbox 1096 3011 1213 3068; x_wconf 83' lang='lat' dir='ltr'><strong>quoquc</strong></span> <span class='ocrx_word' id='word_1_478' title='bbox 1235 2999 1313 3070; x_wconf 86' lang='lat' dir='ltr'><strong>quod</strong></span> <span class='ocrx_word' id='word_1_479' title='bbox 1338 2997 1450 3055; x_wconf 89' lang='lat' dir='ltr'><strong>nullam</strong></span> <span class='ocrx_word' id='word_1_480' title='bbox 1466 3013 1564 3056; x_wconf 87' lang='lat' dir='ltr'><strong>rerum</strong></span> <span class='ocrx_word' id='word_1_481' title='bbox 1587 2999 1749 3057; x_wconf 76' lang='lat' dir='ltr'><strong>multitu-i</strong></span> 
     </span>
     <span class='ocr_line' id='line_1_33' title="bbox 81 3083 1723 3164; baseline 0 -19"><span class='ocrx_word' id='word_1_482' title='bbox 81 3089 214 3154; x_wconf 89' lang='lat' dir='ltr'><strong>bstantla,</strong></span> <span class='ocrx_word' id='word_1_483' title='bbox 248 3089 304 3144; x_wconf 92' lang='lat' dir='ltr'><strong>imo</strong></span> <span class='ocrx_word' id='word_1_484' title='bbox 329 3087 389 3157; x_wconf 90' lang='lat' dir='ltr'><strong>ipse</strong></span> <span class='ocrx_word' id='word_1_485' title='bbox 410 3101 488 3144; x_wconf 92' lang='lat' dir='ltr'><strong>uuus</strong></span> <span class='ocrx_word' id='word_1_486' title='bbox 511 3094 552 3142; x_wconf 90' lang='lat' dir='ltr'><strong>est</strong></span> <span class='ocrx_word' id='word_1_487' title='bbox 573 3085 603 3141; x_wconf 92' lang='lat' dir='ltr'><strong>iu</strong></span> <span class='ocrx_word' id='word_1_488' title='bbox 618 3083 782 3140; x_wconf 90' lang='lat' dir='ltr'><strong>substantia</strong></span> <span class='ocrx_word' id='word_1_489' title='bbox 795 3090 823 3139; x_wconf 92' lang='lat' dir='ltr'><strong>et</strong></span> <span class='ocrx_word' id='word_1_490' title='bbox 877 3084 975 3140; x_wconf 92' lang='lat' dir='ltr'><strong>dinem</strong></span> <span class='ocrx_word' id='word_1_491' title='bbox 991 3084 1022 3139; x_wconf 93' lang='lat' dir='ltr'><strong>in</strong></span> <span class='ocrx_word' id='word_1_492' title='bbox 1043 3084 1197 3142; x_wconf 88' lang='lat' dir='ltr'><strong>Divinitate</strong></span> <span class='ocrx_word' id='word_1_493' title='bbox 1220 3087 1413 3164; x_wconf 81' lang='lat' dir='ltr'><strong>concedamus</strong></span> <span class='ocrx_word' id='word_1_494' title='bbox 1427 3102 1499 3157; x_wconf 89' lang='lat' dir='ltr'><strong>esse,</strong></span> <span class='ocrx_word' id='word_1_495' title='bbox 1523 3088 1572 3145; x_wconf 88' lang='lat' dir='ltr'><strong>scd</strong></span> <span class='ocrx_word' id='word_1_496' title='bbox 1587 3102 1723 3159; x_wconf 87' lang='lat' dir='ltr'><strong>persona·</strong></span> 
     </span>
    </p>

    <p class='ocr_par' dir='ltr' id='par_1_27' title="bbox 89 3172 1724 3248">
     <span class='ocr_line' id='line_1_34' title="bbox 89 3172 1724 3248; baseline -0.001 -14"><span class='ocrx_word' id='word_1_497' title='bbox 89 3180 120 3234; x_wconf 92' lang='lat' dir='ltr'><strong>in</strong></span> <span class='ocrx_word' id='word_1_498' title='bbox 136 3178 266 3248; x_wconf 89' lang='lat' dir='ltr'><strong>persenis</strong></span> <span class='ocrx_word' id='word_1_499' title='bbox 282 3176 443 3233; x_wconf 87' lang='lat' dir='ltr'><strong>seeundum</strong></span> <span class='ocrx_word' id='word_1_500' title='bbox 462 3172 666 3245; x_wconf 87' lang='lat' dir='ltr'><strong>grammaticos</strong></span> <span class='ocrx_word' id='word_1_501' title='bbox 689 3173 821 3241; x_wconf 88' lang='lat' dir='ltr'><strong>acceptis.</strong></span> <span class='ocrx_word' id='word_1_502' title='bbox 877 3185 945 3227; x_wconf 91' lang='lat' dir='ltr'><strong>rum</strong></span> <span class='ocrx_word' id='word_1_503' title='bbox 975 3172 1165 3238; x_wconf 89' lang='lat' dir='ltr'><strong>solummodo,</strong></span> <span class='ocrx_word' id='word_1_504' title='bbox 1195 3175 1380 3245; x_wconf 82' lang='lat' dir='ltr'><strong>Augustinus</strong></span> <span class='ocrx_word' id='word_1_505' title='bbox 1395 3182 1493 3233; x_wconf 90' lang='lat' dir='ltr'><strong>tamen</strong></span> <span class='ocrx_word' id='word_1_506' title='bbox 1519 3175 1549 3231; x_wconf 91' lang='lat' dir='ltr'><strong>iu</strong></span> <span class='ocrx_word' id='word_1_507' title='bbox 1577 3177 1724 3247; x_wconf 79' lang='lat' dir='ltr'><strong>primone</strong></span> 
     </span>
    </p>

    <p class='ocr_par' dir='ltr' id='par_1_28' title="bbox 81 3258 1725 3332">
     <span class='ocr_line' id='line_1_35' title="bbox 81 3258 1725 3332; baseline -0.001 -8"><span class='ocrx_word' id='word_1_508' title='bbox 81 3270 157 3324; x_wconf 86' lang='lat' dir='ltr'><strong>Deus</strong></span> <span class='ocrx_word' id='word_1_509' title='bbox 184 3282 263 3323; x_wconf 89' lang='lat' dir='ltr'><strong>uuus</strong></span> <span class='ocrx_word' id='word_1_510' title='bbox 282 3265 400 3322; x_wconf 90' lang='lat' dir='ltr'><strong>omnino</strong></span> <span class='ocrx_word' id='word_1_511' title='bbox 421 3262 511 3319; x_wconf 91' lang='lat' dir='ltr'><strong>estin</strong></span> <span class='ocrx_word' id='word_1_512' title='bbox 533 3261 702 3318; x_wconf 89' lang='lat' dir='ltr'><strong>essentiact</strong></span> <span class='ocrx_word' id='word_1_513' title='bbox 729 3262 823 3316; x_wconf 90' lang='lat' dir='ltr'><strong>trinus</strong></span> <span class='ocrx_word' id='word_1_514' title='bbox 878 3258 1007 3316; x_wconf 91' lang='lat' dir='ltr'><strong>doctrina</strong></span> <span class='ocrx_word' id='word_1_515' title='bbox 1034 3260 1208 3325; x_wconf 85' lang='lat' dir='ltr'><strong>Christiana,</strong></span> <span class='ocrx_word' id='word_1_516' title='bbox 1233 3276 1279 3319; x_wconf 92' lang='lat' dir='ltr'><strong>res</strong></span> <span class='ocrx_word' id='word_1_517' title='bbox 1304 3262 1455 3332; x_wconf 89' lang='lat' dir='ltr'><strong>pluraliter</strong></span> <span class='ocrx_word' id='word_1_518' title='bbox 1480 3261 1600 3321; x_wconf 88' lang='lat' dir='ltr'><strong>abusive</strong></span> <span class='ocrx_word' id='word_1_519' title='bbox 1630 3263 1725 3323; x_wconf 76' lang='lat' dir='ltr'><strong>dicem</strong></span> 
     </span>
    </p>

    <p class='ocr_par' dir='ltr' id='par_1_29' title="bbox 79 3350 1723 3427">
     <span class='ocr_line' id='line_1_36' title="bbox 79 3350 1723 3427; baseline -0.002 -14"><span class='ocrx_word' id='word_1_520' title='bbox 79 3357 182 3414; x_wconf 80' lang='lat' dir='ltr'><strong>monis:</strong></span> <span class='ocrx_word' id='word_1_521' title='bbox 200 3356 311 3427; x_wconf 89' lang='lat' dir='ltr'><strong>quiaet</strong></span> <span class='ocrx_word' id='word_1_522' title='bbox 348 3354 379 3408; x_wconf 91' lang='lat' dir='ltr'><strong>iu</strong></span> <span class='ocrx_word' id='word_1_523' title='bbox 401 3350 523 3407; x_wconf 87' lang='lat' dir='ltr'><strong>essentia</strong></span> <span class='ocrx_word' id='word_1_524' title='bbox 545 3365 623 3407; x_wconf 91' lang='lat' dir='ltr'><strong>unus</strong></span> <span class='ocrx_word' id='word_1_525' title='bbox 643 3353 758 3405; x_wconf 89' lang='lat' dir='ltr'><strong>tautum</strong></span> <span class='ocrx_word' id='word_1_526' title='bbox 781 3354 824 3404; x_wconf 90' lang='grc' dir='ltr'><strong>εει</strong></span> <span class='ocrx_word' id='word_1_527' title='bbox 877 3361 969 3404; x_wconf 89' lang='lat' dir='ltr'><strong>ausus</strong></span> <span class='ocrx_word' id='word_1_528' title='bbox 997 3356 1040 3406; x_wconf 90' lang='lat' dir='ltr'><strong>est</strong></span> <span class='ocrx_word' id='word_1_529' title='bbox 1069 3351 1105 3405; x_wconf 87' lang='lat' dir='ltr'><strong>ad</strong></span> <span class='ocrx_word' id='word_1_530' title='bbox 1127 3350 1320 3408; x_wconf 89' lang='lat' dir='ltr'><strong>diversitatem</strong></span> <span class='ocrx_word' id='word_1_531' title='bbox 1354 3365 1544 3422; x_wconf 89' lang='lat' dir='ltr'><strong>personarum</strong></span> <span class='ocrx_word' id='word_1_532' title='bbox 1571 3353 1723 3423; x_wconf 88' lang='lat' dir='ltr'><strong>aspiciens,</strong></span> 
     </span>
    </p>

    <p class='ocr_par' dir='ltr' id='par_1_30' title="bbox 79 3436 1724 3515">
     <span class='ocr_line' id='line_1_37' title="bbox 79 3436 1724 3515; baseline -0.005 -11"><span class='ocrx_word' id='word_1_533' title='bbox 79 3460 164 3515; x_wconf 90' lang='lat' dir='ltr'><strong>mero,</strong></span> <span class='ocrx_word' id='word_1_534' title='bbox 188 3454 215 3501; x_wconf 91' lang='lat' dir='ltr'><strong>ct</strong></span> <span class='ocrx_word' id='word_1_535' title='bbox 240 3446 270 3500; x_wconf 91' lang='lat' dir='ltr'><strong>in</strong></span> <span class='ocrx_word' id='word_1_536' title='bbox 291 3440 419 3510; x_wconf 90' lang='lat' dir='ltr'><strong>personis</strong></span> <span class='ocrx_word' id='word_1_537' title='bbox 444 3440 500 3496; x_wconf 89' lang='lat' dir='ltr'><strong>tria</strong></span> <span class='ocrx_word' id='word_1_538' title='bbox 522 3438 745 3494; x_wconf 82' lang='lat' dir='ltr'><strong>diffinitionibus</strong></span> <span class='ocrx_word' id='word_1_539' title='bbox 773 3444 824 3493; x_wconf 89' lang='lat' dir='ltr'><strong>aut</strong></span> <span class='ocrx_word' id='word_1_540' title='bbox 878 3436 917 3492; x_wconf 91' lang='lat' dir='ltr'><strong>ait</strong></span> <span class='ocrx_word' id='word_1_541' title='bbox 942 3450 1049 3507; x_wconf 80' lang='lat' dir='ltr'><strong>quippe</strong></span> <span class='ocrx_word' id='word_1_542' title='bbox 1074 3439 1158 3495; x_wconf 90' lang='lat' dir='ltr'><strong>sic:«</strong></span> <span class='ocrx_word' id='word_1_543' title='bbox 1174 3441 1228 3496; x_wconf 80' lang='lat' dir='ltr'><strong>lies</strong></span> <span class='ocrx_word' id='word_1_544' title='bbox 1245 3439 1309 3495; x_wconf 81' lang='lat' dir='ltr'><strong>alita</strong></span> <span class='ocrx_word' id='word_1_545' title='bbox 1331 3448 1400 3498; x_wconf 91' lang='lat' dir='ltr'><strong>sunt</strong></span> <span class='ocrx_word' id='word_1_546' title='bbox 1427 3441 1536 3512; x_wconf 87' lang='lat' dir='ltr'><strong>quibus</strong></span> <span class='ocrx_word' id='word_1_547' title='bbox 1566 3439 1724 3498; x_wconf 77' lang='lat' dir='ltr'><strong>fruendum</strong></span> 
     </span>
    </p>

    <p class='ocr_par' dir='ltr' id='par_1_31' title="bbox 79 3522 1726 3598">
     <span class='ocr_line' id='line_1_38' title="bbox 79 3522 1726 3598; baseline -0.002 -9"><span class='ocrx_word' id='word_1_548' title='bbox 79 3532 202 3589; x_wconf 83' lang='lat' dir='ltr'><strong>statibus</strong></span> <span class='ocrx_word' id='word_1_549' title='bbox 229 3529 354 3585; x_wconf 89' lang='lat' dir='ltr'><strong>diversa.</strong></span> <span class='ocrx_word' id='word_1_550' title='bbox 380 3528 506 3584; x_wconf 88' lang='lat' dir='ltr'><strong>Trinitas</strong></span> <span class='ocrx_word' id='word_1_551' title='bbox 533 3529 632 3598; x_wconf 83' lang='lat' dir='ltr'><strong>itaque</strong></span> <span class='ocrx_word' id='word_1_552' title='bbox 645 3528 700 3583; x_wconf 89' lang='lat' dir='ltr'><strong>ista</strong></span> <span class='ocrx_word' id='word_1_553' title='bbox 721 3528 757 3582; x_wconf 87' lang='lat' dir='ltr'><strong>ad</strong></span> <span class='ocrx_word' id='word_1_554' title='bbox 777 3527 824 3583; x_wconf 92' lang='lat' dir='ltr'><strong>di·</strong></span> <span class='ocrx_word' id='word_1_555' title='bbox 877 3522 1001 3592; x_wconf 76' lang='lat' dir='ltr'><strong>estatis</strong></span> <span class='ocrx_word' id='word_1_556' title='bbox 1014 3525 1124 3595; x_wconf 84' lang='lat' dir='ltr'><strong>quibus</strong></span> <span class='ocrx_word' id='word_1_557' title='bbox 1139 3526 1289 3584; x_wconf 90' lang='lat' dir='ltr'><strong>utendum.</strong></span> <span class='ocrx_word' id='word_1_558' title='bbox 1305 3527 1364 3584; x_wconf 81' lang='lat' dir='ltr'><strong>lllae</strong></span> <span class='ocrx_word' id='word_1_559' title='bbox 1395 3529 1504 3598; x_wconf 88' lang='lat' dir='ltr'><strong>quibus</strong></span> <span class='ocrx_word' id='word_1_560' title='bbox 1517 3528 1726 3586; x_wconf 85' lang='lat' dir='ltr'><strong>iruaudumest</strong></span> 
     </span>
    </p>

    <p class='ocr_par' dir='ltr' id='par_1_32' title="bbox 79 3613 1724 3687">
     <span class='ocr_line' id='line_1_39' title="bbox 79 3613 1724 3687; baseline -0.002 -8"><span class='ocrx_word' id='word_1_561' title='bbox 79 3618 418 3679; x_wconf 84' lang='lat' dir='ltr'><strong>ttemdiiduitionumvel</strong></span> <span class='ocrx_word' id='word_1_562' title='bbox 429 3615 650 3687; x_wconf 89' lang='lat' dir='ltr'><strong>proprietatum,</strong></span> <span class='ocrx_word' id='word_1_563' title='bbox 666 3622 699 3671; x_wconf 94' lang='lat' dir='ltr'><strong>ut</strong></span> <span class='ocrx_word' id='word_1_564' title='bbox 712 3615 823 3672; x_wconf 92' lang='lat' dir='ltr'><strong>dictum</strong></span> <span class='ocrx_word' id='word_1_565' title='bbox 878 3626 930 3668; x_wconf 92' lang='lat' dir='ltr'><strong>nos</strong></span> <span class='ocrx_word' id='word_1_566' title='bbox 955 3613 1053 3669; x_wconf 89' lang='lat' dir='ltr'><strong>beatos</strong></span> <span class='ocrx_word' id='word_1_567' title='bbox 1072 3613 1194 3670; x_wconf 86' lang='lat' dir='ltr'><strong>iaciunt.</strong></span> <span class='ocrx_word' id='word_1_568' title='bbox 1225 3615 1289 3670; x_wconf 92' lang='lat' dir='ltr'><strong>lstis</strong></span> <span class='ocrx_word' id='word_1_569' title='bbox 1318 3616 1427 3685; x_wconf 85' lang='lat' dir='ltr'><strong>quibus</strong></span> <span class='ocrx_word' id='word_1_570' title='bbox 1454 3617 1562 3674; x_wconf 88' lang='lat' dir='ltr'><strong>endum</strong></span> <span class='ocrx_word' id='word_1_571' title='bbox 1587 3624 1630 3674; x_wconf 87' lang='lat' dir='ltr'><strong>cst</strong></span> <span class='ocrx_word' id='word_1_572' title='bbox 1665 3624 1724 3675; x_wconf 89' lang='lat' dir='ltr'><strong>ten·</strong></span> 
     </span>
    </p>

    <p class='ocr_par' dir='ltr' id='par_1_33' title="bbox 79 3699 1726 3783">
     <span class='ocr_line' id='line_1_40' title="bbox 79 3699 1726 3783; baseline -0.001 -20"><span class='ocrx_word' id='word_1_573' title='bbox 79 3718 195 3783; x_wconf 78' lang='lat' dir='ltr'><strong>‚pectat3</strong></span> <span class='ocrx_word' id='word_1_574' title='bbox 212 3708 310 3765; x_wconf 89' lang='lat' dir='ltr'><strong>unitas</strong></span> <span class='ocrx_word' id='word_1_575' title='bbox 334 3707 369 3762; x_wconf 91' lang='lat' dir='ltr'><strong>ad</strong></span> <span class='ocrx_word' id='word_1_576' title='bbox 399 3705 552 3762; x_wconf 86' lang='lat' dir='ltr'><strong>essentiam</strong></span> <span class='ocrx_word' id='word_1_577' title='bbox 578 3703 732 3774; x_wconf 85' lang='lat' dir='ltr'><strong>:ideoque</strong></span> <span class='ocrx_word' id='word_1_578' title='bbox 769 3704 824 3760; x_wconf 91' lang='lat' dir='ltr'><strong>sibi</strong></span> <span class='ocrx_word' id='word_1_579' title='bbox 877 3699 976 3757; x_wconf 88' lang='lat' dir='ltr'><strong>dentes</strong></span> <span class='ocrx_word' id='word_1_580' title='bbox 989 3700 1024 3756; x_wconf 94' lang='lat' dir='ltr'><strong>ad</strong></span> <span class='ocrx_word' id='word_1_581' title='bbox 1051 3701 1258 3758; x_wconf 90' lang='lat' dir='ltr'><strong>beatitudinem</strong></span> <span class='ocrx_word' id='word_1_582' title='bbox 1284 3703 1471 3774; x_wconf 77' lang='lat' dir='ltr'><strong>adiuvamur.</strong></span> <span class='ocrx_word' id='word_1_583' title='bbox 1504 3705 1573 3762; x_wconf 87' lang='lat' dir='ltr'><strong>Trui</strong></span> <span class='ocrx_word' id='word_1_584' title='bbox 1590 3706 1669 3763; x_wconf 88' lang='lat' dir='ltr'><strong>euim</strong></span> <span class='ocrx_word' id='word_1_585' title='bbox 1683 3712 1726 3764; x_wconf 88' lang='lat' dir='ltr'><strong>est</strong></span> 
     </span>
    </p>

    <p class='ocr_par' dir='ltr' id='par_1_34' title="bbox 79 3788 1727 3865">
     <span class='ocr_line' id='line_1_41' title="bbox 79 3788 1727 3865; baseline -0.004 -9"><span class='ocrx_word' id='word_1_586' title='bbox 79 3816 99 3857; x_wconf 86' lang='lat' dir='ltr'><strong>e</strong></span> <span class='ocrx_word' id='word_1_587' title='bbox 112 3801 316 3865; x_wconf 83' lang='lat' dir='ltr'><strong>adversantur,</strong></span> <span class='ocrx_word' id='word_1_588' title='bbox 332 3810 398 3851; x_wconf 88' lang='lat' dir='ltr'><strong>cum</strong></span> <span class='ocrx_word' id='word_1_589' title='bbox 413 3792 573 3850; x_wconf 86' lang='lat' dir='ltr'><strong>secuudum</strong></span> <span class='ocrx_word' id='word_1_590' title='bbox 589 3792 712 3859; x_wconf 91' lang='lat' dir='ltr'><strong>diversa,</strong></span> <span class='ocrx_word' id='word_1_591' title='bbox 735 3800 766 3849; x_wconf 95' lang='lat' dir='ltr'><strong>ut</strong></span> <span class='ocrx_word' id='word_1_592' title='bbox 782 3792 822 3848; x_wconf 93' lang='lat' dir='ltr'><strong>di·</strong></span> <span class='ocrx_word' id='word_1_593' title='bbox 879 3801 976 3844; x_wconf 91' lang='lat' dir='ltr'><strong>amore</strong></span> <span class='ocrx_word' id='word_1_594' title='bbox 999 3788 1137 3846; x_wconf 78' lang='lat' dir='ltr'><strong>inhaerere</strong></span> <span class='ocrx_word' id='word_1_595' title='bbox 1151 3789 1240 3846; x_wconf 87' lang='lat' dir='ltr'><strong>alicui</strong></span> <span class='ocrx_word' id='word_1_596' title='bbox 1263 3791 1303 3846; x_wconf 89' lang='lat' dir='ltr'><strong>rei</strong></span> <span class='ocrx_word' id='word_1_597' title='bbox 1324 3799 1439 3861; x_wconf 91' lang='lat' dir='ltr'><strong>propter</strong></span> <span class='ocrx_word' id='word_1_598' title='bbox 1453 3791 1585 3862; x_wconf 91' lang='lat' dir='ltr'><strong>seipsam.</strong></span> <span class='ocrx_word' id='word_1_599' title='bbox 1614 3793 1661 3850; x_wconf 91' lang='lat' dir='ltr'><strong>Uti</strong></span> <span class='ocrx_word' id='word_1_600' title='bbox 1675 3806 1727 3850; x_wconf 90' lang='lat' dir='ltr'><strong>au-</strong></span> 
     </span>
    </p>

    <p class='ocr_par' dir='ltr' id='par_1_35' title="bbox 79 3875 1724 3958">
     <span class='ocr_line' id='line_1_42' title="bbox 79 3875 1724 3958; baseline -0.008 -11"><span class='ocrx_word' id='word_1_601' title='bbox 79 3898 128 3958; x_wconf 88' lang='lat' dir='ltr'><strong>est,</strong></span> <span class='ocrx_word' id='word_1_602' title='bbox 144 3887 291 3944; x_wconf 91' lang='lat' dir='ltr'><strong>Trinitatis</strong></span> <span class='ocrx_word' id='word_1_603' title='bbox 316 3886 376 3956; x_wconf 87' lang='lat' dir='ltr'><strong>ipsa</strong></span> <span class='ocrx_word' id='word_1_604' title='bbox 390 3891 418 3940; x_wconf 91' lang='lat' dir='ltr'><strong>ct</strong></span> <span class='ocrx_word' id='word_1_605' title='bbox 434 3883 531 3939; x_wconf 87' lang='lat' dir='ltr'><strong>unitas</strong></span> <span class='ocrx_word' id='word_1_606' title='bbox 558 3881 757 3952; x_wconf 84' lang='lat' dir='ltr'><strong>accipiantur3</strong></span> <span class='ocrx_word' id='word_1_607' title='bbox 775 3881 825 3937; x_wconf 91' lang='lat' dir='ltr'><strong>illa</strong></span> <span class='ocrx_word' id='word_1_608' title='bbox 879 3882 936 3932; x_wconf 89' lang='lat' dir='ltr'><strong>tem</strong></span> <span class='ocrx_word' id='word_1_609' title='bbox 950 3875 1028 3945; x_wconf 87' lang='lat' dir='ltr'><strong>quod</strong></span> <span class='ocrx_word' id='word_1_610' title='bbox 1044 3877 1074 3932; x_wconf 90' lang='lat' dir='ltr'><strong>iu</strong></span> <span class='ocrx_word' id='word_1_611' title='bbox 1102 3891 1190 3933; x_wconf 88' lang='lat' dir='ltr'><strong>usum</strong></span> <span class='ocrx_word' id='word_1_612' title='bbox 1205 3877 1316 3933; x_wconf 89' lang='lat' dir='ltr'><strong>venerit</strong></span> <span class='ocrx_word' id='word_1_613' title='bbox 1331 3877 1368 3933; x_wconf 93' lang='lat' dir='ltr'><strong>ad</strong></span> <span class='ocrx_word' id='word_1_614' title='bbox 1387 3877 1416 3933; x_wconf 94' lang='lat' dir='ltr'><strong>id</strong></span> <span class='ocrx_word' id='word_1_615' title='bbox 1441 3878 1520 3948; x_wconf 82' lang='lat' dir='ltr'><strong>quod</strong></span> <span class='ocrx_word' id='word_1_616' title='bbox 1547 3891 1627 3934; x_wconf 88' lang='lat' dir='ltr'><strong>amas</strong></span> <span class='ocrx_word' id='word_1_617' title='bbox 1652 3879 1724 3936; x_wconf 89' lang='lat' dir='ltr'><strong>obti-</strong></span> 
     </span>
    </p>

    <p class='ocr_par' dir='ltr' id='par_1_36' title="bbox 79 3964 1727 4037">
     <span class='ocr_line' id='line_1_43' title="bbox 79 3964 1727 4037; baseline -0.004 0"><span class='ocrx_word' id='word_1_618' title='bbox 79 3988 114 4037; x_wconf 77' lang='grc' dir='ltr'><strong>ει</strong></span> <span class='ocrx_word' id='word_1_619' title='bbox 135 3978 295 4036; x_wconf 84' lang='lat' dir='ltr'><strong>seeundum</strong></span> <span class='ocrx_word' id='word_1_620' title='bbox 316 3973 512 4030; x_wconf 79' lang='lat' dir='ltr'><strong>diversitatem</strong></span> <span class='ocrx_word' id='word_1_621' title='bbox 536 3971 746 4028; x_wconf 80' lang='lat' dir='ltr'><strong>diffinitionum</strong></span> <span class='ocrx_word' id='word_1_622' title='bbox 773 3977 825 4026; x_wconf 78' lang='grc' dir='ltr'><strong>εει</strong></span> <span class='ocrx_word' id='word_1_623' title='bbox 879 3964 1017 4028; x_wconf 87' lang='lat' dir='ltr'><strong>nendum.</strong></span> <span class='ocrx_word' id='word_1_624' title='bbox 1034 3965 1059 4021; x_wconf 89' lang='lat' dir='ltr'><strong>si</strong></span> <span class='ocrx_word' id='word_1_625' title='bbox 1074 3973 1170 4022; x_wconf 83' lang='lat' dir='ltr'><strong>tamen</strong></span> <span class='ocrx_word' id='word_1_626' title='bbox 1184 3966 1343 4021; x_wconf 82' lang='lat' dir='ltr'><strong>amandum</strong></span> <span class='ocrx_word' id='word_1_627' title='bbox 1357 3973 1408 4022; x_wconf 87' lang='lat' dir='ltr'><strong>est·</strong></span> <span class='ocrx_word' id='word_1_628' title='bbox 1425 3967 1497 4022; x_wconf 84' lang='lat' dir='ltr'><strong>Nam</strong></span> <span class='ocrx_word' id='word_1_629' title='bbox 1520 3980 1592 4024; x_wconf 85' lang='lat' dir='ltr'><strong>usus</strong></span> <span class='ocrx_word' id='word_1_630' title='bbox 1607 3966 1727 4025; x_wconf 83' lang='lat' dir='ltr'><strong>ttttcttus</strong></span> 
     </span>
    </p>

    <p class='ocr_par' dir='ltr' id='par_1_37' title="bbox 79 4052 1728 4135">
     <span class='ocr_line' id='line_1_44' title="bbox 79 4052 1728 4135; baseline -0.007 -10"><span class='ocrx_word' id='word_1_631' title='bbox 79 4077 200 4135; x_wconf 88' lang='lat' dir='ltr'><strong>etatum,</strong></span> <span class='ocrx_word' id='word_1_632' title='bbox 213 4067 273 4121; x_wconf 80' lang='lat' dir='ltr'><strong>beo</strong></span> <span class='ocrx_word' id='word_1_633' title='bbox 287 4063 447 4119; x_wconf 88' lang='lat' dir='ltr'><strong>secundum</strong></span> <span class='ocrx_word' id='word_1_634' title='bbox 463 4073 629 4116; x_wconf 90' lang='lat' dir='ltr'><strong>numerum.</strong></span> <span class='ocrx_word' id='word_1_635' title='bbox 879 4053 989 4110; x_wconf 89' lang='lat' dir='ltr'><strong>abusus</strong></span> <span class='ocrx_word' id='word_1_636' title='bbox 1002 4055 1097 4125; x_wconf 91' lang='lat' dir='ltr'><strong>potius</strong></span> <span class='ocrx_word' id='word_1_637' title='bbox 1122 4052 1167 4110; x_wconf 92' lang='lat' dir='ltr'><strong>vel</strong></span> <span class='ocrx_word' id='word_1_638' title='bbox 1183 4054 1284 4111; x_wconf 91' lang='lat' dir='ltr'><strong>abusio</strong></span> <span class='ocrx_word' id='word_1_639' title='bbox 1314 4054 1492 4111; x_wconf 94' lang='lat' dir='ltr'><strong>nominanda</strong></span> <span class='ocrx_word' id='word_1_640' title='bbox 1511 4062 1563 4112; x_wconf 85' lang='lat' dir='ltr'><strong>cst.</strong></span> <span class='ocrx_word' id='word_1_641' title='bbox 1590 4055 1620 4113; x_wconf 91' lang='lat' dir='ltr'><strong>Si</strong></span> <span class='ocrx_word' id='word_1_642' title='bbox 1634 4055 1728 4113; x_wconf 86' lang='lat' dir='ltr'><strong>redire</strong></span> 
     </span>
    </p>

    <p class='ocr_par' dir='ltr' id='par_1_38' title="bbox 79 4141 1727 4223">
     <span class='ocr_line' id='line_1_45' title="bbox 79 4141 1727 4223; baseline -0.001 -18"><span class='ocrx_word' id='word_1_643' title='bbox 79 4167 106 4217; x_wconf 67' lang='lat' dir='ltr'><strong>ea</strong></span> <span class='ocrx_word' id='word_1_644' title='bbox 127 4157 256 4215; x_wconf 69' lang='lat' dir='ltr'><strong>fortassis</strong></span> <span class='ocrx_word' id='word_1_645' title='bbox 285 4153 413 4223; x_wconf 83' lang='lat' dir='ltr'><strong>aliquem</strong></span> <span class='ocrx_word' id='word_1_646' title='bbox 434 4149 514 4220; x_wconf 84' lang='lat' dir='ltr'><strong>quod</strong></span> <span class='ocrx_word' id='word_1_647' title='bbox 541 4147 672 4204; x_wconf 83' lang='lat' dir='ltr'><strong>diximus</strong></span> <span class='ocrx_word' id='word_1_648' title='bbox 699 4147 825 4204; x_wconf 91' lang='lat' dir='ltr'><strong>Trinita-</strong></span> <span class='ocrx_word' id='word_1_649' title='bbox 880 4141 909 4198; x_wconf 93' lang='lat' dir='ltr'><strong>in</strong></span> <span class='ocrx_word' id='word_1_650' title='bbox 924 4142 1047 4212; x_wconf 88' lang='lat' dir='ltr'><strong>patriam</strong></span> <span class='ocrx_word' id='word_1_651' title='bbox 1064 4142 1200 4200; x_wconf 89' lang='lat' dir='ltr'><strong>volumus</strong></span> <span class='ocrx_word' id='word_1_652' title='bbox 1214 4143 1265 4199; x_wconf 92' lang='lat' dir='ltr'><strong>ubi</strong></span> <span class='ocrx_word' id='word_1_653' title='bbox 1281 4143 1357 4201; x_wconf 90' lang='lat' dir='ltr'><strong>beati</strong></span> <span class='ocrx_word' id='word_1_654' title='bbox 1380 4157 1442 4201; x_wconf 88' lang='lat' dir='ltr'><strong>csse</strong></span> <span class='ocrx_word' id='word_1_655' title='bbox 1465 4143 1617 4215; x_wconf 89' lang='lat' dir='ltr'><strong>possimus,</strong></span> <span class='ocrx_word' id='word_1_656' title='bbox 1642 4151 1727 4203; x_wconf 88' lang='lat' dir='ltr'><strong>utan-</strong></span> 
     </span>
    </p>

    <p class='ocr_par' dir='ltr' id='par_1_39' title="bbox 79 4226 1726 4314">
     <span class='ocr_line' id='line_1_46' title="bbox 79 4226 1726 4314; baseline -0.007 -11"><span class='ocrx_word' id='word_1_657' title='bbox 79 4248 224 4305; x_wconf 89' lang='lat' dir='ltr'><strong>iviuarum</strong></span> <span class='ocrx_word' id='word_1_658' title='bbox 241 4256 431 4314; x_wconf 86' lang='lat' dir='ltr'><strong>personarum</strong></span> <span class='ocrx_word' id='word_1_659' title='bbox 448 4241 477 4295; x_wconf 92' lang='lat' dir='ltr'><strong>iu</strong></span> <span class='ocrx_word' id='word_1_660' title='bbox 493 4254 523 4295; x_wconf 90' lang='lat' dir='ltr'><strong>re</strong></span> <span class='ocrx_word' id='word_1_661' title='bbox 538 4253 600 4296; x_wconf 89' lang='grc' dir='ltr'><strong>εεεε</strong></span> <span class='ocrx_word' id='word_1_662' title='bbox 612 4237 823 4308; x_wconf 86' lang='lat' dir='ltr'><strong>accipiendam:</strong></span> <span class='ocrx_word' id='word_1_663' title='bbox 841 4231 864 4287; x_wconf 86' lang='lat' dir='ltr'><strong>b</strong></span> <span class='ocrx_word' id='word_1_664' title='bbox 881 4231 951 4288; x_wconf 91' lang='lat' dir='ltr'><strong>dum</strong></span> <span class='ocrx_word' id='word_1_665' title='bbox 965 4226 1006 4290; x_wconf 87' lang='grc' dir='ltr'><strong>εει</strong></span> <span class='ocrx_word' id='word_1_666' title='bbox 1021 4234 1140 4301; x_wconf 93' lang='lat' dir='ltr'><strong>mundo,</strong></span> <span class='ocrx_word' id='word_1_667' title='bbox 1163 4247 1221 4290; x_wconf 92' lang='lat' dir='ltr'><strong>nou</strong></span> <span class='ocrx_word' id='word_1_668' title='bbox 1243 4233 1411 4302; x_wconf 90' lang='lat' dir='ltr'><strong>iruendum,</strong></span> <span class='ocrx_word' id='word_1_669' title='bbox 1441 4242 1473 4292; x_wconf 94' lang='lat' dir='ltr'><strong>ut</strong></span> <span class='ocrx_word' id='word_1_670' title='bbox 1495 4233 1655 4292; x_wconf 89' lang='lat' dir='ltr'><strong>invisibilia</strong></span> <span class='ocrx_word' id='word_1_671' title='bbox 1676 4235 1726 4293; x_wconf 84' lang='lat' dir='ltr'><strong>Dei</strong></span> 
     </span>
    </p>

    <p class='ocr_par' dir='ltr' id='par_1_40' title="bbox 79 4322 1726 4399">
     <span class='ocr_line' id='line_1_47' title="bbox 79 4322 1726 4399; baseline -0.01 -4"><span class='ocrx_word' id='word_1_672' title='bbox 79 4339 197 4395; x_wconf 87' lang='lat' dir='ltr'><strong>licamus</strong></span> <span class='ocrx_word' id='word_1_673' title='bbox 219 4338 311 4391; x_wconf 85' lang='lat' dir='ltr'><strong>ileum</strong></span> <span class='ocrx_word' id='word_1_674' title='bbox 325 4347 385 4389; x_wconf 90' lang='lat' dir='ltr'><strong>csse</strong></span> <span class='ocrx_word' id='word_1_675' title='bbox 406 4330 515 4386; x_wconf 90' lang='lat' dir='ltr'><strong>trinum</strong></span> <span class='ocrx_word' id='word_1_676' title='bbox 539 4329 569 4384; x_wconf 93' lang='lat' dir='ltr'><strong>iu</strong></span> <span class='ocrx_word' id='word_1_677' title='bbox 586 4327 724 4399; x_wconf 88' lang='lat' dir='ltr'><strong>personis,</strong></span> <span class='ocrx_word' id='word_1_678' title='bbox 751 4326 780 4382; x_wconf 93' lang='lat' dir='ltr'><strong>in</strong></span> <span class='ocrx_word' id='word_1_679' title='bbox 796 4340 829 4382; x_wconf 95' lang='lat' dir='ltr'><strong>eo</strong></span> <span class='ocrx_word' id='word_1_680' title='bbox 884 4335 933 4392; x_wconf 91' lang='lat' dir='ltr'><strong>pcr</strong></span> <span class='ocrx_word' id='word_1_681' title='bbox 947 4335 1060 4393; x_wconf 79' lang='lat' dir='ltr'><strong>eaque</strong></span> <span class='ocrx_word' id='word_1_682' title='bbox 1075 4322 1231 4378; x_wconf 78' lang='lat' dir='ltr'><strong>factasunt</strong></span> <span class='ocrx_word' id='word_1_683' title='bbox 1246 4322 1389 4379; x_wconf 90' lang='lat' dir='ltr'><strong>intellecta</strong></span> <span class='ocrx_word' id='word_1_684' title='bbox 1405 4322 1619 4394; x_wconf 86' lang='lat' dir='ltr'><strong>conspiciantur</strong></span> <span class='ocrx_word' id='word_1_685' title='bbox 1632 4323 1726 4396; x_wconf 76' lang='lat' dir='ltr'><strong>(Rom.</strong></span> 
     </span>
    </p>

    <p class='ocr_par' dir='ltr' id='par_1_41' title="bbox 79 4409 1728 4498">
     <span class='ocr_line' id='line_1_48' title="bbox 79 4409 1728 4498; baseline -0.01 -14"><span class='ocrx_word' id='word_1_686' title='bbox 79 4428 136 4498; x_wconf 89' lang='lat' dir='ltr'><strong>ipsc</strong></span> <span class='ocrx_word' id='word_1_687' title='bbox 164 4440 211 4482; x_wconf 87' lang='lat' dir='ltr'><strong>res</strong></span> <span class='ocrx_word' id='word_1_688' title='bbox 235 4431 287 4489; x_wconf 90' lang='lat' dir='ltr'><strong>est,</strong></span> <span class='ocrx_word' id='word_1_689' title='bbox 307 4436 375 4479; x_wconf 91' lang='lat' dir='ltr'><strong>cum</strong></span> <span class='ocrx_word' id='word_1_690' title='bbox 395 4419 491 4490; x_wconf 92' lang='lat' dir='ltr'><strong>potius</strong></span> <span class='ocrx_word' id='word_1_691' title='bbox 508 4418 537 4474; x_wconf 90' lang='lat' dir='ltr'><strong>in</strong></span> <span class='ocrx_word' id='word_1_692' title='bbox 561 4433 593 4474; x_wconf 92' lang='lat' dir='ltr'><strong>eo</strong></span> <span class='ocrx_word' id='word_1_693' title='bbox 608 4415 687 4488; x_wconf 85' lang='lat' dir='ltr'><strong>quod</strong></span> <span class='ocrx_word' id='word_1_694' title='bbox 702 4430 748 4472; x_wconf 89' lang='lat' dir='ltr'><strong>res</strong></span> <span class='ocrx_word' id='word_1_695' title='bbox 772 4417 827 4482; x_wconf 89' lang='lat' dir='ltr'><strong>est,</strong></span> <span class='ocrx_word' id='word_1_696' title='bbox 884 4426 903 4479; x_wconf 92' lang='lat'><strong>1,</strong></span> <span class='ocrx_word' id='word_1_697' title='bbox 917 4409 972 4480; x_wconf 79' lang='grc' dir='ltr'><strong>ιθ).</strong></span> <span class='ocrx_word' id='word_1_698' title='bbox 986 4411 1039 4467; x_wconf 86' lang='lat' dir='ltr'><strong>Res</strong></span> <span class='ocrx_word' id='word_1_699' title='bbox 1049 4411 1138 4482; x_wconf 89' lang='lat' dir='ltr'><strong>igitur</strong></span> <span class='ocrx_word' id='word_1_700' title='bbox 1149 4410 1258 4481; x_wconf 88' lang='lat' dir='ltr'><strong>quibus</strong></span> <span class='ocrx_word' id='word_1_701' title='bbox 1271 4411 1425 4468; x_wconf 80' lang='lat' dir='ltr'><strong>fruendum</strong></span> <span class='ocrx_word' id='word_1_702' title='bbox 1438 4418 1490 4479; x_wconf 90' lang='lat' dir='ltr'><strong>est,</strong></span> <span class='ocrx_word' id='word_1_703' title='bbox 1502 4411 1623 4469; x_wconf 85' lang='lat' dir='ltr'><strong>Pateret</strong></span> <span class='ocrx_word' id='word_1_704' title='bbox 1637 4411 1728 4470; x_wconf 84' lang='lat' dir='ltr'><strong>Filius</strong></span> 
     </span>
    </p>

    <p class='ocr_par' dir='ltr' id='par_1_42' title="bbox 79 4498 1728 4574">
     <span class='ocr_line' id='line_1_49' title="bbox 79 4498 1728 4574; baseline -0.011 0"><span class='ocrx_word' id='word_1_705' title='bbox 79 4524 168 4574; x_wconf 85' lang='lat' dir='ltr'><strong>tutum</strong></span> <span class='ocrx_word' id='word_1_706' title='bbox 183 4526 307 4570; x_wconf 87' lang='lat' dir='ltr'><strong>numero</strong></span> <span class='ocrx_word' id='word_1_707' title='bbox 324 4511 359 4566; x_wconf 91' lang='lat' dir='ltr'><strong>sit</strong></span> <span class='ocrx_word' id='word_1_708' title='bbox 378 4523 432 4574; x_wconf 88' lang='lat' dir='ltr'><strong>res,</strong></span> <span class='ocrx_word' id='word_1_709' title='bbox 449 4523 482 4563; x_wconf 89' lang='lat' dir='ltr'><strong>ac</strong></span> <span class='ocrx_word' id='word_1_710' title='bbox 496 4505 609 4562; x_wconf 89' lang='lat' dir='ltr'><strong>nullam</strong></span> <span class='ocrx_word' id='word_1_711' title='bbox 625 4505 655 4560; x_wconf 92' lang='lat' dir='ltr'><strong>in</strong></span> <span class='ocrx_word' id='word_1_712' title='bbox 667 4519 697 4561; x_wconf 82' lang='lat' dir='ltr'><strong>sa</strong></span> <span class='ocrx_word' id='word_1_713' title='bbox 711 4504 829 4560; x_wconf 88' lang='lat' dir='ltr'><strong>babeat.</strong></span> <span class='ocrx_word' id='word_1_714' title='bbox 883 4507 910 4557; x_wconf 91' lang='lat' dir='ltr'><strong>ot</strong></span> <span class='ocrx_word' id='word_1_715' title='bbox 926 4499 1050 4569; x_wconf 88' lang='lat' dir='ltr'><strong>Spiritus</strong></span> <span class='ocrx_word' id='word_1_716' title='bbox 1065 4505 1183 4571; x_wconf 88' lang='lat' dir='ltr'><strong>sanctus</strong></span> <span class='ocrx_word' id='word_1_717' title='bbox 1198 4513 1207 4570; x_wconf 93' lang='lat'>;</span> <span class='ocrx_word' id='word_1_718' title='bbox 1227 4499 1386 4571; x_wconf 82' lang='lat' dir='ltr'><strong>eademque</strong></span> <span class='ocrx_word' id='word_1_719' title='bbox 1396 4498 1521 4557; x_wconf 90' lang='lat' dir='ltr'><strong>Trinitas</strong></span> <span class='ocrx_word' id='word_1_720' title='bbox 1539 4513 1654 4557; x_wconf 91' lang='lat' dir='ltr'><strong>summa</strong></span> <span class='ocrx_word' id='word_1_721' title='bbox 1667 4513 1728 4557; x_wconf 90' lang='lat' dir='ltr'><strong>una</strong></span> 
     </span>
    </p>

    <p class='ocr_par' dir='ltr' id='par_1_43' title="bbox 79 4567 1731 4673">
     <span class='ocr_line' id='line_1_50' title="bbox 79 4567 1731 4673; baseline -0.009 -12"><span class='ocrx_word' id='word_1_722' title='bbox 79 4605 209 4673; x_wconf 89' lang='lat' dir='ltr'><strong>udinem,</strong></span> <span class='ocrx_word' id='word_1_723' title='bbox 226 4616 278 4658; x_wconf 90' lang='lat' dir='ltr'><strong>nec</strong></span> <span class='ocrx_word' id='word_1_724' title='bbox 294 4601 382 4655; x_wconf 85' lang='lat' dir='ltr'><strong>eiiam</strong></span> <span class='ocrx_word' id='word_1_725' title='bbox 397 4596 605 4667; x_wconf 91' lang='lat' dir='ltr'><strong>proprietatum</strong></span> <span class='ocrx_word' id='word_1_726' title='bbox 622 4593 827 4649; x_wconf 89' lang='lat' dir='ltr'><strong>diversitatem.</strong></span> <span class='ocrx_word' id='word_1_727' title='bbox 884 4588 1018 4659; x_wconf 78' lang='lat' dir='ltr'><strong>quaedam</strong></span> <span class='ocrx_word' id='word_1_728' title='bbox 1037 4601 1082 4644; x_wconf 89' lang='lat' dir='ltr'><strong>res</strong></span> <span class='ocrx_word' id='word_1_729' title='bbox 1094 4594 1137 4644; x_wconf 87' lang='lat' dir='ltr'><strong>est</strong></span> <span class='ocrx_word' id='word_1_730' title='bbox 1150 4587 1372 4658; x_wconf 86' lang='lat' dir='ltr'><strong>communisque</strong></span> <span class='ocrx_word' id='word_1_731' title='bbox 1398 4567 1536 4645; x_wconf 66' lang='lat' dir='ltr'><strong>omnibu&#39;i</strong></span> <span class='ocrx_word' id='word_1_732' title='bbox 1565 4587 1731 4646; x_wconf 78' lang='lat' dir='ltr'><strong>inuentibus</strong></span> 
     </span>
    </p>

    <p class='ocr_par' dir='ltr' id='par_1_44' title="bbox 79 4676 1733 4930">
     <span class='ocr_line' id='line_1_51' title="bbox 87 4676 1733 4765; baseline -0.01 -16"><span class='ocrx_word' id='word_1_733' title='bbox 87 4692 140 4765; x_wconf 82' lang='lat' dir='ltr'><strong>qui</strong></span> <span class='ocrx_word' id='word_1_734' title='bbox 165 4692 220 4748; x_wconf 94' lang='lat' dir='ltr'><strong>boc</strong></span> <span class='ocrx_word' id='word_1_735' title='bbox 233 4689 313 4746; x_wconf 86' lang='lat' dir='ltr'><strong>dicit</strong></span> <span class='ocrx_word' id='word_1_736' title='bbox 324 4690 401 4743; x_wconf 87' lang='lat' dir='ltr'><strong>recte</strong></span> <span class='ocrx_word' id='word_1_737' title='bbox 415 4684 500 4741; x_wconf 89' lang='lat' dir='ltr'><strong>sentit</strong></span> <span class='ocrx_word' id='word_1_738' title='bbox 522 4683 557 4738; x_wconf 90' lang='lat' dir='ltr'><strong>de</strong></span> <span class='ocrx_word' id='word_1_739' title='bbox 583 4696 615 4737; x_wconf 90' lang='lat' dir='ltr'><strong>eo</strong></span> <span class='ocrx_word' id='word_1_740' title='bbox 640 4680 719 4751; x_wconf 85' lang='lat' dir='ltr'><strong>qttod</strong></span> <span class='ocrx_word' id='word_1_741' title='bbox 747 4679 825 4742; x_wconf 92' lang='lat' dir='ltr'><strong>dicit,</strong></span> <span class='ocrx_word' id='word_1_742' title='bbox 883 4690 917 4733; x_wconf 91' lang='lat' dir='ltr'><strong>ea</strong></span> <span class='ocrx_word' id='word_1_743' title='bbox 933 4692 939 4732; x_wconf 94' lang='lat'>:</span> <span class='ocrx_word' id='word_1_744' title='bbox 956 4677 981 4732; x_wconf 91' lang='lat' dir='ltr'><strong>si</strong></span> <span class='ocrx_word' id='word_1_745' title='bbox 991 4683 1088 4733; x_wconf 90' lang='lat' dir='ltr'><strong>tamen</strong></span> <span class='ocrx_word' id='word_1_746' title='bbox 1101 4690 1146 4733; x_wconf 89' lang='lat' dir='ltr'><strong>res</strong></span> <span class='ocrx_word' id='word_1_747' title='bbox 1155 4683 1183 4733; x_wconf 90' lang='lat' dir='ltr'><strong>et</strong></span> <span class='ocrx_word' id='word_1_748' title='bbox 1199 4689 1256 4732; x_wconf 91' lang='lat' dir='ltr'><strong>non</strong></span> <span class='ocrx_word' id='word_1_749' title='bbox 1279 4689 1378 4732; x_wconf 89' lang='lat' dir='ltr'><strong>rerum</strong></span> <span class='ocrx_word' id='word_1_750' title='bbox 1389 4676 1519 4734; x_wconf 91' lang='lat' dir='ltr'><strong>omnium</strong></span> <span class='ocrx_word' id='word_1_751' title='bbox 1534 4691 1622 4735; x_wconf 89' lang='lat' dir='ltr'><strong>causa</strong></span> <span class='ocrx_word' id='word_1_752' title='bbox 1639 4677 1676 4734; x_wconf 88' lang='lat' dir='ltr'><strong>sit</strong></span> <span class='ocrx_word' id='word_1_753' title='bbox 1687 4694 1695 4746; x_wconf 81' lang='lat'>3</span> <span class='ocrx_word' id='word_1_754' title='bbox 1707 4676 1733 4734; x_wconf 89' lang='lat' dir='ltr'><strong>si</strong></span> 
     </span>
     <span class='ocr_line' id='line_1_52' title="bbox 79 4763 1733 4850; baseline -0.011 -10"><span class='ocrx_word' id='word_1_755' title='bbox 79 4797 112 4840; x_wconf 90' lang='lat' dir='ltr'><strong>ou</strong></span> <span class='ocrx_word' id='word_1_756' title='bbox 132 4782 167 4838; x_wconf 88' lang='lat' dir='ltr'><strong>de</strong></span> <span class='ocrx_word' id='word_1_757' title='bbox 187 4795 221 4837; x_wconf 89' lang='lat' dir='ltr'><strong>eo</strong></span> <span class='ocrx_word' id='word_1_758' title='bbox 248 4778 326 4850; x_wconf 84' lang='lat' dir='ltr'><strong>quod</strong></span> <span class='ocrx_word' id='word_1_759' title='bbox 342 4790 358 4831; x_wconf 90' lang='lat' dir='ltr'><strong>a</strong></span> <span class='ocrx_word' id='word_1_760' title='bbox 373 4789 418 4830; x_wconf 85' lang='lat' dir='ltr'><strong>nte</strong></span> <span class='ocrx_word' id='word_1_761' title='bbox 433 4786 522 4842; x_wconf 87' lang='lat' dir='ltr'><strong>supra</strong></span> <span class='ocrx_word' id='word_1_762' title='bbox 542 4770 651 4827; x_wconf 90' lang='lat' dir='ltr'><strong>dictum</strong></span> <span class='ocrx_word' id='word_1_763' title='bbox 674 4775 716 4825; x_wconf 88' lang='lat' dir='ltr'><strong>est</strong></span> <span class='ocrx_word' id='word_1_764' title='bbox 732 4774 760 4823; x_wconf 89' lang='lat' dir='ltr'><strong>ct</strong></span> <span class='ocrx_word' id='word_1_765' title='bbox 781 4768 829 4824; x_wconf 90' lang='lat' dir='ltr'><strong>de·</strong></span> <span class='ocrx_word' id='word_1_766' title='bbox 884 4773 981 4820; x_wconf 87' lang='lat' dir='ltr'><strong>tamen</strong></span> <span class='ocrx_word' id='word_1_767' title='bbox 995 4772 1022 4820; x_wconf 90' lang='grc' dir='ltr'><strong>ει</strong></span> <span class='ocrx_word' id='word_1_768' title='bbox 1037 4778 1135 4832; x_wconf 91' lang='lat' dir='ltr'><strong>eausa,</strong></span> <span class='ocrx_word' id='word_1_769' title='bbox 1151 4779 1211 4820; x_wconf 93' lang='lat' dir='ltr'><strong>uon</strong></span> <span class='ocrx_word' id='word_1_770' title='bbox 1230 4763 1308 4820; x_wconf 89' lang='lat' dir='ltr'><strong>enim</strong></span> <span class='ocrx_word' id='word_1_771' title='bbox 1323 4763 1405 4821; x_wconf 87' lang='lat' dir='ltr'><strong>iacile</strong></span> <span class='ocrx_word' id='word_1_772' title='bbox 1424 4778 1528 4822; x_wconf 91' lang='lat' dir='ltr'><strong>nomen</strong></span> <span class='ocrx_word' id='word_1_773' title='bbox 1552 4766 1631 4837; x_wconf 86' lang='lat' dir='ltr'><strong>quod</strong></span> <span class='ocrx_word' id='word_1_774' title='bbox 1644 4772 1733 4833; x_wconf 82' lang='lat' dir='ltr'><strong>taptae</strong></span> 
     </span>
     <span class='ocr_line' id='line_1_53' title="bbox 79 4852 1731 4930; baseline -0.01 -2"><span class='ocrx_word' id='word_1_775' title='bbox 79 4879 186 4930; x_wconf 85' lang='lat' dir='ltr'><strong>ratum.</strong></span> <span class='ocrx_word' id='word_1_776' title='bbox 206 4870 267 4924; x_wconf 89' lang='lat' dir='ltr'><strong>Non</strong></span> <span class='ocrx_word' id='word_1_777' title='bbox 289 4866 369 4923; x_wconf 90' lang='lat' dir='ltr'><strong>cuim</strong></span> <span class='ocrx_word' id='word_1_778' title='bbox 394 4863 435 4920; x_wconf 93' lang='lat' dir='ltr'><strong>ita</strong></span> <span class='ocrx_word' id='word_1_779' title='bbox 459 4860 631 4916; x_wconf 90' lang='lat' dir='ltr'><strong>Trinitatem</strong></span> <span class='ocrx_word' id='word_1_780' title='bbox 646 4858 675 4912; x_wconf 94' lang='lat' dir='ltr'><strong>in</strong></span> <span class='ocrx_word' id='word_1_781' title='bbox 692 4871 723 4912; x_wconf 91' lang='lat' dir='ltr'><strong>re</strong></span> <span class='ocrx_word' id='word_1_782' title='bbox 738 4855 830 4926; x_wconf 90' lang='lat' dir='ltr'><strong>accipi</strong></span> <span class='ocrx_word' id='word_1_783' title='bbox 884 4852 1063 4911; x_wconf 79' lang='lat' dir='ltr'><strong>excellentie</strong></span> <span class='ocrx_word' id='word_1_784' title='bbox 1090 4853 1244 4926; x_wconf 80' lang='lat' dir='ltr'><strong>conveniat</strong></span> <span class='ocrx_word' id='word_1_785' title='bbox 1270 4852 1398 4911; x_wconf 89' lang='lat' dir='ltr'><strong>inveniri</strong></span> <span class='ocrx_word' id='word_1_786' title='bbox 1420 4853 1601 4923; x_wconf 71' lang='lat' dir='ltr'><strong>potestate</strong></span> <span class='ocrx_word' id='word_1_787' title='bbox 1621 4854 1731 4927; x_wconf 87' lang='lat' dir='ltr'><strong>quibus</strong></span> 
     </span>
    </p>

    <p class='ocr_par' dir='ltr' id='par_1_45' title="bbox 78 4938 1738 5562">
     <span class='ocr_line' id='line_1_54' title="bbox 79 4938 1738 5031; baseline -0.005 -25"><span class='ocrx_word' id='word_1_788' title='bbox 79 4976 119 5031; x_wconf 69' lang='lat' dir='ltr'><strong>ug,</strong></span> <span class='ocrx_word' id='word_1_789' title='bbox 144 4967 177 5016; x_wconf 73' lang='lat' dir='ltr'><strong>ut</strong></span> <span class='ocrx_word' id='word_1_790' title='bbox 192 4959 222 5014; x_wconf 81' lang='lat' dir='ltr'><strong>in</strong></span> <span class='ocrx_word' id='word_1_791' title='bbox 249 4954 374 5027; x_wconf 82' lang='lat' dir='ltr'><strong>eoquod</strong></span> <span class='ocrx_word' id='word_1_792' title='bbox 401 4953 460 5023; x_wconf 91' lang='lat' dir='ltr'><strong>ipse</strong></span> <span class='ocrx_word' id='word_1_793' title='bbox 482 4951 559 5006; x_wconf 88' lang='lat' dir='ltr'><strong>Deus</strong></span> <span class='ocrx_word' id='word_1_794' title='bbox 578 4956 620 5005; x_wconf 88' lang='lat' dir='ltr'><strong>est</strong></span> <span class='ocrx_word' id='word_1_795' title='bbox 641 4961 699 5014; x_wconf 88' lang='lat' dir='ltr'><strong>res,</strong></span> <span class='ocrx_word' id='word_1_796' title='bbox 720 4945 831 5002; x_wconf 90' lang='lat' dir='ltr'><strong>trinum</strong></span> <span class='ocrx_word' id='word_1_797' title='bbox 884 4939 981 4996; x_wconf 84' lang='lat' dir='ltr'><strong>verbis</strong></span> <span class='ocrx_word' id='word_1_798' title='bbox 1010 4940 1081 4996; x_wconf 94' lang='lat' dir='ltr'><strong>dum</strong></span> <span class='ocrx_word' id='word_1_799' title='bbox 1107 4938 1175 4996; x_wconf 92' lang='lat' dir='ltr'><strong>dicit</strong></span> <span class='ocrx_word' id='word_1_800' title='bbox 1191 4940 1215 4995; x_wconf 93' lang='lat' dir='ltr'><strong>si</strong></span> <span class='ocrx_word' id='word_1_801' title='bbox 1240 4939 1319 5006; x_wconf 90' lang='lat' dir='ltr'><strong>etsi,</strong></span> <span class='ocrx_word' id='word_1_802' title='bbox 1345 4940 1431 5010; x_wconf 85' lang='lat' dir='ltr'><strong>quasi</strong></span> <span class='ocrx_word' id='word_1_803' title='bbox 1452 4939 1613 4998; x_wconf 86' lang='lat' dir='ltr'><strong>dubitative</strong></span> <span class='ocrx_word' id='word_1_804' title='bbox 1640 4941 1738 5014; x_wconf 80' lang='lat' dir='ltr'><strong>magis</strong></span> 
     </span>
     <span class='ocr_line' id='line_1_55' title="bbox 82 5027 1733 5108; baseline -0.012 -2"><span class='ocrx_word' id='word_1_805' title='bbox 82 5050 227 5108; x_wconf 89' lang='lat' dir='ltr'><strong>dicamus:</strong></span> <span class='ocrx_word' id='word_1_806' title='bbox 249 5046 303 5104; x_wconf 89' lang='lat' dir='ltr'><strong>Sed</strong></span> <span class='ocrx_word' id='word_1_807' title='bbox 329 5043 369 5099; x_wconf 92' lang='lat' dir='ltr'><strong>ita</strong></span> <span class='ocrx_word' id='word_1_808' title='bbox 397 5040 568 5097; x_wconf 86' lang='lat' dir='ltr'><strong>Trinitatem</strong></span> <span class='ocrx_word' id='word_1_809' title='bbox 588 5039 652 5108; x_wconf 89' lang='lat' dir='ltr'><strong>ejus</strong></span> <span class='ocrx_word' id='word_1_810' title='bbox 673 5036 703 5092; x_wconf 92' lang='lat' dir='ltr'><strong>in</strong></span> <span class='ocrx_word' id='word_1_811' title='bbox 717 5049 748 5092; x_wconf 90' lang='lat' dir='ltr'><strong>ra</strong></span> <span class='ocrx_word' id='word_1_812' title='bbox 772 5049 832 5093; x_wconf 87' lang='lat' dir='ltr'><strong>esse</strong></span> <span class='ocrx_word' id='word_1_813' title='bbox 885 5043 974 5102; x_wconf 84' lang='lat' dir='ltr'><strong>quam</strong></span> <span class='ocrx_word' id='word_1_814' title='bbox 989 5028 1188 5084; x_wconf 88' lang='lat' dir='ltr'><strong>coutirmative</strong></span> <span class='ocrx_word' id='word_1_815' title='bbox 1203 5027 1317 5084; x_wconf 90' lang='lat' dir='ltr'><strong>nullum</strong></span> <span class='ocrx_word' id='word_1_816' title='bbox 1334 5028 1439 5084; x_wconf 91' lang='lat' dir='ltr'><strong>horum</strong></span> <span class='ocrx_word' id='word_1_817' title='bbox 1458 5037 1660 5088; x_wconf 88' lang='lat' dir='ltr'><strong>creaturarum</strong></span> <span class='ocrx_word' id='word_1_818' title='bbox 1681 5045 1733 5087; x_wconf 93' lang='lat' dir='ltr'><strong>uo·</strong></span> 
     </span>
     <span class='ocr_line' id='line_1_56' title="bbox 79 5115 1732 5205; baseline -0.008 -17"><span class='ocrx_word' id='word_1_819' title='bbox 79 5139 221 5205; x_wconf 72' lang='lat' dir='ltr'><strong>uiuamus,</strong></span> <span class='ocrx_word' id='word_1_820' title='bbox 238 5143 266 5192; x_wconf 89' lang='lat' dir='ltr'><strong>et</strong></span> <span class='ocrx_word' id='word_1_821' title='bbox 279 5147 338 5189; x_wconf 92' lang='lat' dir='ltr'><strong>non</strong></span> <span class='ocrx_word' id='word_1_822' title='bbox 354 5128 526 5187; x_wconf 89' lang='lat' dir='ltr'><strong>invocabilis</strong></span> <span class='ocrx_word' id='word_1_823' title='bbox 540 5125 706 5190; x_wconf 85' lang='lat' dir='ltr'><strong>consistere,</strong></span> <span class='ocrx_word' id='word_1_824' title='bbox 722 5130 754 5180; x_wconf 93' lang='lat' dir='ltr'><strong>ut</strong></span> <span class='ocrx_word' id='word_1_825' title='bbox 769 5124 832 5193; x_wconf 90' lang='lat' dir='ltr'><strong>ipsa</strong></span> <span class='ocrx_word' id='word_1_826' title='bbox 885 5118 1000 5174; x_wconf 93' lang='lat' dir='ltr'><strong>minum</strong></span> <span class='ocrx_word' id='word_1_827' title='bbox 1027 5116 1127 5172; x_wconf 90' lang='lat' dir='ltr'><strong>divina</strong></span> <span class='ocrx_word' id='word_1_828' title='bbox 1153 5116 1323 5173; x_wconf 83' lang='lat' dir='ltr'><strong>excellentia</strong></span> <span class='ocrx_word' id='word_1_829' title='bbox 1349 5115 1472 5187; x_wconf 88' lang='lat' dir='ltr'><strong>dignum</strong></span> <span class='ocrx_word' id='word_1_830' title='bbox 1497 5131 1558 5174; x_wconf 88' lang='lat' dir='ltr'><strong>csse</strong></span> <span class='ocrx_word' id='word_1_831' title='bbox 1591 5118 1732 5175; x_wconf 88' lang='lat' dir='ltr'><strong>insinuat.</strong></span> 
     </span>
     <span class='ocr_line' id='line_1_57' title="bbox 78 5203 1735 5291; baseline -0.011 -7"><span class='ocrx_word' id='word_1_832' title='bbox 78 5242 114 5284; x_wconf 69' lang='grc' dir='ltr'><strong>ιε</strong></span> <span class='ocrx_word' id='word_1_833' title='bbox 136 5228 212 5283; x_wconf 85' lang='lat' dir='ltr'><strong>Deus</strong></span> <span class='ocrx_word' id='word_1_834' title='bbox 226 5231 278 5289; x_wconf 90' lang='lat' dir='ltr'><strong>est,</strong></span> <span class='ocrx_word' id='word_1_835' title='bbox 298 5222 359 5291; x_wconf 92' lang='lat' dir='ltr'><strong>ipsa</strong></span> <span class='ocrx_word' id='word_1_836' title='bbox 387 5219 424 5276; x_wconf 91' lang='lat' dir='ltr'><strong>sit</strong></span> <span class='ocrx_word' id='word_1_837' title='bbox 451 5217 577 5273; x_wconf 91' lang='lat' dir='ltr'><strong>Trinitas</strong></span> <span class='ocrx_word' id='word_1_838' title='bbox 593 5231 600 5269; x_wconf 91' lang='lat'>:</span> <span class='ocrx_word' id='word_1_839' title='bbox 616 5228 675 5270; x_wconf 91' lang='lat' dir='ltr'><strong>neu</strong></span> <span class='ocrx_word' id='word_1_840' title='bbox 690 5213 721 5269; x_wconf 93' lang='lat' dir='ltr'><strong>iu</strong></span> <span class='ocrx_word' id='word_1_841' title='bbox 738 5226 832 5283; x_wconf 86' lang='lat' dir='ltr'><strong>quan·</strong></span> <span class='ocrx_word' id='word_1_842' title='bbox 885 5206 1077 5275; x_wconf 86' lang='lat' dir='ltr'><strong>Hieronymus</strong></span> <span class='ocrx_word' id='word_1_843' title='bbox 1096 5218 1214 5275; x_wconf 83' lang='lat' dir='ltr'><strong>quoquc</strong></span> <span class='ocrx_word' id='word_1_844' title='bbox 1228 5210 1285 5261; x_wconf 92' lang='lat' dir='ltr'><strong>tres</strong></span> <span class='ocrx_word' id='word_1_845' title='bbox 1300 5203 1435 5275; x_wconf 88' lang='lat' dir='ltr'><strong>Spiritus,</strong></span> <span class='ocrx_word' id='word_1_846' title='bbox 1455 5206 1569 5262; x_wconf 88' lang='lat' dir='ltr'><strong>Patrem</strong></span> <span class='ocrx_word' id='word_1_847' title='bbox 1583 5214 1611 5264; x_wconf 93' lang='grc' dir='ltr'><strong>ει</strong></span> <span class='ocrx_word' id='word_1_848' title='bbox 1630 5206 1735 5266; x_wconf 82' lang='lat' dir='ltr'><strong>Filium</strong></span> 
     </span>
     <span class='ocr_line' id='line_1_58' title="bbox 80 5293 1735 5385; baseline -0.006 -20"><span class='ocrx_word' id='word_1_849' title='bbox 80 5329 127 5372; x_wconf 79' lang='lat' dir='ltr'><strong>ros</strong></span> <span class='ocrx_word' id='word_1_850' title='bbox 155 5316 215 5385; x_wconf 84' lang='lat' dir='ltr'><strong>ipse</strong></span> <span class='ocrx_word' id='word_1_851' title='bbox 237 5319 290 5378; x_wconf 87' lang='lat' dir='ltr'><strong>est,</strong></span> <span class='ocrx_word' id='word_1_852' title='bbox 314 5309 363 5366; x_wconf 90' lang='lat' dir='ltr'><strong>sed</strong></span> <span class='ocrx_word' id='word_1_853' title='bbox 388 5306 485 5377; x_wconf 60' lang='lat' dir='ltr'><strong>‘magis</strong></span> <span class='ocrx_word' id='word_1_854' title='bbox 515 5305 545 5358; x_wconf 90' lang='lat' dir='ltr'><strong>iu</strong></span> <span class='ocrx_word' id='word_1_855' title='bbox 571 5316 604 5359; x_wconf 88' lang='lat' dir='ltr'><strong>eo</strong></span> <span class='ocrx_word' id='word_1_856' title='bbox 624 5301 702 5372; x_wconf 88' lang='lat' dir='ltr'><strong>quod</strong></span> <span class='ocrx_word' id='word_1_857' title='bbox 727 5309 769 5357; x_wconf 87' lang='grc' dir='ltr'><strong>εει</strong></span> <span class='ocrx_word' id='word_1_858' title='bbox 795 5300 832 5357; x_wconf 92' lang='lat' dir='ltr'><strong>ab</strong></span> <span class='ocrx_word' id='word_1_859' title='bbox 885 5304 913 5352; x_wconf 86' lang='lat' dir='ltr'><strong>et</strong></span> <span class='ocrx_word' id='word_1_860' title='bbox 926 5294 1065 5366; x_wconf 90' lang='lat' dir='ltr'><strong>Spiritum</strong></span> <span class='ocrx_word' id='word_1_861' title='bbox 1093 5300 1237 5358; x_wconf 87' lang='lat' dir='ltr'><strong>sanctum</strong></span> <span class='ocrx_word' id='word_1_862' title='bbox 1250 5293 1335 5363; x_wconf 84' lang='lat' dir='ltr'><strong>juxta</strong></span> <span class='ocrx_word' id='word_1_863' title='bbox 1360 5293 1527 5351; x_wconf 90' lang='lat' dir='ltr'><strong>divinarum</strong></span> <span class='ocrx_word' id='word_1_864' title='bbox 1543 5309 1735 5371; x_wconf 83' lang='lat' dir='ltr'><strong>personarum</strong></span> 
     </span>
     <span class='ocr_line' id='line_1_59' title="bbox 79 5380 1736 5471; baseline -0.009 -10"><span class='ocrx_word' id='word_1_865' title='bbox 79 5417 93 5461; x_wconf 88' lang='grc' dir='ltr'><strong>ε</strong></span> <span class='ocrx_word' id='word_1_866' title='bbox 119 5403 175 5459; x_wconf 83' lang='lat' dir='ltr'><strong>ille</strong></span> <span class='ocrx_word' id='word_1_867' title='bbox 198 5410 256 5459; x_wconf 90' lang='lat' dir='ltr'><strong>tres</strong></span> <span class='ocrx_word' id='word_1_868' title='bbox 280 5410 410 5471; x_wconf 81' lang='lat' dir='ltr'><strong>persone</strong></span> <span class='ocrx_word' id='word_1_869' title='bbox 440 5407 490 5465; x_wconf 91' lang='lat' dir='ltr'><strong>per</strong></span> <span class='ocrx_word' id='word_1_870' title='bbox 505 5389 648 5448; x_wconf 91' lang='lat' dir='ltr'><strong>vocabula</strong></span> <span class='ocrx_word' id='word_1_871' title='bbox 681 5389 831 5448; x_wconf 78' lang='lat' dir='ltr'><strong>distinctae.</strong></span> <span class='ocrx_word' id='word_1_872' title='bbox 886 5383 1076 5457; x_wconf 85' lang='lat' dir='ltr'><strong>proprietates</strong></span> <span class='ocrx_word' id='word_1_873' title='bbox 1096 5380 1217 5440; x_wconf 88' lang='lat' dir='ltr'><strong>abusive</strong></span> <span class='ocrx_word' id='word_1_874' title='bbox 1244 5381 1373 5453; x_wconf 90' lang='lat' dir='ltr'><strong>protulit,</strong></span> <span class='ocrx_word' id='word_1_875' title='bbox 1390 5383 1442 5440; x_wconf 81' lang='lat' dir='ltr'><strong>ubi</strong></span> <span class='ocrx_word' id='word_1_876' title='bbox 1456 5383 1575 5454; x_wconf 82' lang='lat' dir='ltr'><strong>quidem</strong></span> <span class='ocrx_word' id='word_1_877' title='bbox 1590 5384 1625 5443; x_wconf 90' lang='lat' dir='ltr'><strong>de</strong></span> <span class='ocrx_word' id='word_1_878' title='bbox 1641 5386 1736 5446; x_wconf 89' lang='lat' dir='ltr'><strong>tribus</strong></span> 
     </span>
     <span class='ocr_line' id='line_1_60' title="bbox 94 5468 1736 5562; baseline -0.009 -11"><span class='ocrx_word' id='word_1_879' title='bbox 94 5491 174 5550; x_wconf 89' lang='lat' dir='ltr'><strong>enim</strong></span> <span class='ocrx_word' id='word_1_880' title='bbox 208 5489 280 5562; x_wconf 88' lang='lat' dir='ltr'><strong>quia</strong></span> <span class='ocrx_word' id='word_1_881' title='bbox 315 5483 460 5544; x_wconf 88' lang='lat' dir='ltr'><strong>distinctio</strong></span> <span class='ocrx_word' id='word_1_882' title='bbox 495 5480 647 5540; x_wconf 89' lang='lat' dir='ltr'><strong>nominum</strong></span> <span class='ocrx_word' id='word_1_883' title='bbox 674 5477 750 5538; x_wconf 90' lang='lat' dir='ltr'><strong>iacta</strong></span> <span class='ocrx_word' id='word_1_884' title='bbox 779 5485 831 5551; x_wconf 87' lang='lat' dir='ltr'><strong>est,</strong></span> <span class='ocrx_word' id='word_1_885' title='bbox 886 5472 1047 5536; x_wconf 85' lang='lat' dir='ltr'><strong>virtutibus</strong></span> <span class='ocrx_word' id='word_1_886' title='bbox 1059 5472 1189 5533; x_wconf 87' lang='lat' dir='ltr'><strong>scribens</strong></span> <span class='ocrx_word' id='word_1_887' title='bbox 1215 5471 1257 5533; x_wconf 91' lang='lat' dir='ltr'><strong>ait</strong></span> <span class='ocrx_word' id='word_1_888' title='bbox 1267 5470 1332 5531; x_wconf 84' lang='lat' dir='ltr'><strong>sic:</strong></span> <span class='ocrx_word' id='word_1_889' title='bbox 1354 5493 1370 5526; x_wconf 76' lang='lat' dir='ltr'><strong>e</strong></span> <span class='ocrx_word' id='word_1_890' title='bbox 1386 5471 1479 5532; x_wconf 85' lang='lat' dir='ltr'><strong>bavid</strong></span> <span class='ocrx_word' id='word_1_891' title='bbox 1497 5471 1530 5532; x_wconf 89' lang='lat' dir='ltr'><strong>in</strong></span> <span class='ocrx_word' id='word_1_892' title='bbox 1552 5473 1664 5547; x_wconf 87' lang='lat' dir='ltr'><strong>psalmo</strong></span> <span class='ocrx_word' id='word_1_893' title='bbox 1677 5468 1736 5536; x_wconf 83' lang='lat' dir='ltr'><strong>tres&#39;</strong></span> 
     </span>
    </p>
   </div>
   <div class='ocr_carea' id='block_1_3' title="bbox 0 0 1906 5962">
    <p class='ocr_par' dir='ltr' id='par_1_46' title="bbox 0 0 1906 5962">
     <span class='ocr_line' id='line_1_61' title="bbox 0 0 1906 5962; baseline 0 0"><span class='ocrx_word' id='word_1_894' title='bbox 0 0 1906 5962; x_wconf 95' lang='lat' dir='ltr'><strong> </strong></span> 
     </span>
    </p>
   </div>
  </div>
 </body>
</html>
