3804 5962
377 181 517 239 DIALOG.
539 181 646 239 lrtruu
668 181 888 244 eutuosorll„
907 180 1054 239 JUDAEUH
1071 182 1117 239 ET
1136 181 1331 239 uuursvtuh.
1663 186 1734 242 {638

77 313 104 357 tx
112 300 167 356 hae
177 300 366 370 spectandum
382 300 441 372 (iol.
462 304 493 356 al
512 303 559 373 lt.)
584 302 620 360 sit
634 303 717 359 nobis
740 302 826 358 disci·
841 306 866 358 A
882 301 1057 371 Christiana,
1077 303 1245 374 praedicatio
1277 304 1506 361 commendatur.
1530 304 1606 376 quod
1623 320 1672 363 oos
1695 309 1733 367 ad

77 396 102 445 et
118 405 178 460 quo
201 404 268 446 cum
285 398 454 460 perventum
471 390 557 448 tuerit
581 391 643 462 ejus
657 390 694 447 sit
711 391 828 447 intentio
885 392 969 448 iidem
993 403 1159 450 convertere
1180 395 1283 463 potuit,
1309 393 1360 463 qni
1383 394 1544 451 rationibus
1571 395 1731 464 plurimum

77 489 196 536 mmata.
217 481 319 550 liuius,
345 488 378 536 ut
393 481 529 548 arbi-ior,
544 480 702 550 disciplinae
725 479 756 535 in
777 481 830 536 boc
884 483 1053 537 nitebantur
1071 490 1099 538 et
1114 482 1314 542 abundabant.
1339 481 1470 538 omnium
1495 481 1552 551 (iol.
1568 486 1602 538 22
1628 485 1673 553 ll.)
1689 485 1733 541 vi·

77 569 219 640 :elligitur
241 583 366 633 summa,
392 585 451 642 quo
475 584 622 626 summum
652 569 761 626 bonum
792 569 830 625 sit
883 569 985 626 delicet
1004 570 1169 627 liberalium
1184 573 1293 628 artium
1309 571 1413 644 studiis
1439 570 1552 639 imbuti,
1570 574 1733 630 rationibus

77 679 83 713 i
99 658 168 715 illuc
182 659 230 715 via
247 660 329 715 nobis
343 660 381 715 sit
392 659 633 729 perveniendum,
649 659 770 729 aperiat.
884 658 998 714 armati.
1020 658 1149 724 Quorum
1169 659 1287 730 quidem
1305 660 1358 730 ipsi
1381 675 1440 716 non
1464 660 1558 716 solum
1582 659 1735 732 inquisito·

77 762 130 804 os.
166 747 259 804 Placet
291 748 394 817 utique
424 748 606 803 vehementer
641 754 700 803 tarn
731 745 830 816 paucis
884 760 938 815 res,
967 748 1178 804 verumetiam
1209 749 1373 806 inventores
1391 749 1566 807 exstiterunt
1582 757 1610 805 et
1632 765 1669 806 ex
1684 765 1732 807 eo-

78 844 180 892 tanlae
199 837 240 892 rel
256 850 400 892 summam
425 835 561 905 exprimi,
577 843 604 890 et
620 834 708 890 totius
730 831 831 889 ethicae
884 850 951 892 rum
967 835 1095 892 lontibus
1115 837 1144 892 in
1171 837 1340 893 universum
1367 839 1509 895 mundum
1533 839 1620 895 rivuli
1636 853 1734 896 mana·

78 925 209 997 iligenter
230 927 417 981 intentionem
437 922 649 994 comprehendi.
676 920 745 989 Quae
765 919 828 993 qui·
884 928 1000 981 v'erunl.
1016 926 1057 981 Ex
1083 940 1142 997 quo
1166 927 1309 997 praecipuo
1323 935 1350 982 et
1375 941 1454 984 nnnc
1469 926 1504 984 de
1524 936 1620 984 vestra
1644 928 1734 986 conli-

78 1014 254 1070 mentionem
271 1013 360 1069 vevba
374 1014 427 1068 isla
442 1013 471 1067 in
487 1027 516 1068 se
529 1011 626 1068 statim
645 1013 764 1081 rapiunt
779 1023 828 1065 au·
884 1015 980 1071 dimus
995 1014 1156 1084 disciplina,
1174 1021 1215 1081 ul,
1230 1030 1289 1086 quo
1302 1015 1363 1086 Jam
1384 1017 1509 1086 amplius
1526 1017 1648 1073 solidata
1663 1033 1729 1075 con·

78 1117 114 1171 ut,
131 1109 158 1159 et
175 1102 263 1173 hujus
284 1101 442 1171 disciplina
463 1100 595 1157 studium
617 1098 830 1165 commendant,
884 1101 988 1170 valuit,
1005 1102 1035 1157 in
1051 1104 1187 1159 conilictu
1201 1103 1357 1174 plurimum
1374 1104 1472 1174 possit.

86 1191 150 1262 ejus
170 1190 388 1260 comparatione
411 1189 543 1245 omniuin
564 1189 671 1244 artium
692 1186 831 1244 vilescant
921 1194 1081 1248 cunisruuv.
1119 1194 1179 1248 lmo
1221 1200 1282 1262 post
1325 1200 1471 1250 tantorum
1515 1195 1732 1254 conversionem

77 1293 128 1335 nae.
147 1278 209 1346 Quo
231 1280 308 1335 enlin
326 1292 474 1335 summum
500 1278 608 1334 bonum
631 1275 743 1332 catoris
766 1289 831 1330 om·
888 1280 1127 1351 philosophorum
1143 1295 1197 1337 nee
1216 1280 1267 1338 tibi
1291 1296 1344 1339 nec
1360 1285 1478 1353 posteris
1500 1281 1535 1339 de
1564 1283 1619 1341 lide
1637 1293 1735 1342 nostra

82 1376 124 1425 est
140 1368 338 1434 excellentius,
361 1367 391 1423 in
406 1367 492 1437 cujus
514 1365 651 1422 irnltione
672 1378 742 1420 vera
765 1377 831 1418 con·
886 1368 1035 1441 ambigere
1049 1369 1123 1437 licet,
1141 1384 1193 1426 nec
1215 1370 1273 1441 jam
1300 1370 1349 1427 tali
1371 1369 1508 1427 utniiictu
1533 1386 1606 1442 opus
1620 1372 1734 1429 essevi·

78 1457 231 1520 beatitudo,
248 1463 359 1512 constal
384 1455 483 1527 procul
505 1454 595 1511 dubio
615 1455 679 1524 eJ‘us
701 1451 832 1507 doctrina
886 1454 981 1523 detur,
997 1471 1063 1513 curn
1080 1457 1109 1512 in
1125 1457 1314 1515 saeculavibus
1337 1460 1499 1530 disciplinis
1514 1475 1614 1517 eorum
1635 1463 1734 1518 omnia

78 1561 99 1603 is
120 1554 178 1603 tam
206 1546 328 1603 utilitate
351 1560 439 1616 quam
456 1543 596 1616 dignitate
621 1543 704 1613 longe
727 1554 830 1611 praece·
886 1546 1009 1601 credatis
1025 1547 1189 1602 auctoritati
1205 1557 1232 1603 et
1247 1563 1305 1603 non
1324 1562 1425 1604 corum
1440 1549 1582 1619 exemplis
1596 1550 1632 1605 ad
1648 1549 1734 1607 tidem

78 1637 171 1706 liongo
186 1636 296 1708 quippe
311 1634 435 1691 aliorum
454 1633 551 1691 studia
582 1632 657 1688 inira
683 1635 1074 1705 summumssmoneamini,
1104 1636 1231 1692 dicentes
1267 1652 1334 1694 cum
1363 1637 1524 1707 Propheta:
1550 1640 1644 1708 Neque
1678 1655 1735 1694 me·

78 1739 94 1780 n
117 1732 266 1781 remanent
291 1739 342 1780 nec
364 1721 552 1780 beatitudinis
571 1720 745 1791 contingunt
759 1718 830 1775 etui-
887 1723 966 1778 llores
981 1738 1074 1779 sumus
1091 1740 1173 1791 quom
1187 1731 1280 1795 patres
1293 1730 1381 1781 nostri
1396 1726 1419 1797 (l
1434 1728 1498 1796 ileo.
1512 1741 1574 1794 xix,
1590 1728 1626 1794 t).

78 1828 123 1880 m,
152 1829 205 1870 nec
232 1812 309 1870 ullus
340 1813 370 1868 in
402 1813 443 1870 eis
472 1812 585 1867 tructus
619 1818 746 1880 apparet,
774 1807 831 1864 nisi
921 1811 1032 1870 Panos.
1060 1814 1129 1870 Nec*
1148 1828 1250 1871 eorum
1280 1815 1448 1872 auctoritati
1477 1817 1516 1871 ita
1540 1815 1736 1885 concedimus,

79 1916 128 1956 um
147 1901 351 1958 bulcsummae
374 1899 540 1956 deserviunt
556 1897 753 1969 philosophia,
771 1906 831 1953 tan·
886 1907 919 1956 ut
946 1901 1023 1958 dicta
1051 1902 1179 1972 ipsorum
1210 1903 1320 1960 vatione
1344 1918 1401 1960 non
1430 1904 1630 1969 discutiamus,
1656 1913 1735 1960 ante·

108 1989 185 2044 circa
227 1989 373 2045 dominam
410 1985 609 2058 occupareltae]
643 1988 830 2056 pedissequae.
887 2004 977 2061 quam
1005 1992 1209 2062 approbemus.
1234 1994 1371 2064 alioquin
1392 1993 1592 2066 philosophari
1618 1992 1735 2048 desiste·

78 2077 146 2133 inim
169 2078 205 2133 ad
226 2077 357 2134 studium
385 2076 582 2148 grammaticas
606 2076 650 2131 vel
676 2075 833 2131 dialecticis
886 2093 995 2146 remus,
1021 2079 1046 2135 si
1075 2079 1209 2136 videlicet
1232 2081 1378 2137 rationum
1408 2082 1596 2154 inquisitione
1622 2089 1736 2153 postpo-

78 2174 212 2224 terarum
232 2167 340 2223 artinin
356 2167 391 2223 de
413 2180 481 2223 vera
506 2164 632 2222 hominis
653 2164 832 2220 beatitudine
885 2167 951 2235 sita,
972 2167 1039 2224 locis
1059 2168 1240 2225 auctoritatis
1260 2171 1311 2240 qui
1337 2170 1532 2227 inartificiales
1554 2170 1732 2238 indicantur,

79 2255 174 2311 anda?
191 2257 287 2327 Longe
303 2270 403 2312 omnes
419 2255 538 2312 interius
554 2254 590 2311 ab
607 2255 661 2309 hac
675 2252 832 2310 eminentia
887 2263 947 2312 eta
966 2258 1062 2327 reipsa
1084 2255 1201 2313 omnino
1226 2258 1363 2330 disjuncti
1384 2268 1462 2327 sunt,
1484 2260 1512 2314 ln
1532 2261 1667 2330 opinione
1690 2274 1737 2330 po-

94 2359 146 2400 nec
160 2346 196 2400 ad
213 2352 325 2400 tantuin
342 2360 371 2401 se
391 2345 520 2400 attollere
549 2343 645 2399 valent
671 2342 829 2413 lasiigium.
888 2346 946 2401 tius
960 2359 1047 2416 quam
1071 2345 1101 2400 in
1122 2346 1242 2401 veritate
1262 2346 1460 2414 consistentes,
1490 2347 1648 2416 plurimum
1670 2355 1736 2405 ute-

79 2432 189 2488 uaedam
206 2447 311 2504 genera
327 2433 505 2489 locutionum
531 2432 650 2487 tradunt
674 2430 718 2486 vel
734 2444 832 2486 rerum
887 2447 1004 2504 remuv;
1029 2447 1081 2489 nec
1102 2433 1178 2504 ipsos
1204 2434 1328 2504 majores
1355 2438 1467 2490 nostros
1483 2434 1518 2490 ad
1550 2434 1615 2491 ildei
1632 2444 1736 2492 vestrae

79 2536 100 2576 is
113 2532 247 2577 exercent
259 2531 390 2590 naturas,
407 2521 491 2592 quasi
506 2522 648 2591 quostiam
671 2521 780 2591 gradus
796 2519 832 2575 ad
887 2520 1095 2578 contessionem
1115 2525 1173 2577 tam
1197 2520 1307 2577 ratione
1336 2521 1439 2578 ductos
1467 2536 1558 2593 quam
1587 2522 1616 2579 vi
1646 2523 1738 2580 victos

79 2611 278 2667 celsitudinem
295 2619 441 2682 parantes,
457 2625 523 2666 cnm
540 2612 575 2665 de
591 2609 653 2680 ipsa
672 2608 755 2666 nobis
772 2609 833 2664 dis·
887 2611 1081 2677 crederemus,
1105 2609 1180 2665 sicut
1196 2617 1223 2666 et
1250 2616 1353 2665 vestrae
1379 2611 1563 2666 consentiunt
1597 2611 1736 2667 historiae.

79 2701 139 2756 lum
154 2710 182 2756 et
202 2715 251 2771 per
275 2702 388 2771 aliquas
413 2714 510 2756 rorum
537 2707 659 2755 naturas
683 2699 712 2753 in
736 2712 832 2754 exem·
888 2700 962 2755 Ante
978 2699 1187 2770 imperatorum
1213 2698 1321 2769 quippo
1345 2698 1391 2754 vel
1420 2700 1583 2769 principum
1600 2700 1636 2755 ad
1651 2698 1737 2757 ssdem

98 2789 143 2845 vel
163 2791 380 2846 sinrilitndinem
407 2789 491 2861 quasi
521 2787 606 2844 luerit
634 2786 832 2856 alierendum;
888 2795 1014 2845 vestram
1043 2801 1092 2858 per
1116 2790 1268 2854 miracula,
1304 2795 1336 2843 ut
1361 2787 1466 2856 dicitis,
1499 2788 1732 2857 conversionem,

79 2879 97 2949 ,l
123 2888 155 2937 ut
180 2894 229 2949 per
245 2880 308 2935 illas
324 2879 409 2950 quasi
437 2878 563 2951 quodam
593 2877 833 2949 pedissequarum
888 2891 995 2947 pancos
1017 2876 1181 2946 sapientum
1200 2875 1245 2931 vel
1262 2874 1359 2932 nullos
1382 2882 1479 2931 vestra
1508 2875 1671 2946 purificatio
1688 2890 1736 2933 ac-

79 2982 97 3024 u
119 2972 316 3040 pertingamus
341 2969 376 3024 ad
404 2967 550 3024 dominam
577 2966 608 3022 in
637 2966 693 3022 illis
717 2965 833 3038 quidem
889 2965 1021 3038 qiilsivit,
1036 2967 1172 3036 quamvis
1187 2974 1248 3021 tum
1268 2963 1350 3020 iacile
1366 2978 1383 3019 a
1399 2963 1604 3035 patentissimis
1622 2965 1735 3038 idolio)-

79 3058 198 3114 esslonis
222 3067 325 3113 nostrae
352 3055 505 3113 transitum
534 3054 682 3122 hahentes,
713 3054 742 3110 in
781 3055 835 3110 hac
851 3031 872 3088 ⁰
890 3055 982 3112 latriae
1003 3056 1150 3113 erroribus
1168 3062 1405 3127 gentespossent
1426 3055 1511 3111 evelli
1531 3063 1558 3112 et
1578 3055 1609 3112 in
1633 3071 1736 3130 quem·

79 3161 119 3201 em
134 3153 162 3202 et
175 3154 278 3201 nostrae
293 3145 469 3216 fatigationis
484 3144 569 3201 linem
586 3144 690 3213 adepti.
889 3159 1007 3217 cunque
1026 3144 1114 3201 unius
1135 3144 1184 3201 Dei
1205 3143 1316 3200 cultum
1341 3141 1499 3200 transferri.
1527 3145 1607 3209 Unde
1626 3153 1653 3201 et
1679 3161 1738 3216 pro-

79 3249 182 3301 iisrtan,
209 3237 324 3290 Gaudeo
354 3243 379 3290 te
408 3234 496 3302 huius
523 3232 711 3302 philosophiae
739 3229 832 3288 excel·
889 3234 953 3290 vide
973 3233 1082 3290 Paulus
1104 3243 1196 3290 vester
1222 3232 1393 3288 invectionis
1412 3246 1473 3288 suae
1495 3233 1526 3288 in
1549 3233 1738 3292 h'henlenses

79 3337 105 3378 m
121 3332 180 3380 tam
196 3323 350 3394 diligenter
364 3322 490 3390 attigisse
513 3330 571 3377 eta
595 3321 705 3377 caeteris
729 3320 833 3376 distin·
889 3325 1066 3381 occasionem
1084 3336 1212 3387 sumens,
1231 3321 1272 3378 sic
1285 3335 1411 3378 exorsus
1430 3321 1490 3376 ait:
1511 3324 1569 3378 Viri
1583 3323 1737 3379 Athenien-

92 3427 129 3468 er
143 3428 201 3484 quo
221 3420 247 3468 te
262 3413 292 3468 in
306 3411 370 3482 ejus
394 3410 490 3467 studio
508 3410 631 3465 maxime
659 3418 833 3479 occupatum
888 3429 939 3479 ses,
954 3429 1005 3483 per
1017 3415 1108 3467 omnio
1123 3427 1168 3466 sos
1192 3412 1396 3480 superstitiosos
1414 3425 1471 3465 esse
1488 3411 1577 3479 video,
1588 3424 1641 3469 ete.
1658 3411 1735 3483 (Act.

80 3517 127 3573 go.
889 3516 959 3566 xvir,
975 3501 1032 3571 iil.
1057 3502 1119 3555 lam
1145 3508 1214 3556 tunc
1228 3500 1306 3555 enim
1331 3501 1402 3571 legis
1424 3501 1568 3557 naturalis
1590 3509 1618 3557 et
1645 3499 1737 3557 divini

79 3591 246 3656 cosilecte,
272 3588 403 3661 inquam,
429 3595 614 3657 occupatum.
641 3586 706 3641 llaec
728 3585 834 3657 quippe
889 3594 986 3648 cultus
1017 3591 1137 3646 scientia
1167 3597 1328 3644 evanuerat
1361 3591 1407 3656 (ii
1436 3588 1495 3657 V.),
1523 3598 1550 3646 et
1576 3592 1737 3647 erraritlum

80 3687 104 3736 st
119 3679 261 3735 naturalis
280 3678 441 3748 disciplina,
465 3691 530 3748 quae
545 3676 692 3746 preceptis
720 3675 836 3731 morali·
859 3736 863 3743 ,
889 3679 1046 3736 multitudo
1074 3678 1247 3748 paucitatem
1275 3677 1437 3747 sapientum
1454 3681 1572 3733 omnino
1594 3678 1739 3735 deleverat

79 3776 155 3824 tanto
177 3768 302 3838 aqiplius
337 3767 515 3838 philosophis
548 3765 695 3834 congruit,
724 3773 835 3835 quanto
889 3769 934 3825 vol
955 3776 1145 3838 oppresserat,
1168 3774 1256 3836 atque
1272 3773 1304 3822 ut
1320 3779 1357 3821 ex
1377 3775 1475 3820 nostra
1503 3766 1658 3837 loquamur
1671 3782 1738 3823 con·

80 3857 326 3929 ‚coslegeutlet
355 3857 517 3912 rationibus
544 3862 655 3910 constat
684 3853 834 3923 inherere,
889 3857 1009 3913 scientia
1049 3863 1077 3912 et
1115 3853 1328 3924 praedicationis
1364 3854 1535 3909 Christiana
1562 3869 1619 3910 non
1643 3854 1738 3910 modi-

88 3945 135 4002 ille
162 3947 206 4002 vir
226 3948 325 4002 doctor
349 3943 490 4000 meminit.
515 3943 588 4000 Nam
612 3950 640 4000 et
664 3943 763 4010 lndaei',
792 3941 835 3997 in·
890 3961 955 4003 cuin
970 3944 1162 4016 approbemus
1184 3942 1325 4027 iructuiii,
1352 3957 1403 4013 per
1424 3943 1497 3998 hanc
1526 3941 1652 3999 manime
1679 3942 1738 4000 ido·

87 4039 169 4104 εἰᾳηα
198 4041 304 4105 petunt,
337 4040 362 4089 el
393 4033 479 4090 Graeci
507 4037 673 4103 sapientiam
707 4036 834 4101 qcaerutil
889 4034 1060 4106 (loitalviant
1075 4032 1105 4088 iu
1120 4032 1231 4089 mundo
1253 4045 1312 4087 uon
1332 4030 1509 4103 ambigimus
1524 4031 1647 4089 deletam
1666 4038 1737 4088 iuno

80 4140 96 4179 ·.
112 4141 131 4193 1,
146 4126 200 4192 iil.
216 4125 308 4182 ludaei
330 4124 436 4194 quippe
451 4129 573 4191 tantum,
590 4121 669 4192 quod
692 4121 835 4177 animales
890 4123 986 4180 inisse.

80 4221 104 4270 et
130 4215 288 4280 sensuales
309 4213 392 4270 nulla
420 4210 525 4268 imbuti
554 4211 744 4281 philosophia,
776 4224 835 4281 qua
923 4214 1084 4271 Cunisrmn.
1100 4210 1277 4283 Adjungeet
1292 4208 1369 4282 quod
1391 4215 1468 4279 patet
1482 4217 1511 4267 et
1531 4209 1624 4282 legem
1649 4219 1736 4268 natu-

80 4316 116 4360 ies
129 4302 272 4359 discutere
291 4309 408 4374 queant,
435 4303 502 4357 solis
516 4301 690 4357 exteriorum
713 4313 834 4370 operum
850 4312 873 4368 n
890 4303 981 4360 ralem
997 4302 1164 4359 suscitatam
1192 4315 1253 4357 esse
1273 4308 1301 4356 et
1322 4299 1477 4370 perlectam
1508 4315 1624 4357 morum
1655 4301 1739 4357 disci·

82 4391 137 4449 ulis
161 4399 314 4449 moventur
337 4391 372 4447 ad
392 4391 488 4454 iidem,
505 4390 588 4462 quasi
605 4391 665 4448 haeo
681 4389 772 4447 iacere
793 4404 836 4446 so-
891 4392 1011 4463 pllnam,
1027 4405 1087 4462 qua
1105 4405 1166 4458 vos,
1187 4398 1218 4446 ut
1233 4388 1337 4456 dicitis,
1357 4389 1418 4446 sola
1433 4388 1559 4444 nitimini
1583 4397 1611 4444 et
1629 4389 1665 4444 ad
1681 4389 1735 4445 sal-

80 4483 111 4537 tel
132 4489 178 4548 stt,
194 4490 221 4538 et
247 4481 329 4538 nulla
354 4480 384 4536 in
409 4480 451 4537 eis
469 4483 634 4536 daemonum
659 4480 754 4537 illusio
774 4477 835 4535 ileri
889 4481 1020 4538 vandum
1043 4478 1175 4536 suillcere
1197 4478 1325 4546 creditis,
1352 4477 1466 4534 nonnisi
1490 4477 1527 4533 ab
1556 4476 1618 4548 ipso
1650 4477 1736 4534 tradi·

80 4614 86 4626 .
104 4571 184 4639 Quod
204 4571 344 4642 quamsit
367 4570 489 4627 stultum
510 4571 635 4640 recipere
655 4577 682 4626 et
707 4568 785 4640 magi
805 4569 836 4624 in
891 4578 948 4625 tam
963 4567 1061 4632 inisse,
1084 4582 1101 4625 a
1123 4584 1181 4640 quo
1198 4577 1337 4639 tanquam
1358 4581 1427 4623 vera
1450 4566 1561 4636 sophia,
1579 4566 1607 4622 id
1631 4574 1674 4622 est
1693 4581 1736 4623 sa·

80 4669 111 4718 io
139 4661 301 4718 docuerunt
328 4667 355 4717 et
386 4674 435 4716 vos
463 4660 594 4715 Christus
618 4659 761 4729 praecipue
793 4659 834 4713 in·
891 4660 998 4730 pientia
1022 4657 1082 4726 Dei,
1107 4658 1280 4728 quicunque
1305 4655 1436 4712 instructi
1458 4657 1518 4712 veri
1535 4663 1604 4712 sunt
1624 4656 1738 4712 dicendi

80 4751 108 4816 lt,
132 4751 182 4822 qui
200 4751 235 4806 de
259 4747 547 4820 pseudophilosophis
567 4747 736 4803 Aiitichristi
765 4760 835 4816 pre
891 4746 1064 4820 phitiisophi.

80 4854 110 4896 ns
128 4855 176 4895 eos
202 4841 230 4894 ln
245 4839 409 4895 seductione
443 4837 593 4892 hominum
621 4845 700 4891 tanta
724 4835 836 4906 operari
927 4840 1036 4893 Pinnos.
1061 4836 1104 4892 Ad
1130 4849 1195 4905 quae
1216 4834 1339 4893 utinam.
1357 4842 1389 4889 ut
1404 4833 1483 4896 dicis.
1501 4835 1542 4891 sic
1564 4834 1736 4892 convincere

83 4927 130 4982 ula
150 4935 280 4994 testatur,
305 4929 338 4982 Ut
357 4928 385 4980 i'ii
400 4941 527 4990 errorem,
551 4923 658 4994 inquit,
686 4923 834 4994 ducantur,
889 4927 990 4998 possis,
1010 4935 1041 4982 ut
1069 4925 1106 4980 ab
1136 4926 1207 4994 ipsa,
1233 4932 1265 4980 ut
1288 4923 1394 4985 dicitis,
1424 4939 1559 4993 suprema
1584 4925 1735 4994 sapientia,

80 5021 86 5069 t
107 5022 206 5087 potest,
224 5019 305 5072 etiam
329 5019 405 5070 electi·
424 5016 537 5082 tlliittli.
561 5028 644 5080 xrrv,
668 5015 724 5084 st).
747 5012 836 5080 Quasi
890 5030 978 5086 qinom
991 5015 1087 5071 Graece
1104 5012 1199 5084 logon,
1221 5013 1320 5068 Latine
1339 5012 1464 5068 Verbum
1482 5013 1529 5068 ud
1547 5015 1665 5082 voeatis,
1686 5027 1738 5070 vos

84 5106 144 5162 baec
162 5121 245 5177 signa
271 5119 399 5176 quarere
429 5103 552 5159 stultitia
576 5107 622 5170 sil,
650 5117 666 5158 e
692 5104 836 5158 contrario
889 5119 956 5161 vere
970 5102 1079 5173 logicos
1099 5111 1127 5158 et
1145 5101 1298 5158 verborum
1315 5101 1479 5157 rationibus
1492 5101 1654 5158 exhibeatis
1677 5117 1739 5160 esse

80 5195 212 5265 iunctum
243 5196 396 5265 praedictus
430 5193 559 5248 meminit
591 5191 745 5261 Apostolus
768 5206 836 5248 cum
890 5193 1033 5250 armatos!
1055 5189 1197 5248 Nocillud
1216 5190 1343 5261 Gregorii
1366 5190 1452 5247 vestrl
1477 5191 1736 5249 memiserumre-

83 5291 144 5353 t,et
175 5286 261 5342 Graeci
279 5285 443 5352 sapientium
470 5285 607 5352 quarunt,
639 5282 692 5337 boc
720 5288 762 5337 est
791 5294 836 5337 ra·
890 5282 1007 5355 iuginm
1036 5268 1213 5352 praetendere
1234 5279 1422 5352 praesumatis.
1443 5300 1457 5330 ι(
1481 5280 1576 5348 Fides,
1593 5302 1608 5329 υ
1631 5280 1736 5352 inquit,

102 5388 120 5432 a
144 5373 383 5446 predicatoribus
409 5373 542 5444 exigunt,
569 5385 637 5443 quaa
661 5377 730 5428 sunt
757 5376 837 5447 certa
892 5390 906 5420 α
922 5384 980 5427 non
996 5369 1082 5426 babet
1097 5369 1245 5437 meritum,
1260 5369 1308 5426 cui
1322 5369 1394 5426 ratio
1409 5367 1542 5426 bumana
1557 5369 1664 5440 praebet
1685 5383 1736 5427 ox·

80 5464 137 5522 itia
152 5464 355 5522 instrumenta.
378 5461 460 5521 Unde
477 5460 606 5519 maxime
620 5466 727 5531 vestra,
746 5458 776 5518 id
793 5462 838 5517 est
891 5457 1093 5530 perimentum.
1119 5480 1131 5509 ι
1155 5457 1229 5525 Quia
1249 5457 1328 5516 enlin
1348 5456 1426 5530 apud
1450 5471 1503 5516 vos
1525 5457 1621 5529 iidem,
1644 5472 1737 5531 quain
1781 5520 1790 5540 ⁸
