3804 5962
600 204 783 262 Exposrrio
803 203 949 261 sabboti
968 196 1090 263 APOST.
1668 211 1721 298 tlt

79 343 237 399 memnon
256 336 290 387 nt
304 343 458 401 nunquam
473 330 622 400 permittas
637 331 750 400 tentari,
765 333 814 388 sed
829 331 853 383 ll
868 333 939 387 Item
967 330 1048 388 aliud
1076 329 1223 402 praesentis
1251 329 1359 398 saeculi,
1388 338 1416 387 et
1444 329 1526 389 aliud
1541 330 1643 390 luturl.
1665 334 1716 392 Ab

79 433 185 492 nquam
207 419 357 491 permittas
381 432 398 474 a
417 420 574 477 tentatione
600 420 743 492 superari,
767 422 816 479 sed
871 419 1008 476 omnibus
1024 419 1096 486 istis,
1112 427 1139 476 et
1154 420 1190 475 ab
1206 419 1282 488 aliis,
1299 434 1365 490 quae
1383 433 1434 491 per
1458 420 1512 478 ista
1527 422 1713 494 comproben-

79 522 119 566 ter
139 509 314 566 tentationes
336 507 505 579 probemur,
529 522 586 566 nou
613 511 815 582 reprobemur.
871 509 992 575 duntur,
1018 508 1144 587 petimus
1158 508 1288 566 liberari.
1305 510 1339 565 Et
1354 508 1409 565 sub
1434 509 1497 568 istis
1518 512 1716 582 continentur,

79 599 187 656 neuim
203 603 326 669 prosunt
350 599 523 654 tentationes
543 597 653 666 electis,
679 601 751 670 quia
767 613 818 670 per
872 598 990 668 quando
1013 612 1132 655 oramus
1142 597 1291 655 dicentes:
1316 599 1415 655 Libera
1429 615 1477 656 nos
1493 599 1527 656 ab
1544 602 1618 656 omni
1636 603 1720 669 mab,

79 701 160 745 inum
175 686 329 744 victoriam
338 688 509 759 pertingunt
523 687 561 743 ad
576 702 722 744 coronam.
736 689 818 746 Unde
872 686 943 757 quia
959 687 1016 745 nisi
1033 694 1062 744 tu
1086 687 1191 744 liberes
1212 702 1274 757 nos,
1291 702 1351 746 non
1373 689 1533 760 poterimus
1554 689 1619 747 sino
1642 697 1669 748 te
1682 688 1719 746 li-

79 791 91 833 s
106 775 271 847 apostolus:
287 778 385 832 Beatus
400 778 444 831 nir
458 778 506 847 qul
520 776 619 846 suffert
634 780 817 847 tentationem,
873 774 979 832 berarl.
994 777 1091 832 Libera
1104 790 1173 849 ergo
1188 792 1236 832 nos
1252 784 1294 847 tu,
1311 776 1405 846 Pater,
1423 779 1537 836 ornato.

79 880 119 922 uc.
143 880 162 932 ι,
189 864 243 936 ιι).
271 866 362 922 item:
392 865 474 934 Omne
495 866 628 933 goudium
652 865 817 936 existimate,

79 969 167 1019 ,oum
190 954 219 1009 t'a
242 955 336 1009 storias
360 956 520 1009 tentationes
544 955 707 1023 incideritis,
734 957 819 1012 scicn-
1722 996 1726 1003 -

79 1041 109 1099 ιιι
127 1042 255 1113 probatio
278 1042 342 1112 ιιιιι
362 1049 469 1112 nestra,
490 1060 559 1113 quar,
585 1045 739 1113 subaudis,
768 1059 819 1116 per
908 1048 1007 1101 Amen.
1042 1048 1253 1116 interpretatur
1284 1061 1354 1114 nere,
1385 1053 1414 1102 et
1441 1043 1588 1103 concludit
1617 1059 1718 1106 omnes

79 1131 199 1201 mestit,
217 1134 383 1202 patientiam
406 1138 537 1203 operatur
552 1133 643 1205 (ibid,
660 1133 698 1204 3).
726 1134 817 1202 Unde,
872 1133 1097 1204 praecedentiso
1082 1135 1221 1190 orationis
1237 1135 1398 1204 petitiones
1416 1135 1513 1204 Amen,
1539 1134 1626 1205 quasi
1641 1132 1726 1208 diee-

79 1222 174 1278 ttentto
211 1224 313 1290 oestro,
352 1222 526 1292 possidebitis
569 1224 676 1278 animos
712 1227 817 1279 nostras
871 1238 957 1281 nius:
974 1223 1096 1281 OPater
1111 1230 1220 1284 noster,
1244 1224 1296 1295 qui
1313 1238 1344 1280 es
1360 1224 1391 1281 in
1416 1224 1507 1292 coelis,
1530 1238 1599 1282 rere
1613 1216 1726 1283 saneti·

79 1324 138 1374 ur,
156 1311 210 1381 ιιι)
226 1311 433 1368 Tentationum
456 1320 525 1383 qun
520 1326 583 1368 nor
606 1313 714 1382 speeies
729 1321 816 1369 sunt:
872 1312 974 1369 licetur
988 1327 1093 1369 nomen
1119 1320 1212 1380 tuum,
1231 1327 1299 1369 vere
1322 1313 1458 1370 adveniat
1474 1327 1598 1385 regnum
1624 1320 1726 1405 tuum,

82 1399 123 1456 int
139 1398 212 1456 levis
226 1407 254 1457 et
276 1399 400 1468 occulta,
423 1400 481 1457 alia
504 1401 577 1459 levis
599 1410 627 1458 et
643 1402 817 1472 manilesta3
872 1415 938 1458 vero
953 1400 1003 1458 siat
1018 1401 1153 1458 voluntas
1169 1409 1220 1458 tua
1234 1403 1309 1458 sicut
1329 1402 1359 1459 in
1376 1402 1445 1460 coelo
1460 1410 1487 1460 et
1503 1403 1533 1459 in
1550 1410 1638 1472 terra,
1654 1415 1725 1493 vere

79 1488 143 1546 avis
156 1494 184 1544 et
199 1489 322 1557 occulta,
340 1488 399 1546 alia
414 1490 513 1561 gravis
528 1498 556 1547 et
571 1490 735 1547 manilestn.
752 1491 819 1548 Tria
872 1503 976 1561 panem
997 1498 1130 1547 nostrum
1147 1491 1353 1562 quotidianum
1370 1491 1420 1547 des
1439 1491 1524 1549 nobis
1539 1491 1637 1558 bodie,
1653 1504 1727 1583 rere

84 1584 153 1635 sunt
167 1592 234 1648 quae
248 1592 301 1634 nos
322 1586 444 1647 tentant,
461 1593 538 1647 caro,
564 1580 702 1647 mimdus,
718 1579 815 1636 diabo-
835 1578 957 1666 Bdimil
960 1586 1004 1636 tas
1019 1579 1102 1636 nobis
1125 1579 1221 1637 debita
1244 1588 1352 1649 nostra,
1377 1580 1455 1636 sicut
1473 1588 1501 1638 et
1521 1592 1573 1637 nos
1599 1541 1728 1669 dimittiJ

82 1679 113 1722 ro
127 1680 179 1722 nos
201 1672 291 1722 tentat
313 1680 363 1736 per
385 1667 484 1738 gulam
499 1675 525 1724 et
542 1667 702 1736 luxuriam
729 1682 817 1725 mun·
835 1612 940 1726 Bmus
964 1667 1145 1726 debitoribus
1167 1669 1283 1737 nostris,
1317 1683 1384 1727 vere
1405 1683 1442 1725 ne
1461 1683 1514 1726 nos
1543 1668 1666 1725 inducas
1691 1629 1728 1757 in

79 1767 259 1826 rprospera
273 1761 300 1811 et
325 1754 464 1812 adversa:
483 1771 533 1827 per
554 1770 689 1828 prospera
714 1763 746 1813 ut
770 1757 816 1815 de·
875 1756 1073 1826 tentationem,
1103 1772 1170 1815 vere
1204 1757 1307 1815 liberes
1341 1772 1394 1815 nos
1422 1771 1440 1815 a
1468 1757 1553 1815 malo.
1583 1758 1642 1814 lsta
1668 1763 1726 1849 est,¹

92 1857 144 1915 per
166 1843 288 1900 adversa
312 1851 344 1901 ut
368 1844 492 1916 frangat.
519 1845 660 1903 Diabolus
682 1846 819 1903 omuibus
874 1842 986 1915 lratres,
1013 1847 1124 1919 jugiter
1139 1847 1317 1917 meditanda
1342 1845 1397 1904 ista
1411 1854 1453 1904 est
1473 1846 1586 1920 jugiter
1599 1843 1727 1936 dicenda,

78 1946 132 1990 nos
147 1933 325 2005 aggreditur,
343 1941 371 1989 et
386 1934 422 1990 ad
444 1949 559 1991 omnem
584 1936 746 2007 nequitiam
767 1950 819 1992 nos
874 1937 977 2006 oratio,
1003 1944 1101 2008 utpote
1124 1951 1214 2008 quam
1241 1937 1302 2008 ipse
1326 1936 1457 1994 Salvator
1476 1937 1586 2005 docuit,
1610 1943 1638 1992 et
1662 1946 1727 2034 qua¹

79 2035 130 2079 ere
153 2029 282 2078 conatur.
307 2024 396 2087 Pater,
420 2038 454 2077 ne
475 2039 524 2079 uos
548 2025 663 2080 induens
686 2026 716 2079 in
731 2028 817 2080 tento·
875 2027 959 2083 nobis
979 2027 1093 2084 Patrem
1118 2040 1202 2082 orare
1229 2025 1374 2096 praecepit.
1398 2024 1485 2082 Nulla
1499 2032 1542 2082 est
1565 2025 1645 2082 enim
1668 2023 1727 2112 istq

79 2124 135 2168 ‚ne
149 2124 201 2167 nos
216 2111 366 2182 permittas
387 2112 492 2169 tentari
507 2126 596 2183 snpra
613 2114 641 2170 id
658 2113 737 2185 quod
754 2127 818 2183 pos·
875 2115 1039 2182 sublimior,
1066 2115 1148 2170 nulla
1173 2115 1284 2171 utilior.
1311 2118 1383 2172 sunt
1411 2114 1532 2186 quidam
1559 2113 1620 2185 qui,
1647 2112 1732 2201 sieut.

79 2198 160 2264 ,sed
187 2198 232 2255 lae
255 2200 343 2256 etiam
367 2214 434 2256 cum
458 2202 615 2258 tentatione
638 2210 817 2272 provectum,
874 2205 995 2274 etbnioi,
1026 2205 1192 2276 gloriantur
1221 2204 1313 2261 multa
1341 2205 1430 2261 verba
1458 2203 1589 2272 lundene,
1629 2201 1722 2259 multa

79 2288 171 2344 simus
193 2288 337 2346 sustinere
360 2290 383 2360 (l
398 2290 457 2347 Cor.
475 2307 502 2358 x,
529 2291 581 2362 ld).
603 2292 643 2349 Ne
664 2307 713 2346 nos
739 2290 817 2348 indu·
876 2295 1012 2367 psalteria
1027 2294 1133 2366 legero,
1147 2294 1277 2350 diversas
1300 2293 1385 2350 boras
1405 2292 1568 2358 decantare,
1595 2290 1727 2379 proiixaq

79 2380 259 2435 bulationem
875 2385 1019 2441 orationes
1040 2383 1229 2439 continuare:
1245 2390 1355 2440 etcum
1379 2396 1428 2439 ore
1451 2381 1574 2438 Domino
1599 2379 1727 2468 ιοιιιιιιιιῐΙ
1800 2401 1807 2417 ·

270 2485 378 2528 surmio
396 2485 526 2528 suerius.
876 2480 935 2541 tur,
964 2485 1179 2542 nonuunquam
1196 2473 1227 2529 in
1244 2471 1354 2530 dnibns
1378 2480 1461 2528 terrm
1485 2477 1641 2543 vagantur.
1667 2469 1726 2553 bie,

86 2558 174 2614 libero
196 2560 481 2616 nosomolo.blulta
505 2569 573 2618 sunt
597 2561 683 2630 mala,
710 2563 820 2633 quibus
876 2562 1016 2619 minerint
1038 2562 1110 2620 tales
1132 2561 1363 2633 scripturaque
1386 2560 1512 2617 dicitur:
1538 2561 1658 2631 Populos
1679 2530 1726 2646 lilfl'

79 2661 102 2704 a
133 2648 261 2705 conditio
284 2648 424 2720 subjacet,
450 2658 478 2707 et
504 2665 629 2723 quorum
656 2665 821 2721 pressuram
878 2652 958 2706 lobiis
981 2666 1023 2705 me
1046 2651 1168 2714 ιιιιιιιιι,
1186 2665 1232 2705 cor
1257 2656 1347 2705 nutem
1371 2665 1463 2704 eorum
1487 2651 1565 2717 tonqe
1588 2653 1628 2703 est
1648 2664 1665 2703 a
1683 2662 1728 2747 inq

81 2735 204 2793 minime
225 2737 347 2794 evadere
364 2738 453 2804 valet3
480 2738 547 2811 qua'e
567 2741 740 2811 generaliter
754 2756 820 2799 con·
878 2740 988 2812 (blattis.
1005 2755 1053 2808 ιιι,
1070 2740 1105 2811 8).
1124 2739 1224 2810 Neque
1240 2740 1294 2795 ista
1313 2738 1449 2806 dicentes,
1466 2744 1572 2794 sauotae
1587 2736 1728 2824 orationjg

79 2839 97 2882 n
125 2839 178 2881 sex
202 2825 296 2882 modis
317 2826 500 2898 distinguere
522 2843 688 2900 possumus.
712 2829 822 2887 bialum
877 2830 1024 2888 solertiam
1049 2836 1077 2886 et
1102 2834 1333 2899 perseverantem
1357 2826 1540 2883 devotionem
1562 2825 1726 2911 culpamus,

79 2911 147 2970 ‚liud
172 2921 214 2971 est
238 2915 377 2986 eorporis,
404 2914 485 2974 aliud
513 2918 627 2974 animae.
654 2921 726 2976 item
742 2920 823 2978 aliud
839 2960 862 3018 G
878 2934 968 2992 quam
984 2918 1109 2975 multum
1117 2917 1282 2984 laudamus,
1298 2917 1370 2974 dum
1381 2915 1578 2986 prolixitatem
1589 2915 1729 3002 orationiq

79 3002 147 3068 lum,
166 3003 244 3075 quod
254 3013 296 3062 est
311 3005 407 3076 culpa,
424 3007 506 3063 aliud
522 3009 600 3080 quod
615 3016 657 3067 est
674 3024 767 3080 poena.
879 3011 1035 3069 comitatur
1050 3008 1145 3065 lervor
1160 3006 1306 3063 maximus
1321 3005 1494 3063 devotionis.

289 3304 666 3473 PETRI
734 3301 1419 3472 ABAELARDI

488 3586 874 3694 EXPOSITIO
909 3583 1226 3692 SYMBOLI
1719 3751 1723 3760 Ι

325 3801 502 3903 ouon
550 3801 822 3891 DiCITUR
867 3794 1378 3888 anosnououuu.

1695 3942 1726 3978 ιζ’).

1693 4016 1726 4069 ἰιι

79 4120 196 4188 iturum,
220 4118 334 4189 tratres,
356 4116 525 4176 aPatribus
551 4116 660 4173 sanctis
683 4113 827 4172 babemus
881 4110 1068 4179 continetur;
1092 4108 1122 4163 in
1137 4105 1205 4174 alio,
1230 4101 1303 4176 quid
1320 4113 1404 4160 orare
1419 4106 1446 4159 et
1470 4106 1566 4171 petere
1580 4111 1598 4156 a
1613 4100 1669 4156 beo
1684 4096 1733 4156 de

79 4207 233 4280 ymbolum
262 4206 339 4277 lidei,
370 4206 450 4279 quod
479 4204 588 4262 dicitur
617 4204 824 4276 apostolorum,
844 4221 865 4275 q
881 4201 984 4257 bemus
998 4196 1186 4269 exprimitur.
1205 4215 1219 4245 ι
1235 4192 1318 4259 Quod
1333 4204 1402 4250 vero
1422 4189 1485 4249 sine
1500 4189 1556 4246 ilde
1569 4202 1653 4246 nemo
1667 4192 1730 4260 poti

79 4293 247 4353 Orationem
269 4294 451 4352 Dominicam
475 4293 511 4349 ab
536 4292 676 4351 omnibus
701 4305 828 4348 commu-
886 4290 924 4346 sit
939 4287 1057 4356 salvari,
1083 4285 1225 4344 boninus
1239 4281 1363 4341 ostendit
1378 4296 1445 4338 cnm
1459 4280 1545 4338 droit
1566 4279 1620 4348 Qut
1645 4277 1733 4335 credie

79 4384 255 4443 christanis
281 4383 385 4441 debere
421 4383 502 4450 sciri,
527 4389 554 4438 et
575 4380 741 4437 memoriter
761 4379 828 4437 reti·
885 4380 955 4435 derit
969 4383 996 4435 et
1010 4378 1165 4448 baptizatus
1180 4376 1278 4443 ιιιιιιι,
1294 4374 1387 4429 sulcus
1410 4373 1462 4427 erit
1478 4372 1574 4440 (Mare.
1601 4384 1660 4438 xvi,
1679 4367 1733 4440 ιιι.

79 4481 96 4530 ιι
111 4473 274 4546 promptius
286 4479 395 4545 queant
405 4470 596 4543 frequentari.
610 4471 644 4526 ln
664 4470 712 4527 illo
722 4470 832 4541 quippe
884 4468 990 4527 Nullus
1013 4474 1111 4524 autem
1136 4464 1252 4522 credere
1273 4468 1363 4534 potest
1385 4460 1465 4533 quod
1488 4459 1579 4517 nescit
1603 4471 1656 4516 nec
1679 4469 1732 4513 an»

79 4561 339 4620 solemiobreviter
359 4568 569 4631 estexpressa3
589 4558 620 4614 in
637 4558 829 4615 istainstrui-
885 4560 968 4616 divit.
986 4559 1034 4615 tiit
1056 4557 1134 4614 enim
1156 4553 1284 4612 Paulus:
1311 4551 1447 4624 Quomodo
1473 4550 1584 4607 nectent
1605 4551 1631 4605 ιι·
1654 4550 1732 4616 mm
1772 4573 1776 4579 ·

79 4665 92 4708 ι
119 4651 245 4709 Domino
268 4649 415 4722 postulare
439 4649 614 4706 necessaria.
640 4648 686 4704 Ex
708 4646 831 4704 coneilio
885 4664 939 4704 non
953 4644 1124 4703 ondbrunt?
1143 4644 1235 4716 litem.
1251 4657 1282 4712 x,
1303 4642 1353 4713 ll.)
1369 4640 1427 4699 Nee
1450 4640 1510 4698 sola
1533 4638 1640 4696 suldcit
1664 4637 1735 4695 ildeb

79 4740 125 4810 isi,
140 4740 268 4811 capitulo
282 4743 315 4796 8:
335 4762 346 4791 ‹
365 4739 399 4797 Ut
415 4738 512 4796 omnis
529 4738 678 4810 presbyter
692 4736 830 4794 omnibns
888 4737 919 4794 in
939 4736 1033 4804 corde,
1063 4734 1122 4792 nisi
1151 4733 1240 4790 etiam
1270 4731 1358 4788 verbo
1387 4727 1568 4795 enuntietur,
1596 4733 1630 4784 ιιι
1659 4726 1736 4783 idem

78 4829 167 4886 rianis
202 4832 264 4886 suis
300 4829 469 4900 Symbolum
507 4836 534 4886 et
570 4826 737 4885 Orationem
778 4825 830 4882 Do·
884 4825 1039 4897 Apostolus
1062 4823 1144 4881 testis
1158 4829 1217 4880 est:
1239 4820 1324 4880 corde
1351 4821 1425 4875 enirn
1447 4818 1569 4874 creditur
1591 4817 1629 4872 od
1648 4816 1734 4888 justi«

79 4933 120 4976 tm
136 4927 187 4976 aut
212 4919 273 4990 ipse
294 4919 433 4986 insinuet,
453 4926 506 4975 aut
533 4917 711 4974 insinuanda
734 4915 831 4986 injun·
886 4919 973 4978 tiam:
988 4929 1033 4970 ore
1061 4913 1193 4980 consessio
1211 4915 1243 4983 ιιι
1267 4909 1435 4965 adsalutem
1450 4907 1542 4980 (ibid,
1560 4907 1612 4979 to).
1629 4904 1734 4967 Nullan

79 5015 175 5066 tcum
195 5008 231 5065 ad
255 5009 462 5066 contessionem
486 5014 616 5079 tempore
641 5003 830 5079 quadragesi·
886 5012 983 5063 autem
1007 5005 1043 5061 de
1066 5001 1223 5059 stoliditate
1244 5013 1355 5066 sensus,
1380 4998 1426 5054 rel
1452 4995 1592 5053 tenuitate
1623 4992 1738 5067 lngtnii

79 5099 218 5168 renerint,
242 5098 303 5155 ιιι
319 5098 355 5155 ab
380 5112 560 5169 unoquoque
582 5096 750 5154 memoriter
774 5092 833 5150 sibi
886 5100 1033 5157 causetur,
1051 5090 1121 5161 quia
1137 5088 1199 5145 baec
1218 5095 1277 5145 tam
1294 5099 1386 5157 parva
1409 5090 1488 5153 sunt,
1510 5090 1544 5140 ut
1568 5096 1652 5141 nemo
1676 5082 1736 5140 tbm

79 5188 131 5247 *ari
154 5187 252 5245 iaciat.
269 5188 325 5244 lieo
349 5195 416 5244 ante
441 5192 573 5243 sanctam
596 5185 833 5243 communionem
887 5182 973 5240 hebes
987 5187 1015 5237 et
1031 5178 1175 5236 barbarus
1191 5178 1239 5246 sit,
1258 5177 1311 5248 qui
1328 5177 1382 5233 boc
1397 5173 1501 5242 dicere,
1517 5179 1545 5230 et
1560 5172 1659 5232 verbis
1673 5185 1734 5240 qno

84 5277 194 5346 tradat,
209 5277 268 5335 nisi
284 5277 344 5334 baee
357 5290 395 5334 ex
410 5276 495 5334 corde
505 5275 698 5347 pronuntiare
706 5274 831 5332 noverit.
886 5271 975 5329 nibus
989 5268 1143 5327 enuntiare
1158 5280 1217 5324 non
1232 5264 1332 5337 possit,
1355 5270 1415 5322 tam
1429 5276 1547 5336 magna,
1564 5271 1597 5321 ut
1616 5260 1736 5334 qui-bu

79 5367 135 5426 lom
157 5366 221 5425 sine
245 5365 351 5424 borum
374 5365 497 5423 seientia
520 5362 620 5421 nullus
646 5361 746 5419 salvus
770 5374 833 5419 esse
886 5374 954 5419 rum
982 5357 1134 5418 scientiam
1163 5356 1288 5429 pleniter
1311 5369 1412 5428 capere
1436 5353 1576 5427 potuerit,
1600 5350 1734 5412 sullluere

79 5464 95 5515 ι.
111 5455 148 5515 ln
168 5468 229 5515 nno
249 5456 329 5515 enim
345 5455 415 5514 tides
428 5462 457 5513 et
481 5452 639 5515 credulitas
666 5449 832 5512 Christiane
887 5449 945 5510 sibi
959 5449 1096 5511 eredamr
1110 5446 1147 5508 ad
1161 5447 1285 5508 salutem
1300 5451 1483 5520 perpetuam.
1673 5451 1725 5490 ιιιιι

163 5556 291 5626 Parnon.
318 5551 498 5624 clxxviii
1480 5547 1523 5613 20

1061 935 1214 978 conubiisro
1232 933 1335 979 HARUM
1353 934 1531 978 ritmorum
