3804 5962
10 1371 13 1499 l

49 117 118 173 tete
669 111 773 170 LIBER
792 108 977 170 ADVERSUS
997 109 1177 169 HERESES.
1730 115 1800 171 teta

46 236 280 310 diabolicalegis
303 242 443 308 precepta
466 235 498 293 in
516 249 547 293 se
572 236 683 294 serrari
708 237 753 295 vel
775 236 898 307 impleri.
912 240 937 293 A
952 235 1087 304 muravit,
1128 235 1227 291 dicens
1255 234 1329 305 (cap.
1367 233 1438 314 xri:
1468 234 1536 291 dide
1559 237 1664 306 elapsa
1682 239 1800 306 arcadis

48 314 122 371 item
141 310 171 366 in
185 309 336 381 evangelio
351 307 512 365 secundum
528 308 668 365 loannem
687 307 829 364 Dominus
851 307 894 363 di·
950 309 1044 375 tectae
1066 307 1176 374 cepeoii
1202 320 1231 360 se
1258 320 1314 360 esse
1336 306 1427 375 tilium
1449 307 1512 374 ptis
1530 305 1707 377 Pharaonis3
1737 325 1801 365 ma-

49 388 88 445 nit
108 382 180 453 (cap.
207 380 259 451 vl:
288 380 379 438 Nolite
399 383 502 449 putare
538 381 606 448 puio
637 395 683 448 epo
718 385 895 434 accusaturus
950 380 1106 446 piselipens
1131 379 1222 445 afdipi
1245 392 1304 431 cara
1328 377 1429 445 populo
1454 379 1514 445 Dei,
1539 394 1621 443 qaam
1641 381 1798 449 temporalis

50 464 104 514 sim
119 468 166 508 uos
181 452 257 523 apud
277 453 395 507 Putrem.
424 453 474 505 Est
501 452 549 516 eui
574 466 621 505 uos
642 457 748 506 accuset
775 452 895 521 llopses,
947 452 1055 520 peccati
1084 449 1183 503 hahere
1207 447 1433 514 jucunditatem
1454 450 1572 515 maiores
1592 450 1705 507 diuitias
1727 455 1800 507 asti·

50 537 105 587 etc.
131 525 162 580 Si
185 538 248 592 erpo
277 521 422 577 mederetis
441 521 545 592 Mopsi,
562 521 706 576 crederetis
733 523 854 589 tersitae
872 526 897 575 et
952 518 1376 588 manethescureAEppptioram
1398 520 1544 587 imperium
1566 519 1678 576 Christi.
1711 522 1802 593 Aspi-

50 597 129 656 mihi.
151 596 182 652 Si
200 599 292 648 autem
318 592 393 646 illius
421 592 519 647 litteris
545 608 601 647 non
622 593 741 658 credilis,
765 591 898 662 quomodo
953 592 1040 646 cubat
1064 592 1175 646 eumin
1203 593 1253 645 liei
1281 593 1537 645 remunerationem.
1563 591 1595 645 ln
1614 591 1668 648 hoc
1681 601 1802 663 apparet

50 668 141 726 cabis
165 667 230 720 meis
253 661 399 719 credetis?
423 665 463 717 se
478 662 621 720 sidicat:
651 664 708 728 Qui
726 677 785 720 nen
808 662 898 719 credit
953 662 1120 730 certissime,
1135 663 1273 732 quoniam
1295 661 1396 717 beatus
1413 661 1522 716 Paulus
1540 661 1575 718 de
1590 661 1696 732 Moyse,
1723 664 1802 721 etde

50 735 259 798 verbaveteris
282 734 363 805 legis,
379 741 407 789 et
430 735 460 790 in
476 733 531 789 lide
560 748 613 791 saa
627 748 685 790 non
707 734 809 805 recipit
832 746 897 789 ver·
953 733 1016 804 lege
1039 731 1138 802 bleysi,
1171 737 1199 788 et
1227 732 1261 786 de
1275 732 1331 788 beo
1352 731 1538 787 llebraeorum
1558 745 1617 787 non
1641 731 1801 803 diffidebat,

50 806 263 879 baErangetii,
279 806 415 862 adanam
429 804 554 860 salutem
573 805 689 861 credere
713 805 758 861 vel
773 805 899 875 recipere
954 803 1007 860 Sed
1030 804 1145 874 lloysen
1180 810 1313 859 sanctum
1336 810 1364 858 et
1391 802 1512 868 benum,
1541 810 1569 858 et
1609 802 1700 875 legem
1733 818 1801 861 san·

51 896 113 940 non
136 885 238 949 potest.
263 877 334 933 ltem
356 876 387 931 in
415 875 575 946 Evangelio
603 876 764 933 secundum
792 875 898 930 Lucam
954 881 1030 931 ctam
1058 881 1086 930 et
1120 874 1236 940 bonam,
1270 882 1298 929 et
1334 874 1427 930 Deum
1458 873 1647 930 Hebraeorum
1670 875 1804 947 omnipo-

52 954 126 1025 (eap.
142 947 173 1021 x)
186 965 193 1004 ε
207 951 338 1003 deminus
365 944 440 1001 dicit
460 946 571 1001 cuidam
583 947 651 1015 lepis
662 945 754 1016 perito
768 961 797 1002 se
809 948 899 1000 inter-
954 948 1061 1003 unum
1072 946 1165 1002 Deum
1179 944 1275 1003 verbis
1289 944 1447 1010 asserebat,
1456 952 1486 1001 et
1498 944 1586 1001 corde
1598 944 1744 1002 credebat.

51 1023 176 1093 repenti,
193 1019 261 1089 quid
275 1020 367 1086 tecue
383 1017 490 1072 deberet
510 1023 542 1072 at
563 1019 650 1071 uitam
665 1022 795 1072 aternam
809 1019 897 1086 possi·
1291 1013 1408 1072 CAPUT
1429 1015 1461 1072 V.

54 1097 141 1160 deret,
171 1105 293 1161 querens
308 1089 343 1143 ab
356 1103 385 1144 ee
399 1087 468 1157 quid
481 1093 560 1155 esset,
576 1090 711 1157 scriptam
728 1088 837 1157 taleae.
851 1087 901 1142 lile
990 1085 1122 1143 Haeretici
1155 1087 1314 1142 secundum
1340 1087 1495 1142 datianum
1538 1085 1720 1154 haereticum,
1751 1085 1804 1158 qni

51 1167 146 1238 perite
166 1160 345 1232 respondem,
365 1159 499 1214 dieitei:
526 1159 629 1226 Dilipes
650 1162 793 1214 Dominam
816 1162 902 1214 Deum
955 1157 1176 1214 matrimonium
1200 1157 1367 1222 damnabat,
1390 1170 1475 1213 omne
1496 1157 1717 1215 matrimonium
1744 1171 1806 1215 ms·

54 1243 177 1293 caumes
191 1237 244 1288 teta
264 1230 344 1287 cade
364 1231 639 1300 temptantemque
659 1230 705 1286 illi
723 1231 813 1298 lesus,
830 1234 902 1284 recte
956 1229 998 1285 ris
1009 1235 1037 1284 et
1052 1228 1165 1284 leminae
1180 1227 1341 1285 adinvicem
1366 1228 1592 1294 commiscentes
1616 1228 1698 1285 nullo
1719 1229 1805 1286 modo

54 1305 234 1378 respondisti,
255 1301 304 1358 hoe
331 1303 389 1369 tac,
412 1302 533 1356 elaces.
547 1300 574 1356 Si
598 1301 677 1358 enim
706 1301 753 1358 lex
779 1300 902 1373 lloysia
956 1313 1039 1371 possa
1067 1299 1174 1355 salvari
1196 1298 1297 1355 dicunt
1324 1305 1353 1355 et
1380 1299 1512 1356 credunt.
1539 1299 1593 1355 Sed
1618 1298 1688 1356 huic
1713 1299 1805 1358 errori

55 1380 114 1437 Dee
131 1376 200 1433 data
226 1388 286 1431 neu
316 1371 427 1440 luisset,
451 1386 604 1443 nunquam
633 1370 764 1429 Christus
798 1385 850 1442 pre
868 1384 903 1427 ea
957 1369 1050 1428 multa
1081 1369 1245 1426 testimonia
1278 1369 1446 1426 divinarum
1488 1369 1704 1441 Scripturaram
1730 1369 1806 1428 Novi

56 1444 239 1507 observanda
266 1443 359 1501 vitam
384 1442 569 1512 promisisset.
594 1443 665 1499 ltem
689 1443 719 1498 in
733 1443 833 1498 eedem
848 1442 901 1497 De·
956 1448 984 1498 et
1009 1440 1115 1496 Veteris
1138 1441 1309 1497 Testamenti
1331 1448 1400 1497 sunt
1428 1443 1583 1497 contraria.
1610 1440 1740 1498 liabetur
1772 1440 1804 1498 in

10 1525 12 1536 ’
55 1521 156 1577 minus
182 1522 307 1572 testatur
333 1513 405 1585 (cap.
434 1515 497 1584 xvi)
515 1529 523 1568 ε
538 1513 647 1571 Habent
671 1515 783 1583 llepsen
796 1517 821 1568 et
833 1527 902 1582 pre·
958 1511 1117 1583 Evangelio
1155 1512 1316 1569 secundum
1346 1511 1526 1578 llatthaeum,
1560 1512 1639 1582 quod
1663 1512 1805 1569 Dominus

51 1592 164 1662 phetas,
179 1586 298 1641 audiant
319 1587 393 1640 illes.
416 1585 449 1641 ln
471 1584 526 1642 hoc
542 1591 662 1655 apparet
676 1584 755 1655 quod
769 1584 941 1673 observa-B
958 1583 1111 1638 Pbarismis
1135 1596 1165 1639 se
1192 1582 1438 1653 interrogantibus
1459 1583 1533 1639 dixit
1563 1584 1632 1654 (cap.
1669 1585 1731 1652 xix)
1747 1597 1755 1639 :
1772 1583 1805 1639 st

57 1663 98 1718 tio
112 1658 185 1730 legis
200 1655 517 1728 etpropbetarum'non
534 1655 673 1726 permittit
695 1655 840 1712 bominem
862 1655 904 1711 ire
960 1654 1021 1708 licet
1042 1653 1149 1708 homini
1175 1654 1313 1708 dimittere
1331 1669 1445 1708 uaerem
1473 1669 1552 1708 saum
1580 1669 1743 1725 quacunque
1769 1669 1805 1709 ec

56 1732 94 1789 ad
112 1741 263 1802 paenarum
274 1726 336 1783 loca
346 1725 461 1783 interni.
471 1727 543 1782 ltem
560 1726 590 1782 in
600 1725 699 1782 eodem
709 1724 784 1797 (cap.
795 1726 902 1794 xxcvi:
960 1723 1074 1801 eausa?
1105 1724 1160 1789 Qui
1194 1725 1371 1794 respondens
1394 1725 1436 1781 ait
1471 1725 1555 1781 aliis:
1583 1727 1645 1782 Non
1687 1726 1802 1793 leemas,

57 1804 125 1861 Cum
152 1799 275 1857 Christus
296 1798 491 1854 resurrexisset
517 1798 673 1863 amortuis,
693 1797 797 1853 dnobus
820 1798 904 1853 disci-
960 1799 1030 1863 qaia
1058 1796 1106 1864 pai
1123 1796 1189 1863 tecit
1217 1796 1251 1849 alr
1268 1797 1359 1862 initio,
1385 1797 1537 1851 masculam
1560 1800 1586 1850 et
1609 1798 1740 1861 laninam
1762 1798 1804 1864 te-

56 1873 133 1944 pulis
155 1869 281 1925 euntibus
308 1870 339 1924 in
367 1869 509 1924 castellam
533 1871 673 1934 Emmaus,
698 1883 835 1938 apparens
864 1868 905 1921 le·
960 1869 997 1922 cit
1019 1881 1072 1931 eos,
1100 1870 1126 1920 et
1148 1866 1244 1921 dicit:
1275 1868 1390 1940 Propter
1414 1868 1461 1922 hoc
1496 1868 1617 1921 dimittet
1648 1868 1726 1922 home
1751 1881 1804 1936 pa·

58 1959 118 2013 pem
139 1944 298 2011 testificans,
332 1939 429 1994 dicit:
470 1942 566 1997 Nonne
595 1941 650 1994 huc
673 1941 814 2008 opportuit
845 1940 906 2006 pati
962 1942 1075 1992 tremet
1097 1943 1223 2000 matrem,
1248 1941 1274 1991 et
1302 1937 1450 1992 adherebit
1471 1941 1554 1993 acori
1575 1953 1641 2004 sua,
1672 1942 1698 1993 et
1724 1942 1807 1993 erant

58 2015 204 2078 Christum,
220 2016 245 2066 et
270 2013 313 2066 ita
324 2012 430 2066 intrare
450 2011 480 2064 iu
504 2011 619 2079 pieriam
646 2010 753 2065 suam‘l
770 2013 807 2065 lit
836 2011 904 2063 inei-
961 2009 1015 2063 dae
1041 2008 1072 2062 in
1092 2023 1172 2062 carne
1199 2023 1264 2062 aaa.
1288 2009 1387 2077 ltaque
1410 2010 1471 2077 jam
1496 2025 1552 2063 non
1580 2013 1644 2064 sant
1669 2008 1733 2078 due,
1758 2007 1807 2064 sed

57 2090 138 2156 piens
153 2101 170 2138 a
184 2084 276 2150 Mopse
304 2086 329 2136 et
352 2081 475 2137 omnihus
498 2081 650 2150 prophetis,
673 2080 906 2150 interpretabatur
962 2094 1114 2134 auocare.
1148 2078 1225 2143 Quod
1250 2094 1312 2146 erpo
1337 2082 1408 2134 Deae
1445 2081 1600 2148 conjacuit,
1642 2081 1719 2135 homo
1751 2094 1806 2135 non

58 2157 115 2211 illis
130 2153 458 2234 inemaibusscriptaris
473 2153 577 2219 quade
591 2156 651 2222 ipso
676 2156 764 2211 erant.
781 2151 808 2207 Si
828 2152 905 2207 enim
961 2154 1080 2219 separet,
1102 2154 1127 2204 et
1154 2151 1285 2216 {eminam
1301 2152 1438 2205 similiter.
1463 2150 1515 2206 Sed
1542 2164 1626 2206 omne
1648 2150 1726 2222 qnod
1750 2150 1806 2206 im·

60 2229 129 2283 data
141 2232 215 2282 esset
240 2224 286 2280 lex
311 2223 456 2280 adrabolo
483 2223 580 2293 lloysi,
609 2236 761 2293 nunquam
776 2221 905 2279 Christus
962 2221 1039 2290 pedit
1062 2221 1207 2284 bominem
1233 2233 1250 2275 a
1278 2222 1337 2276 vita
1362 2228 1469 2277 aeterna
1497 2220 1607 2277 malum
1627 2229 1680 2292 est,
1708 2220 1758 2278 sed
1781 2221 1806 2278 si

57 2299 120 2356 suis
134 2295 285 2365 discipulis
298 2308 362 2350 cam
381 2295 495 2350 doceret
509 2300 536 2348 et
563 2294 811 2363 interpretaretur.
834 2293 905 2349 ltem
962 2292 1072 2347 malum
1101 2300 1175 2348 esset
1211 2291 1441 2360 matrimonium,
1487 2306 1641 2362 nunquam
1675 2290 1807 2349 Christus

59 2370 91 2425 in
105 2368 204 2424 eodem
219 2367 328 2422 Veritas
348 2365 441 2420 dixit:
466 2365 600 2431 Quoniam
611 2379 716 2420 necesse
737 2369 777 2420 eet
796 2365 906 2434 impleri
962 2362 1126 2433 prohiberet
1163 2364 1301 2432 separari,
1341 2378 1394 2419 nec
1421 2362 1507 2419 etiam
1542 2364 1725 2431 consentiret,
1754 2363 1806 2434 qul

58 2442 152 2495 omnia
174 2453 234 2504 qna
247 2436 353 2504 scripta
366 2439 430 2490 sant
450 2437 481 2490 in
509 2436 565 2503 leae
593 2437 690 2503 biopsi,
715 2442 740 2491 et
753 2437 904 2505 prophetis,
961 2433 1077 2489 nullum
1091 2433 1200 2489 malum
1224 2435 1374 2490 censentit.
1390 2435 1460 2489 ltem
1476 2433 1506 2489 in
1525 2435 1621 2491 blarco
1649 2434 1684 2491 de
1706 2434 1807 2490 eodem

59 2516 86 2566 et
98 2510 216 2579 psalmis
240 2508 338 2562 deme.
359 2508 430 2564 ltem
444 2505 474 2560 in
490 2506 645 2577 Evangelio
659 2506 819 2562 seeundum
833 2507 906 2563 blat-
963 2504 1034 2575 (cap.
1050 2503 1080 2574 x)
1097 2519 1103 2558 :
1121 2506 1165 2559 Ab
1179 2506 1259 2559 initio
1279 2510 1370 2559 autem
1392 2508 1524 2560 ereatura
1548 2505 1698 2560 masculum
1719 2509 1745 2560 et
1766 2506 1808 2572 te·

59 2582 179 2647 tbaeum,
222 2580 372 2643 Dominus,
409 2576 561 2632 pharisaeis
588 2576 785 2647 quarentibus
814 2590 907 2647 quare
962 2577 1197 2641 minarnteciteos
1213 2579 1294 2642 beers,
1316 2585 1373 2631 etc.
1405 2576 1476 2631 item
1498 2575 1528 2630 in
1546 2575 1805 2647 Lacamleap.1):

60 2650 195 2721 discipuli
208 2649 272 2720 eius
296 2646 463 2705 traditiones
475 2648 621 2703 seniorum
638 2646 905 2718 transgrediuntur,
960 2648 1025 2701 Fuit
1050 2647 1080 2699 in
1108 2646 1202 2701 diebus
1230 2646 1347 2701 Heredis
1367 2650 1439 2713 repis
1466 2646 1569 2701 dadae
1594 2646 1719 2703 sacerdes
1746 2649 1808 2712 pai·

60 2723 141 2779 dicit.
158 2721 220 2794 (cap
244 2719 317 2790 xvi:
346 2721 382 2774 nt
409 2733 494 2783 quare
519 2733 566 2772 ees
589 2719 815 2786 trauspredimini
830 2734 908 2773 man·
962 2717 1027 2772 dam
1065 2719 1174 2771 nomine
1200 2718 1346 2771 Zacharias
1376 2717 1676 2784 desiderabimus.
1716 2719 1807 2773 lirant

60 2793 156 2848 datum
172 2793 225 2847 Dei
235 2794 349 2860 prepter
374 2789 550 2843 traditionem
575 2789 714 2844 uestram?
739 2790 811 2848 llam
835 2793 906 2845 beers
962 2792 1054 2842 autem
1068 2789 1229 2857 ambesusti
1244 2793 1307 2843 ante
1328 2790 1420 2856 Deum,
1449 2788 1603 2844 incedentes
1623 2790 1654 2843 in
1680 2789 1806 2844 omnium

61 2864 136 2919 elicit
154 2882 165 2917 .·
201 2864 313 2917 Honora
339 2865 446 2929 patrem
474 2865 552 2914 taum
578 2866 603 2915 et
622 2865 736 2914 matrem
757 2864 844 2915 tuam.
871 2862 909 2916 Et
962 2859 1111 2926 mendatis,
1143 2864 1169 2914 et
1191 2859 1437 2929 justificationibus
1472 2862 1581 2914 Domini
1603 2861 1660 2914 sine
1684 2861 1804 2926 querela.

62 2936 219 3005 pumanpue
242 2931 416 2987 maledixerit
439 2931 515 2999 patri
528 2929 677 2998 aelmatri,
706 2934 907 2986 mortemeria·
963 2929 1123 3000 Sequitur:
1147 2932 1247 3000 Itaque
1271 2946 1332 2985 cum
1355 2931 1428 2998 justi
1456 2935 1544 2998 ment,
1574 2930 1760 2998 salvabantur,
1780 2934 1807 2986 et

63 3012 117 3061 tur.
136 3006 352 3061 Etcertumest
373 3001 427 3057 hoc
449 3002 645 3058 testimonium
666 3003 702 3058 de
726 3003 788 3075 lege
806 3002 906 3072 Moysi,
962 3017 1017 3055 nen
1031 3007 1090 3055 erat
1114 3002 1189 3071 titius
1217 3003 1285 3069 illis,
1313 3016 1343 3055 eo
1364 3005 1438 3067 qued
1463 3006 1531 3056 esset
1562 3002 1702 3057 Elisabeth
1727 3003 1807 3057 steri·

62 3086 90 3132 et
104 3075 236 3133 Christus
251 3073 324 3130 dixit
336 3073 390 3129 boc
402 3071 627 3129 testimeniuma
642 3073 699 3129 beo
721 3088 782 3130 esse
797 3072 908 3129 dictum
962 3073 1008 3139 lis,
1022 3077 1047 3126 et
1062 3073 1140 3127 ambo
1152 3077 1350 3141 precessissent
1364 3074 1393 3126 in
1403 3072 1498 3127 dadae
1513 3073 1581 3127 sais.

64 3148 216 3203 etdatum.
232 3146 272 3200 Er
293 3158 309 3200 ο
327 3143 404 3200 lexa
426 3144 566 3200 Deedata
587 3152 639 3200 est.
656 3144 726 3201 ltem
742 3143 909 3201 indutibus
997 3143 1032 3198 lit
1063 3150 1106 3199 est
1133 3144 1294 3200 notandum
1324 3143 1404 3214 quod
1433 3157 1491 3199 non
1523 3142 1601 3198 stetit
1633 3142 1806 3212 pervisum

63 3217 261 3286 apostolerum
303 3215 389 3270 aulus
407 3213 447 3270 ait
461 3215 531 3285 (cap.
558 3220 636 3280 mvi:
663 3218 809 3270 annuntio
831 3216 907 3270 eoba
961 3213 1109 3284 quodnon
1125 3213 1243 3270 baberet
1258 3214 1350 3270 filium
1363 3228 1372 3283 ;
1397 3215 1446 3269 sed
1471 3228 1520 3283 per
1549 3212 1711 3280 mulierem,
1735 3213 1806 3285 quia

62 3291 159 3355 Deam,
183 3287 232 3354 pai
258 3286 324 3352 tecit
346 3285 450 3349 calum,
473 3284 616 3348 mundam,
642 3291 667 3340 et
693 3290 787 3342 emnia
805 3288 908 3355 quain
961 3283 1065 3341 sterilis
1080 3293 1151 3342 erat.
1169 3287 1202 3339 Et
1223 3285 1345 3356 angelus
1368 3284 1484 3340 Domini
1500 3297 1642 3355 apparens
1660 3284 1807 3341 Zacharia

63 3375 93 3413 eo
111 3362 186 3412 sant.
203 3354 256 3411 llic
279 3354 344 3412 eoeli
370 3361 398 3409 et
412 3359 496 3409 terrae
510 3369 579 3411 cam
604 3358 641 3411 sit
669 3356 818 3414 Dominus.
835 3357 907 3413 ltem
962 3356 993 3410 in
1021 3356 1126 3426 templo
1154 3356 1229 3412 dixit
1264 3356 1290 3411 ei
1328 3355 1422 3426 (ibid.)
1458 3358 1499 3412 lte
1529 3359 1624 3411 timeas
1657 3356 1802 3425 Zacharm,

64 3429 172 3484 Paulus
186 3426 216 3482 in
231 3426 341 3492 eedem,
357 3437 503 3480 excusans
519 3439 549 3481 se
574 3425 714 3481 adversus
740 3427 855 3482 ludaees
873 3428 908 3483 de
961 3429 1117 3480 auorenim
1133 3431 1181 3480 tua
1203 3428 1294 3496 periet
1321 3427 1372 3481 tibi
1396 3428 1494 3494 titiam,
1519 3432 1544 3480 et
1571 3427 1680 3482 vocabis
1706 3443 1805 3485 nemen

65 3500 119 3567 luis,
136 3500 170 3555 de
185 3497 293 3568 quibus
308 3494 500 3552 accusabatur
515 3501 581 3551 ante
608 3495 728 3552 Felicem
778 3497 909 3553 raesidem
963 3496 1021 3564 ejas
1035 3498 1177 3559 loannem,
1206 3504 1263 3552 etc.
1291 3498 1354 3551 Erit
1368 3499 1440 3550 enim
1463 3512 1578 3563 maanus
1603 3514 1695 3553 ceram
1712 3500 1808 3556 Demi-

64 3571 211 3635 Caesareae,
227 3567 296 3623 dicit
315 3566 386 3638 (cap.
416 3566 497 3636 xxm)
514 3581 521 3621 :
536 3566 669 3636 Confiteor
683 3566 735 3620 tibi
787 3581 811 3632 c,
836 3567 909 3636 qued
962 3581 1007 3631 no,
1027 3574 1081 3622 etc.
1105 3566 1177 3622 ltem
1204 3566 1315 3636 (itiam
1343 3566 1420 3621 Unde
1447 3566 1495 3620 hec
1520 3572 1628 3623 sciam?
1643 3572 1701 3637 Epo
1733 3573 1806 3626 enim

63 3641 211 3697 secandam
237 3642 348 3705 sectam,
385 3653 468 3706 quam
507 3638 597 3693 iudai
635 3638 732 3692 dicant
776 3638 907 3706 heresim,
962 3652 1126 3701 samsenea,
1142 3640 1168 3691 et
1185 3652 1256 3692 uuor
1279 3652 1340 3691 mea
1356 3639 1487 3705 precessit
1510 3639 1541 3690 in
1567 3638 1662 3692 dabas
1680 3641 1748 3695 suis.
1773 3642 1808 3698 Et

64 3715 103 3767 sie
127 3711 249 3766 deservio
276 3710 355 3764 mode
378 3710 468 3775 Patri,
505 3709 617 3764 credens
643 3708 768 3764 omnibus
793 3725 853 3790 pua
878 3712 909 3765 in
962 3714 1030 3763 nota
1046 3708 1118 3779 quia
1132 3707 1186 3764 boe
1200 3708 1283 3775 dixit,
1300 3721 1358 3763 non
1373 3706 1492 3786 credens
1507 3707 1604 3763 verbis
1623 3708 1719 3779 angeli
1739 3722 1807 3779 pro·
1884 3770 1887 3776 ,

65 3783 122 3852 leae
134 3787 159 3837 et
172 3780 313 3850 prophetis
347 3781 451 3850 scripta
473 3784 549 3834 sunt.
574 3781 645 3837 ltem
669 3779 779 3836 Paulus
794 3795 825 3836 rn
842 3780 910 3850 Epi·
962 3787 1027 3849 pter
1043 3779 1144 3835 uxoris
1159 3785 1345 3846 senectutem,
1360 3777 1430 3849 quia
1444 3790 1507 3846 ipsa
1528 3785 1712 3846 precesserat
1734 3793 1805 3837 oon-

64 3853 137 3911 stola
153 3854 189 3908 ad
206 3853 360 3917 Romanos,
371 3851 497 3919 capitulo
509 3865 565 3907 sur
580 3866 588 3905 ι
604 3851 651 3907 Aa
668 3853 800 3917 ianuam
827 3851 908 3919 dieie,
963 3849 1106 3918 captivam
1115 3855 1237 3905 atatem.
1265 3850 1361 3905 ltem:
1387 3848 1540 3904 innuebant
1564 3850 1641 3918 patri
1668 3848 1727 3918 eius
1752 3864 1806 3917 pao

64 3927 108 3980 lea
132 3929 275 3993 peccatum
295 3923 368 3976 est?
403 3920 504 3977 Absitl
529 3923 574 3977 lea
609 3921 718 3991 quidem
750 3926 846 3978 sancta
883 3928 910 3978 et
962 3920 1091 3980 cacabate
1104 3924 1293 3976 nocareteum.
1312 3918 1499 3988 evangelista
1512 3934 1572 3977 nou
1594 3926 1712 3977 vocaret
1736 3934 1806 3978 eum

64 3997 144 4063 bena,
159 4001 184 4050 et
199 3993 361 4049 mandatam
373 3997 508 4055 sanctam,
523 3998 550 4047 et
564 3993 682 4062 justam,
699 3998 726 4049 et
741 3993 849 4049 benum.
963 3998 1073 4068 patrem
1090 3992 1144 4048 nisi
1165 3991 1260 4047 lilium
1276 3991 1403 4048 baberet.
1422 3990 1509 4047 Nemo
1523 3990 1601 4048 enim
1648 3997 1721 4049 otest
1742 4005 1806 4049 esse

398 4062 514 4121 CAPUT
530 4063 576 4120 lv.
962 4070 1045 4138 pater
1058 4062 1209 4130 naturalis,
1236 4063 1294 4118 nisi
1309 4063 1401 4119 lilium
1416 4061 1578 4118 naturalem
1593 4062 1631 4118 ha
1687 4068 1708 4120 t.
1724 4063 1806 4121 item

99 4135 194 4193 Etiam
208 4142 277 4192 sunt
295 4134 416 4206 quidam
431 4134 567 4201 heretici,
582 4133 635 4204 qui
656 4134 773 4205 bloysen
788 4148 909 4207 magum
963 4134 1116 4190 zachariae
1146 4139 1230 4204 pater
1252 4135 1312 4204 ejas
1344 4133 1463 4204 repletas
1490 4139 1533 4189 est
1559 4135 1669 4203 spirita
1696 4140 1804 4190 saneta.

63 4207 152 4264 faisse
184 4213 326 4275 asserunt,
364 4214 392 4262 et
420 4205 644 4275 omnipotentem
676 4206 768 4264 Deum
805 4220 865 4264 non
883 4205 910 4262 ei
964 4205 1036 4261 Ecce
1058 4206 1135 4262 trina
1159 4204 1340 4277 paternitatis
1365 4204 1529 4272 altirmatio,
1562 4212 1590 4261 et
1614 4206 1807 4277 Evangelinm

63 4279 151 4337 luisse
174 4278 314 4342 locutum,
331 4290 384 4356 nec
403 4275 429 4331 ei
448 4276 558 4333 dedisse
573 4276 675 4347 legem.
691 4277 796 4334 Contra
820 4290 907 4357 quem
923 4301 947 4361 ὓ
964 4288 1021 4331 non
1036 4276 1130 4333 aulert
1144 4280 1193 4340 eis,
1210 4276 1283 4346 quin
1298 4276 1358 4332 sint
1378 4275 1451 4346 justi
1466 4277 1551 4332 ambo
1568 4285 1634 4334 ante
1648 4276 1740 4334 Deum
1754 4290 1807 4349 pre

63 4364 189 4407 errorem
213 4347 322 4405 Paulus
350 4360 380 4401 tn
408 4346 537 4416 Epistola
560 4347 596 4403 ad
623 4347 755 4404 Hebraeos
781 4347 907 4417 scripsit,
982 4348 1146 4403 eneratione
1163 4347 1225 4413 filii,
1249 4347 1272 4403 si
1295 4346 1473 4403 incedentia
1498 4347 1634 4405 omnibus
1664 4347 1808 4404 mandatis

63 4421 160 4477 dicens
189 4419 261 4490 (cap.
288 4417 307 4489 ι)
326 4434 332 4472 :
351 4418 518 4484 Maltifarie,
546 4420 695 4487 maltispae
719 4419 808 4475 modis
844 4419 909 4474 olim
1007 4417 1078 4473 mini
1095 4438 1103 4483 3
1118 4432 1171 4474 nee
1185 4417 1216 4474 in
1228 4418 1320 4475 Veteri
1333 4419 1521 4486 Testamenta,
1536 4425 1563 4473 et
1579 4420 1608 4474 in
1622 4419 1713 4475 Nova.
1734 4419 1805 4475 ltem

62 4495 132 4547 beas
147 4488 393 4559 locutaspatriias
412 4491 443 4542 in
466 4489 639 4557 prophetis:
678 4493 824 4546 novissime
851 4491 908 4544 die·
963 4488 993 4542 in
1018 4488 1146 4556 Epistola
1173 4489 1208 4545 ad
1233 4487 1395 4546 Corinthios
1421 4489 1513 4557 prima
1541 4490 1704 4558 Apostolus,
1733 4490 1807 4547 dans

64 4563 114 4617 bas
141 4565 203 4618 istis
228 4563 389 4617 locatasest
414 4559 492 4613 nobis
513 4564 542 4613 in
560 4561 638 4614 Filio.
659 4559 711 4616 Sed
736 4563 844 4632 Moyses
866 4568 909 4617 est
962 4558 1116 4615 consilium
1135 4557 1271 4616 fidelibus
1300 4557 1483 4626 Christianis,
1510 4558 1585 4615 dixit
1618 4560 1690 4632 (cap.
1721 4561 1805 4631 vu):

62 4648 142 4690 unus
154 4647 191 4690 ex
207 4631 363 4702 prophetis,
376 4629 485 4701 quibus
501 4630 578 4685 Deus
593 4630 706 4686 locutus
720 4639 771 4688 est.
797 4631 909 4687 Dicitur
963 4630 1082 4700 Propter
1095 4633 1301 4696 seminationem
1324 4628 1512 4700 unusquisque
1528 4646 1606 4686 suam
1628 4647 1739 4687 meren
1754 4633 1808 4687 he-

63 4712 89 4761 et
112 4705 203 4760 tidelis
229 4705 259 4760 in
287 4702 418 4769 Domino,
446 4701 491 4756 cui
518 4701 593 4756 beas
617 4701 731 4757 locutas
758 4708 810 4758 est.
836 4703 907 4759 item
963 4701 1034 4767 beat,
1050 4708 1075 4756 et
1090 4704 1362 4771 anaqaepaeairam
1385 4716 1474 4755 saum.
1497 4701 1550 4757 Vir
1569 4705 1651 4757 areeri
1672 4718 1729 4757 sera
1756 4703 1806 4758 de-

63 4775 205 4831 incudem
229 4775 301 4843 (cap.
327 4773 369 4841 ru)
386 4798 391 4827 :
408 4773 501 4828 Omnis
525 4788 642 4838 namque
665 4772 760 4827 domas
788 4773 908 4839 fabrica·
962 4772 1049 4827 bitum
1063 4773 1171 4839 reddat,
1197 4774 1328 4828 similiter
1346 4778 1371 4827 et
1396 4787 1468 4827 aecer
1481 4777 1551 4829 uiro.
1567 4773 1666 4829 Mulier
1688 4777 1734 4828 sai
1747 4788 1808 4829 cer·

64 4852 111 4900 tar
137 4848 172 4901 ad
197 4847 298 4912 alique.
327 4844 380 4910 Qui
401 4848 491 4898 autem
518 4846 611 4897 omnia
635 4845 737 4898 meavit
764 4847 906 4900 beasset.
958 4847 1038 4913 peris
1054 4850 1214 4914 potestatem
1237 4860 1290 4898 stoa
1314 4845 1405 4910 habet,
1429 4843 1477 4898 sed
1489 4848 1541 4898 air.
1565 4845 1699 4901 Similiter
1714 4850 1807 4900 autem

62 4917 99 4973 Et
127 4917 237 4987 bloyses
266 4916 382 4986 quidem
411 4915 579 4970 fideliserat
601 4915 632 4971 in
659 4914 816 4970 totadomo
844 4915 908 4987 ejus
962 4921 987 4968 et
1001 4918 1045 4969 vir
1059 4917 1103 4970 sai
1116 4920 1237 4984 eorporis
1258 4920 1420 4985 potestatem
1433 4931 1489 4970 non
1515 4915 1604 4983 habet,
1626 4917 1675 4971 sed
1697 4918 1804 4972 mulier.

10 5022 12 5028 ,
62 4986 391 5057 tanquamiamulusin
406 4985 602 5041 testimenium
618 4999 718 5041 eorum
751 4986 908 5042 verborum
960 4987 1048 5041 Nolite
1064 4987 1199 5054 fraudare
1225 4991 1350 5055 invicem,
1379 4989 1436 5041 nisi
1454 4989 1528 5052 torte
1554 5003 1588 5040 ea
1610 5002 1742 5042 censensu
1767 4986 1806 5042 ad

62 5073 128 5129 que
147 5058 268 5116 dicenda
290 5063 381 5112 erant.
413 5055 545 5112 Christus
571 5070 639 5112 vero
667 5063 715 5111 tan
738 5069 807 5112 nam
831 5057 908 5114 filius
962 5062 1124 5125 tempnunt
1140 5060 1240 5113 aaeetis
1257 5061 1385 5126 oratiam,
1411 5057 1514 5113 idest:
1532 5057 1624 5115 Nolite
1647 5059 1803 5126 continere,

62 5131 92 5186 in
108 5130 192 5186 demo
205 5142 269 5184 sua.
287 5127 470 5194 Quadomus
484 5141 588 5183 sumus
616 5142 667 5183 nos
682 5128 704 5184 si
718 5071 859 5184 (lrduciam
879 5139 907 5186 et
962 5129 1049 5184 altero
1067 5129 1190 5186 nolente.
1219 5131 1287 5185 item
1315 5132 1344 5185 in
1371 5129 1470 5184 eodem
1486 5128 1581 5200 (ibid.)
1599 5144 1605 5184 :
1629 5132 1693 5184 bico
1714 5134 1807 5185 autem

62 5198 258 5270 gloriamspei
287 5212 381 5268 usque
406 5198 545 5253 adfinem
575 5198 688 5254 firmant
718 5198 906 5257 retineamus.
961 5216 1014 5254 nort
1032 5201 1286 5270 nuptisetoieluis:
1303 5201 1535 5270 Sicpermaneant
1563 5199 1636 5255 sicut
1651 5208 1708 5267 epo.
1727 5199 1806 5268 Quod

59 5270 216 5340 Apostolus
235 5283 303 5325 vere
330 5282 389 5324 non
418 5283 485 5324 eum
512 5282 642 5339 magum,
668 5269 717 5325 sed
740 5269 853 5326 fidelem
877 5272 907 5328 in
961 5273 985 5325 si
998 5287 1052 5326 nea
1077 5275 1225 5336 contineat,
1253 5272 1368 5327 nabent.
1396 5270 1494 5327 ileliae
1525 5271 1702 5339 estundere,
1722 5287 1806 5342 paam

61 5344 147 5400 doure
161 5339 213 5396 liei
240 5354 301 5396 esse
330 5338 473 5396 lamulum
489 5346 619 5396 testatur.
647 5339 718 5397 ltem
738 5340 850 5411 Moyses
876 5341 907 5398 in
961 5344 1074 5398 ariflis
1097 5348 1198 5411 autem,
1222 5346 1270 5414 pai
1298 5345 1474 5398 matrimonio
1488 5343 1581 5412 juncti
1609 5347 1683 5410 sant,
1711 5344 1807 5413 praei

61 5413 163 5469 multis
181 5409 295 5480 scriptis
323 5410 396 5467 Novi
423 5418 451 5467 et
466 5410 575 5469 Veteris
590 5412 775 5479 Testamenti,
791 5425 825 5469 ac
838 5426 906 5541 gug-
956 5415 1006 5483 pie
1017 5429 1070 5469 non
1085 5429 1143 5482 epo,
1158 5415 1208 5470 sed
1235 5415 1376 5483 Dominus,
1390 5428 1536 5469 aserema
1561 5417 1621 5470 uiro
1648 5428 1704 5471 non
1719 5414 1808 5469 disee

61 5485 225 5555 puetarum,
239 5482 392 5539 amicuset
408 5480 500 5539 tidelis
522 5481 574 5539 Dei
594 5483 710 5541 dicitur.
735 5482 815 5541 Sient
961 5483 1131 5550 dere.de
1158 5487 1184 5540 si
1196 5486 1363 5556 deusserat,
1387 5499 1499 5540 maome
1511 5487 1670 5555 innuptam,
1686 5485 1809 5540 aatmro

59 5563 107 5615 tas
124 5552 234 5612 Paulus
253 5553 284 5613 in
308 5551 436 5627 Epistola
450 5552 487 5612 ad
512 5552 647 5615 Hebraeos
671 5554 708 5614 ds
729 5568 762 5615 eo
776 5568 904 5615 comme
959 5571 1009 5614 sae
1036 5557 1218 5615 remeabam.
1248 5558 1321 5616 item
1347 5553 1504 5628 sequitur:
1524 5555 1557 5611 si
1580 5560 1641 5624 quis
1660 5568 1722 5623 erno
1746 5565 1803 5608 aaa
