3804 5962
99 239 152 312 aar
389 244 490 301 rursu
510 246 697 301 loannem
716 245 791 301 om.
812 244 902 302 unns
921 243 960 301 ιι.
979 274 1015 288 -
1032 243 1216 303 senuouns
1230 247 1272 302 nr
1288 246 1408 307 orusc.
1430 248 1552 308 nscnu
1795 230 1849 311 eis

95 391 183 437 cens:
214 373 301 432 Hadia
326 386 428 428 mecam
448 372 502 426 cris
528 372 559 426 in
584 370 718 442 paradiso
748 370 824 442 (Lac.
858 383 946 437 xxiii,
963 370 1081 426 Arum:
1115 370 1196 428 Sedet
1235 372 1273 428 ad
1300 371 1442 429 deuteron
1478 373 1631 444 majestatis
1657 377 1687 431 in
1722 376 1848 449 eccelsia,

96 468 154 537 43),
1001 463 1078 515 tanto
1095 460 1200 530 angelis
1229 462 1324 517 melior
1335 461 1455 532 effectas,
1481 468 1583 534 guenta
1597 464 1770 535 differentias
1789 482 1850 539 pru

135 555 281 614 Tertiadie
295 553 449 609 recurrerit
474 554 647 608 amortuis.
667 553 779 608 llocest
807 551 842 607 de
872 550 948 608 inter
1000 550 1059 605 illis
1074 565 1169 605 nornen
1183 550 1355 606 hereditavit
1370 551 1461 623 (Hebr.
1479 569 1498 620 ι,
1510 554 1548 624 3).
1580 574 1595 611 ,ι

96 655 235 713 mortuos,
250 652 391 714 tanquam
405 642 548 699 veraciter
562 655 680 712 corpore
703 641 855 699 defunctus
878 654 947 711 pro·
1036 638 1202 696 ascendisse
1228 639 1326 710 itaque
1352 640 1388 696 ad
1410 641 1497 698 coelos
1512 640 1627 711 dicitur,
1654 658 1713 701 non
1730 653 1763 702 ut
1782 647 1845 718 ejns

97 737 161 808 pria
182 733 339 798 voluntate,
368 745 427 788 non
446 729 550 799 aliena,
567 737 610 787 est
629 731 796 787 suscitatus.
813 729 893 786 Sicut
919 736 947 785 et
1002 725 1148 783 beatitudo
1163 728 1207 784 vol
1219 728 1312 799 gloria
1326 743 1378 800 per
1401 730 1578 802 corporalem
1606 732 1670 804 eJns
1694 746 1847 792 ascensum

96 824 217 896 ipsemet
256 821 310 877 ait:
353 823 515 876 Potestatem
541 819 625 876 babeo
672 819 791 889 ponendi
825 819 947 871 animam
1002 823 1155 888 augeatur,
1179 816 1330 889 sedutper
1347 818 1441 889 ipsum
1465 819 1636 877 declaretur.
1661 822 1744 879 Absit
1758 824 1847 894 enim,

95 928 192 982 meam,
216 916 241 967 ει
264 912 365 965 iterum
384 908 511 965 sumendi
537 924 597 963 carn
619 907 709 979 (ioan.
735 922 765 975 x,
795 906 848 969 ιι).
874 904 947 962 ιιοιι
1002 911 1035 961 nt
1049 905 1159 962 dictum
1177 914 1229 971 est,
1257 908 1337 978 qnod
1360 916 1422 979 post
1446 910 1686 968 resurrectionem
1711 912 1763 983 ipsi
1793 913 1847 969 ali·

98 1004 240 1072 ordinem,
257 1000 335 1073 qnod
361 1000 534 1071 priusquam
550 999 688 1067 surrexit,
712 997 748 1053 ad
762 995 870 1052 inferos
899 993 947 1050 do·
1003 994 1073 1065 quiid
1097 994 1343 1054 beatitudinisrel
1360 998 1458 1069 glorias
1472 1014 1532 1056 suae
1555 1000 1586 1055 in
1612 1002 1711 1056 anima
1736 1001 1797 1058 sire
1816 1003 1846 1058 in

98 1092 248 1158 scandens,
281 1088 403 1146 salntem
431 1094 536 1144 nostras
572 1086 759 1149 liberationis,
792 1092 949 1154 antequam
1002 1096 1118 1153 corpure
1146 1084 1298 1142 credamus
1325 1085 1461 1143 collatum
1490 1102 1564 1145 esse:
1600 1088 1650 1144 sed
1679 1089 1758 1160 quod
1784 1090 1845 1162 jam

99 1178 221 1252 gloriam
243 1191 303 1234 suta
318 1175 536 1233 resurrectionis
566 1180 608 1230 est
629 1181 779 1244 operatus:
806 1173 876 1243 quia
891 1185 949 1227 non
1003 1174 1158 1240 obtinebat,
1177 1175 1314 1246 cunilam
1328 1191 1432 1248 corpus
1455 1192 1542 1235 suum
1566 1185 1647 1235 tanta
1670 1178 1784 1238 ienitate
1799 1195 1848 1237 os-

98 1277 158 1326 tam
180 1281 234 1325 sua
255 1256 345 1338 quarn
364 1272 462 1321 nostra
482 1263 511 1320 in
528 1263 574 1319 his
597 1261 733 1319 omnibus
766 1260 947 1333 requirebat.
1003 1264 1136 1320 tendebat
1156 1264 1358 1335 glorificatum,
1381 1274 1456 1323 utet
1477 1267 1549 1323 nubi
1564 1268 1697 1331 insidere,
1713 1275 1740 1326 et
1766 1268 1851 1326 coelos

98 1356 275 1429 Ipsoitaqne
289 1354 335 1411 die
348 1353 570 1425 passionnem,
595 1359 752 1422 antennam
774 1356 948 1422 resurgeret,
1003 1360 1161 1422 penetrare,
1183 1359 1210 1408 et
1231 1352 1315 1425 longe
1335 1355 1396 1425 jam
1417 1355 1563 1412 diversum
1590 1356 1697 1414 lactum
1726 1371 1786 1414 esse
1814 1359 1850 1414 ab

98 1445 145 1502 vel
157 1443 243 1501 coelos
257 1443 432 1510 ascenderet,
445 1448 503 1498 tam
520 1440 688 1512 praedictum
704 1440 844 1497 latronem
861 1453 950 1509 qnam
1004 1438 1057 1495 boc
1082 1440 1263 1510 corruptibili
1286 1455 1412 1511 corpore,
1439 1444 1517 1514 qnod
1542 1452 1683 1517 aggravat
1711 1445 1850 1515 animaru,

99 1533 235 1604 antiquos
251 1532 329 1589 viros
341 1531 372 1587 in
387 1530 557 1602 paradisum
571 1529 743 1596 introduxit,
754 1529 825 1599 qnia
839 1528 949 1585 eissuas
1003 1536 1031 1584 et
1046 1542 1148 1585 sensns
1162 1531 1252 1585 nostri
1269 1529 1405 1600 deprimit
1424 1533 1564 1603 vigorem.
1595 1533 1629 1590 Ut
1654 1547 1724 1605 ergo
1754 1533 1850 1590 fideles

99 1621 259 1679 divinitatis
295 1621 438 1677 visionem
460 1605 613 1687 exbibens,
643 1632 714 1674 vera
737 1619 797 1690 jam
824 1615 948 1672 beatitu·
967 1655 988 1709 B
1006 1617 1081 1673 hanc
1109 1619 1138 1673 in
1162 1618 1223 1674 suis
1245 1619 1412 1688 corporibus
1436 1620 1673 1689 glorificationem
1701 1630 1846 1693 exspecta-

100 1710 178 1780 dine,
208 1724 297 1781 quam
321 1708 490 1781 paradisum
530 1707 692 1776 nominant,
722 1708 820 1761 anima
849 1718 949 1761 eornm

100 1796 225 1858 satiavit.
243 1798 283 1854 De
298 1810 357 1868 qna
372 1796 490 1868 quidem
505 1797 634 1853 satietate
658 1797 798 1867 propbeta
820 1795 948 1850 dixerat:

101 1888 230 1947 Sotiabar
243 1904 303 1942 cum
324 1889 485 1958 apparuerit
507 1887 598 1954 pluria
625 1891 673 1941 tua
692 1885 779 1954 (Psoi,
811 1899 873 1948 xvr,
894 1884 948 1954 ιι).

101 1978 192 2037 Extra
207 1991 296 2048 quam
321 1976 438 2048 quidem
452 1976 595 2032 visionem
619 1974 717 2047 gloriae
744 1972 887 2045 quidquid
898 1978 951 2037 est,

102 2069 166 2141 ejus
182 2067 395 2138 comparatione
418 2065 574 2122 dicendum
593 2073 636 2121 est
661 2063 803 2131 tenebrae3
825 2076 880 2119 nec
911 2069 953 2118 est

102 2170 222 2230 prorsus
233 2156 360 2213 alienum
383 2168 509 2226 aposna,
526 2163 755 2226 quantacunque
778 2152 836 2209 sint
848 2151 954 2223 quietis

104 2244 245 2303 remedia.

139 2331 273 2387 Ascendit
299 2331 336 2385 ad
351 2332 438 2386 calos.
456 2331 535 2388 Sicut
567 2343 690 2400 corpore
709 2329 837 2387 surrexit
858 2330 893 2386 de
912 2343 954 2384 se·

105 2417 217 2492 pulcro,
235 2418 274 2474 ita
288 2426 315 2475 et
329 2432 448 2489 corpore
464 2418 593 2475 ascendit
608 2417 644 2474 ad
665 2418 762 2486 coeloS,
785 2425 813 2474 et
839 2426 951 2474 utrum·

105 2522 162 2579 quc
176 2507 206 2563 in
218 2507 333 2578 propria
345 2512 492 2578 potestate,
507 2514 606 2562 utnon
622 2513 732 2563 tractus
742 2520 813 2575 esse,
829 2507 877 2562 sed
890 2521 954 2563 ma·

105 2597 150 2671 gis
168 2594 283 2652 dicatur
304 2595 474 2653 ascendisse.
496 2595 532 2652 Ut
556 2595 633 2652 enim
660 2597 778 2665 ipsemet
795 2596 849 2652 ait:
873 2598 954 2654 Nemo

105 2685 229 2742 ascendit
244 2687 272 2739 in
298 2684 403 2751 calum,
429 2686 486 2739 nisi
503 2687 551 2754 qui
566 2684 702 2740 descendit
724 2685 757 2738 de
776 2686 839 2740 calo
863 2684 952 2757 (loun.

105 2789 147 2844 ιιι,
165 2777 218 2847 ιι).
241 2774 298 2830 Alii
326 2773 434 2846 qnippe
461 2773 655 2845 magistrali
684 2788 773 2845 quam
801 2775 954 2830 ascendere

106 2872 175 2921 sunt
189 2863 311 2920 dicendi.
326 2863 408 2920 Absit
423 2871 520 2920 autent
546 2870 578 2920 ut
602 2862 723 2929 Cbristo,
751 2864 811 2933 jam
837 2876 887 2931 per
907 2877 955 2918 rc-

1007 1712 1079 1772 rent,
1095 1713 1128 1761 nt
1143 1706 1311 1777 ubicunqne
1323 1707 1408 1764 vellet
1423 1708 1555 1778 Spiritus,
1574 1710 1614 1765 ibi
1638 1711 1698 1767 sine
1719 1710 1780 1767 ulla
1794 1711 1850 1766 dit-

1006 1793 1130 1850 llcultate
1145 1795 1244 1850 statim
1263 1803 1334 1851 osset
1350 1810 1466 1866 corpus,
1483 1796 1537 1853 boc
1555 1799 1679 1867 primum
1706 1799 1735 1854 in
1758 1800 1850 1870 seipso

1005 1890 1092 1952 caput
1105 1883 1250 1950 exhibuit,
1275 1885 1352 1954 quod
1373 1886 1503 1956 exemplo
1517 1887 1580 1956 cJ'us
1607 1888 1784 1957 sperandum
1811 1903 1851 1944 es·

1006 1979 1048 2027 set
1063 1972 1210 2029 membris.
1233 1973 1311 2029 Sicut
1323 1988 1392 2044 ergo
1408 1975 1497 2032 Filius
1524 1975 1574 2031 nei
1600 1975 1634 2032 de
1649 1976 1719 2033 caelo
1735 1978 1850 2033 descen·

1007 2061 1081 2117 disse
1095 2062 1203 2118 dicitnr
1227 2063 1411 2131 humiliatus,
1428 2072 1455 2121 et
1484 2065 1644 2122 secundum
1673 2072 1851 2136 assumptam

1007 2150 1219 2207 humanitatem
1251 2153 1464 2223 quodammodo
1489 2152 1598 2225 angelis
1627 2155 1722 2210 minor
1751 2154 1853 2220 lactus,

1007 2238 1049 2295 ιιι
1072 2247 1100 2296 ιι
1129 2240 1220 2296 Filius
1238 2240 1362 2298 bominis
1386 2242 1548 2299 ascendisse
1573 2242 1682 2299 dicitnr
1696 2244 1851 2310 exaltatus,

1007 2329 1144 2398 quamvis
1156 2338 1184 2386 et
1195 2330 1351 2400 corporalis
1365 2332 1391 2386 ei
1411 2346 1469 2387 non
1485 2331 1609 2389 deluerit
1627 2345 1774 2399 ascensus,
1802 2332 1853 2404 qui

1008 2417 1089 2474 bunc
1116 2418 1276 2476 exaltatum
1303 2427 1497 2478 attestaretur.
1527 2421 1601 2479 Nam
1624 2429 1652 2478 ct
1681 2423 1758 2493 quod
1785 2436 1853 2478 mox

1007 2506 1135 2574 additur,
1153 2507 1227 2562 sodet
1242 2507 1279 2562 ad
1296 2509 1438 2563 deuterum
1452 2507 1554 2579 Patris,
1571 2524 1630 2566 non
1660 2510 1694 2567 de
1713 2510 1856 2580 corporali

1007 2596 1070 2666 eJus
1083 2596 1216 2662 sessione,
1236 2594 1280 2651 rol
1302 2596 1336 2652 dc
1364 2596 1502 2665 corporali
1530 2597 1594 2667 ejus
1617 2597 1736 2654 dextera
1760 2599 1856 2655 Patris

1008 2691 1049 2739 cst
1065 2683 1276 2752 accipiendum.
1292 2684 1365 2748 Ouid
1393 2693 1433 2741 cst
1447 2686 1523 2740 enirn
1548 2686 1692 2742 bominem
1707 2685 1854 2743 Christum

1009 2771 1045 2828 ad
1059 2773 1207 2835 dexteram
1223 2773 1272 2828 Dei
1285 2773 1393 2840 sedere,
1410 2772 1464 2829 nisi
1492 2789 1559 2830 ιιιιιι
1576 2775 1605 2830 in
1621 2775 1712 2846 gloria
1726 2775 1775 2831 Dei
1800 2777 1856 2831 Pa-

1011 2861 1069 2930 tris,
1085 2860 1141 2918 hoc
1159 2868 1201 2917 cst
1213 2861 1241 2916 in
1265 2876 1394 2932 superna
1411 2861 1459 2918 illa
1482 2863 1661 2920 beatitudine
1690 2863 1853 2934 digniorem

106 2954 314 3009 surrectionem
340 2952 509 3023 glorificato,
543 2951 699 3021 corporalis
724 2951 788 3020 ejus
815 2949 851 3004 ad
871 2948 955 3005 coelos
971 2946 992 3004 G
1010 2950 1134 3021 gradum
1162 2957 1268 3015 tenera,
1297 2958 1437 3021 tanquam
1466 2952 1629 3008 omniuma
1648 2953 1704 3008 lieo
1721 2950 1855 3022 jndicem

108 3054 244 3097 ascensus
271 3040 383 3110 aliquid
411 3038 598 3095 beatitudinis
634 3036 797 3094 contulerit.
823 3037 893 3100 Quen
913 3043 954 3091 est

108 3129 229 3187 enimin
246 3129 346 3185 lutura
361 3128 422 3184 rita
440 3127 586 3183 beatitudo
602 3132 708 3189 nostra,
729 3125 785 3180 nisi
810 3124 859 3180 illa
872 3124 954 3179 Diri-

57 3225 60 3231 ·
98 3217 206 3273 -nitatis
226 3216 308 3281 visio,
324 3216 359 3272 de
388 3229 448 3287 qua
464 3213 614 3270 Psalmista
637 3213 721 3270 dicit:
737 3213 875 3280 Saticbor,
894 3229 952 3268 cum

108 3307 271 3376 apparuerit
285 3304 375 3373 prona
398 3302 466 3358 tuo?
483 3302 566 3372 (Psoi.
583 3316 641 3370 xvi,
661 3302 713 3373 itt).
734 3301 825 3372 Cujus
837 3301 953 3371 quidem

106 3392 227 3448 visionis
243 3391 335 3448 lucem
349 3391 458 3448 civitati
474 3406 524 3462 per
539 3392 644 3447 isaiam
670 3391 808 3446 Dominus
834 3391 954 3459 promit-

107 3486 180 3547 tens„
196 3479 248 3535 ait:
265 3481 325 3537 Non
337 3482 391 3534 erit
424 3480 475 3534 tibi
488 3481 607 3549 amptius
622 3480 662 3534 sol
687 3479 724 3534 ad
745 3479 891 3534 lucendum
903 3495 955 3550 par

108 3567 190 3634 diem,
210 3583 257 3623 nec
283 3568 412 3638 splendor
439 3569 510 3622 ittae
523 3567 691 3622 illuminabit
707 3573 743 3635 te,
769 3568 816 3622 scd
837 3570 889 3622 etit
905 3569 955 3622 tibi

107 3657 244 3713 Dominus
256 3659 286 3711 in
301 3657 598 3728 lucansempiternam,
613 3663 638 3711 et
654 3661 726 3712 Dens
747 3662 811 3712 ttius
839 3659 869 3711 ia
896 3659 952 3726 plo·

107 3748 179 3801 riam
199 3753 285 3803 taam.
310 3749 371 3805 lllon
386 3747 577 3803 accidetultra
603 3746 644 3802 sol
667 3751 740 3816 tuns,
765 3750 792 3801 ει
807 3747 874 3800 tuna
902 3762 955 3801 non

107 3837 257 3905 minuetur,
276 3839 341 3908 qnia
363 3840 492 3893 Dominus
509 3841 561 3892 erit
576 3840 606 3892 in
630 3838 717 3892 liccem
749 3837 952 3906 serapiternam,

60 3963 64 3969 -
108 3930 134 3981 ct
149 3927 355 3996 complebuntur
375 3926 432 3983 dics
447 3927 536 3982 tactus
560 3928 612 3981 tui.
631 3926 751 3995 Populus
767 3932 859 3981 autern
888 3933 953 3981 tuas

108 4034 197 4076 omnes
216 4022 290 4091 justi
316 4024 346 4076 in
373 4025 536 4091 perpetuum
550 4018 750 4074 irradiabant
765 4024 876 4085 tornum,
899 4027 951 4076 etc.

107 4106 174 4181 (ιιι.
192 4124 238 4177 ιιι,
273 4112 303 4163 lb
318 4117 347 4165 et
370 4107 455 4180 sea).
487 4108 558 4174 Quis
578 4107 664 4165 etiarn
687 4108 795 4164 nesciat
810 4108 876 4176 Deo,
902 4108 953 4178 qni

107 4197 221 4270 ubique
238 4205 290 4265 est,
311 4212 365 4254 nos
379 4210 567 4268 nequaquam
583 4196 721 4262 larissea
735 4195 953 4268 operibuspras-

26 4349 43 4357 ,
107 4293 202 4343 senas
224 4284 286 4342 fieri
298 4285 345 4342 vel
360 4285 511 4342 absentas?
525 4284 607 4341 Unde
623 4292 652 4340 et
666 4285 761 4356 angeli
787 4285 888 4342 taciem
903 4284 952 4341 Dei

1010 3039 1220 3095 constitutum?
1244 3039 1324 3096 Unda
1342 3040 1489 3096 subditur:
1502 3041 1580 3107 indo,
1597 3042 1651 3097 hoc
1668 3048 1710 3098 est
1724 3040 1854 3112 perinde,

1009 3131 1139 3181 acntttrus
1163 3127 1293 3196 judicare
1315 3129 1390 3181 uioos
1414 3133 1440 3182 et
1471 3135 1600 3184 mortuas.
1628 3129 1715 3197 Quam
1741 3129 1855 3186 ceteris

1010 3214 1151 3271 electisad
1173 3215 1319 3273 sinistram
1334 3216 1384 3273 Dei
1412 3217 1584 3286 constitutis,
1608 3219 1686 3274 solus
1700 3217 1751 3274 iste
1778 3217 1853 3274 assi-

1010 3304 1058 3360 stit
1072 3305 1197 3360 dcxterm
1223 3305 1295 3375 quia
1309 3306 1383 3362 sicut
1418 3307 1536 3363 dextera
1558 3305 1695 3376 praevalet
1715 3306 1854 3375 sinistrae,

1010 3393 1070 3464 ipse
1083 3393 1229 3450 universis
1244 3395 1408 3465 praeminet
1424 3396 1609 3453 beatitudine.
1627 3395 1701 3463 Quia
1716 3408 1783 3451 vero
1811 3408 1853 3452 se·

1010 3483 1077 3537 dere
1089 3481 1295 3552 iudicantium,
1319 3484 1394 3540 siunt
1420 3492 1495 3541 stare
1522 3483 1759 3555 judicandorum,
1781 3482 1856 3540 bene

1011 3584 1061 3642 per
1074 3569 1137 3641 eius
1149 3571 1302 3627 sessionem
1315 3571 1499 3643 jndiciariam
1514 3573 1651 3644 exprimit
1675 3579 1854 3643 potestatem.

1010 3659 1097 3717 Viros
1112 3667 1139 3715 et
1156 3667 1285 3716 mortuos
1296 3660 1449 3731 judicabit,
1465 3662 1538 3732 qiiia
1565 3670 1623 3718 tam
1645 3661 1741 3717 clectis
1764 3675 1856 3731 qnam

1009 3748 1139 3818 reprobis
1152 3749 1197 3804 vel
1216 3763 1330 3820 poenam
1347 3750 1392 3807 vel
1406 3751 1556 3820 prmminrn
1585 3764 1635 3821 pro
1661 3750 1770 3806 meritis
1791 3748 1854 3805 red-

1010 3837 1066 3894 det.
1097 3838 1169 3902 Quia
1191 3839 1270 3894 enim
1290 3839 1386 3909 justus
1409 3854 1446 3896 ex
1475 3839 1529 3896 lide
1553 3840 1638 3906 vivit,
1661 3845 1688 3895 et
1713 3837 1856 3908 iniqnitas

1010 3940 1087 3982 mors
1100 3926 1232 3998 quaedam
1245 3929 1360 3996 animae,
1374 3929 1461 3999 juxta
1472 3928 1558 3985 illud:
1586 3930 1648 3986 Non
1674 3931 1778 3982 mortui
1794 3927 1852 3980 taa-

1009 4014 1116 4069 dabunt
1133 4020 1169 4084 te,
1184 4018 1306 4084 Domine,
1326 4017 1375 4072 scd
1396 4034 1444 4074 aas
1467 4021 1514 4088 qai
1535 4020 1652 4073 uiuimus
1674 4016 1856 4072 benedicimus

1009 4106 1121 4159 Domina
1160 4104 1244 4175 (Psoi.
1276 4121 1353 4174 cxiii,
1388 4107 1439 4179 Π).
1468 4107 1578 4164 Eiectos
1606 4107 1655 4163 bic
1679 4105 1772 4170 vivos,
1810 4116 1852 4159 re·

1009 4191 1114 4263 probos
1128 4193 1252 4264 appellat
1266 4203 1403 4252 mortuos.
1430 4194 1481 4253 Vel
1501 4195 1582 4253 vivos
1610 4194 1688 4260 dicit,
1705 4205 1778 4263 quos
1801 4189 1855 4247 ad-

1009 4282 1299 4340 rentusillelndicis
1326 4284 1457 4342 occultus
1478 4285 1578 4341 adhuc
1606 4284 1635 4338 in
1665 4293 1784 4352 corpore
1811 4279 1852 4333 ri-

107 4388 221 4446 semper
234 4374 374 4444 ridentes,
390 4388 457 4430 cnm
471 4374 507 4430 ad
522 4372 749 4441 nosmittnntur,
766 4385 953 4443 nequaqnam
969 4346 993 4402 D
1011 4378 1108 4427 ventes
1120 4373 1256 4443 reperiet:
1267 4381 1384 4430 caeteros
1399 4387 1477 4443 vero,
1495 4382 1624 4430 mortuos
1638 4369 1774 4441 appellat.

107 4463 198 4536 hujus
215 4463 335 4522 visionis
349 4463 528 4520 beatitudine
541 4464 704 4533 privantur.
735 4461 847 4530 Quanto
862 4462 956 4533 magis

1044 4461 1128 4519 Credo
1144 4465 1174 4516 in
1192 4463 1329 4532 Spiritum
1343 4468 1477 4518 sanctam.
1506 4463 1575 4527 Ona
1601 4461 1718 4532 quidem
1747 4458 1855 4515 contes-

107 4553 206 4609 anima
227 4551 342 4620 Christi,
363 4566 429 4622 ιιι
450 4551 503 4608 bac
526 4553 638 4609 visione
663 4552 817 4622 perfectius
842 4562 955 4621 semper
1008 4550 1051 4608 sio
1064 4550 1129 4607 fidei
1145 4551 1238 4623 ipsum
1254 4553 1442 4623 mausileum
1465 4552 1540 4608 sicut
1560 4552 1672 4607 Patrem
1700 4555 1727 4604 et
1749 4547 1854 4604 Filium

106 4639 227 4709 lrnltnr,
242 4655 276 4698 ea
288 4654 442 4711 nunqnam
458 4639 569 4711 privari
588 4640 700 4710 potnit?
713 4638 788 4707 Quid
803 4646 845 4697 cst
855 4637 954 4709 itaque
1008 4646 1138 4710 patenter
1152 4641 1262 4698 asserit.
1287 4641 1423 4712 Alioquin
1449 4655 1508 4697 non
1523 4640 1638 4704 diceret,
1663 4639 1693 4692 in
1718 4637 1855 4707 Spiritum

105 4729 317 4789 humanitatem
338 4732 403 4803 ejus
424 4729 509 4787 caelos
532 4729 741 4796 conscendisse,
772 4727 819 4785 vel
839 4736 871 4786 nt
886 4727 951 4784 dili·
1008 4735 1141 4798 sanctum,
1158 4732 1206 4787 sed
1230 4729 1370 4801 spiritum
1399 4737 1524 4793 tantum,
1545 4729 1620 4786 sicut
1633 4733 1660 4784 ct
1675 4738 1853 4796 mamanen-

106 4819 221 4893 gentius
255 4820 408 4892 Apostolus
432 4819 483 4888 ait,
518 4833 585 4875 aum
623 4831 712 4888 super
746 4831 844 4874 omnes
867 4816 953 4874 coelos
1006 4829 1052 4878 ter
1077 4821 1146 4878 dicit
1160 4821 1317 4886 Ecclesiam,
1345 4833 1403 4877 non
1446 4821 1476 4876 in
1498 4818 1665 4886 Ecclesiam,
1688 4823 1742 4872 etc.
1774 4814 1854 4870 Sicut

105 4910 276 4979 ascendisse,
289 4918 322 4968 nt
337 4908 508 4980 adimpleret
523 4907 620 4965 omnia
635 4907 745 4979 (prcs.
762 4921 802 4974 ιι,
825 4906 878 4978 ιιι),
895 4909 951 4964 nisi
1005 4924 1074 4983 ergo
1093 4911 1226 4978 dicimus,
1240 4911 1318 4966 credo
1333 4914 1457 4965 sanctam
1482 4909 1645 4968 Ecclesium.
1676 4906 1704 4962 id
1728 4911 1852 4961 esteam

106 4997 167 5055 loco
195 4999 338 5070 corporali
372 5012 495 5056 ascensu
528 5005 702 5053 monstrasse
730 5010 794 5053 earn
820 4995 951 5054 omnium
1006 5013 1067 5056 esse
1089 5007 1229 5067 sanctam,
1259 4999 1300 5055 ita
1323 5006 1351 5057 ct
1377 4999 1472 5056 dicere
1487 5010 1652 5069 possumus,
1676 4993 1761 5051 credo
1785 5005 1850 5048 san·

106 5086 258 5143 beatorum
284 5088 469 5145 altitudinem
502 5084 729 5144 transcendisset
757 5087 870 5157 nequa
885 5086 951 5158 qni·
1007 5097 1086 5146 ctum
1112 5089 1240 5159 Petrum,
1267 5088 1325 5156 vel,
1354 5088 1439 5145 credo
1467 5095 1566 5143 sancto
1594 5088 1686 5148 Petro,
1714 5090 1742 5140 et
1768 5080 1854 5138 credo

104 5176 169 5233 dem
184 5175 332 5247 dignitatis
346 5175 526 5246 excellentia,
538 5190 598 5248 qua
608 5174 783 5233 transcendit
801 5176 948 5243 universa,
1006 5186 1112 5235 sanctae
1129 5179 1270 5235 Ecclesia.
1295 5178 1343 5235 Vel
1363 5177 1437 5234 Petri
1457 5185 1597 5248 tanquam
1616 5176 1720 5246 capitis
1739 5188 1851 5241 sumus,

104 5263 277 5321 dictumest
305 5277 355 5334 per
380 5264 564 5335 propnetam:
588 5265 753 5330 Elenctalcst
779 5280 877 5321 anonas
903 5270 951 5321 tua
1005 5267 1221 5325 sicutmembra
1242 5267 1462 5326 Detexistimus.
1484 5266 1613 5324 Membra
1638 5274 1732 5323 tamen
1756 5262 1852 5320 Eccle-

102 5352 465 5424 marcodunanetus,
499 5352 538 5426 i).
555 5353 591 5410 ιιι
606 5368 656 5425 per
680 5354 864 5426 Apostolum:
890 5357 952 5410 Pro-
1005 5356 1208 5428 statanqnam
1224 5357 1349 5428 corporis
1368 5358 1518 5424 dicuntur,
1539 5355 1691 5414 sedsolIns
1715 5355 1765 5411 Dei
1792 5361 1854 5410 tan·

101 5446 165 5514 pter
178 5443 252 5511 qaod
265 5446 290 5498 ct
317 5445 388 5499 Dens
403 5444 483 5499 ittam
496 5443 640 5511 cantauit,
663 5448 690 5501 et
712 5442 789 5499 dedit
808 5446 835 5500 ei
854 5459 951 5499 nomen
1006 5459 1094 5518 qnam
1116 5446 1227 5518 capitis.
1247 5444 1328 5515 Quod
1351 5447 1470 5520 quidem
1496 5446 1544 5504 illa
1573 5445 1670 5502 innuit
1697 5442 1854 5517 propositio

102 5530 178 5597 quoa
198 5537 337 5605 estsuper
357 5546 434 5588 amne
453 5546 548 5589 nonen
574 5532 705 5603 (Plitipp.
728 5546 759 5599 u,
774 5531 812 5605 9).
843 5531 877 5590 ttt
901 5531 948 5590 lte

1007 5548 1075 5592 cnm
1089 5533 1206 5605 dicitnr,
1221 5535 1252 5590 in
1263 5536 1358 5604 beon,
1378 5533 1452 5593 slent
1472 5535 1535 5608 tam
1549 5532 1687 5609 superius
1712 5531 1853 5605 expositio
