3804 5962
725 200 840 261 seatio
859 202 961 260 iiiiii.
1667 211 1719 266 tto

79 325 148 381 eluit
162 323 297 396 Spiritus,
313 325 368 383 nisi
383 327 419 384 ad
434 341 502 386 eum
522 327 695 388 mittendum
715 344 816 389 asnen-
832 335 856 388 a
872 332 985 406 (licor.
1001 346 1033 399 x,
1049 332 1088 404 l).
1108 331 1144 388 ut
1161 343 1212 403 per
1231 331 1413 402 semetipsam
1444 330 1558 390 Veritas
1572 333 1717 403 apostolo-

79 413 172 470 iiirus.
188 415 254 484 lpsa
274 415 372 486 itaque
388 415 494 473 Cbristi
522 419 648 475 ascensio
662 420 746 491 quasi
761 433 812 490 pa·
870 437 936 480 rum
948 423 1137 480 corroborans
1151 421 1272 487 animos,
1293 435 1330 477 ne
1345 421 1379 478 de
1395 420 1536 493 imperitia
1560 435 1614 478 sua
1641 436 1714 479 eon·

79 524 81 553 t
102 502 250 560 hodiernae
277 503 440 561 festivitatis
454 513 506 568 est,
532 514 560 563 et
577 507 712 579 quedam
739 523 811 579 pre-
869 520 914 569 tra
928 510 1177 583 sapientesseonti
1192 509 1375 580 desperarent
1391 517 1442 567 aut
1456 509 1641 581 trepidarent,
1655 509 1714 567 ait:

79 591 205 649 ‚Passio
218 607 336 664 quoque
355 592 460 650 Christi
486 601 630 666 quantum
645 597 682 653 ad
697 598 813 655 hoedi·
868 603 963 657 Ponite
1000 614 1063 668 erqo
1092 601 1123 654 ia
1145 599 1271 654 cordibus
1304 601 1402 654 uestris
1436 615 1489 655 non
1528 599 1716 669 premeditari

79 682 159 737 noris
181 681 288 738 donum
314 684 464 752 pertineat,
488 684 640 755 apostolus
661 687 813 759 diiigenter
869 689 1096 761 primoomnium
1123 688 1323 758 respondeatis.
1343 691 1398 757 iiqo
1421 687 1492 743 enim
1517 687 1716 745 ἀοοουοειεοε

79 776 98 826 ι.
135 769 207 827 Cum
242 770 320 827 cuim
354 773 536 843 promisisset
562 790 569 828 :
597 775 723 832 Gboritos
764 779 814 832 Del
869 783 895 833 el
909 780 1086 849 sapientium,
1111 780 1156 832 cul
1177 782 1374 847 conpoterunt
1396 775 1714 832 resistereetooalrodi-

81 861 123 914 εει
139 859 168 913 iu
188 860 315 916 cordibus
331 864 434 917 nostris
459 878 509 933 per
532 864 672 933 Spiritum
686 871 812 921 seatium
868 883 926 922 cere
946 883 1036 923 omnes
1059 867 1215 924 aduersarii
1236 865 1489 937 deaestimant,
1506 864 1601 935 iiiiii
1619 863 1689 921 aiibi
1706 881 1713 920 ε

79 962 106 1001 us
123 952 165 1001 εει
180 947 257 1002 uobis
272 949 358 1018 (Rom.
384 964 414 1019 v,
435 949 461 1022 5)
478 991 486 1018 ,
502 961 712 1024 consequenter
735 955 813 1026 adje-
869 958 927 1013 Non
941 959 1012 1011 enim
1025 970 1072 1011 ets
1087 957 1151 1011 estis
1178 957 1227 1025 qui
1241 955 1397 1021 loquimini,
1420 954 1468 1009 sed
1486 955 1608 1023 Spiritus
1623 955 1714 1009 Petris

79 1037 150 1103 quid
172 1039 244 1091 enlm
268 1038 395 1094 Christus
415 1055 476 1095 cum
499 1042 590 1096 adbuc
615 1046 719 1113 infirmi
742 1060 812 1100 csse-
868 1048 953 1100 nestri
969 1047 1016 1115 qui
1026 1046 1148 1114 loquitur
1158 1044 1269 1098 introbit
1279 1044 1390 1112 (dotat.
1402 1057 1466 1109 arti,
1485 1044 1536 1112 li).

79 1125 195 1180 madum
207 1132 313 1196 tempus
324 1144 374 1198 pro
389 1131 484 1199 impiis
504 1136 629 1186 mortuus
643 1132 706 1187 esti
720 1133 811 1205 (ibid,
906 1135 990 1190 Recte
1006 1133 1096 1205 igitur
1111 1133 1171 1187 baec
1187 1132 1430 1202 impraemeditate
1449 1131 1643 1201 responsionis
1663 1145 1715 1203 per

79 1213 99 1269 si
111 1213 241 1270 diceret:
265 1216 384 1286 Propter
407 1218 478 1289 quid
501 1219 592 1286 aliud,
619 1221 674 1277 nisi
697 1232 813 1295 propter
870 1224 1004 1295 spiritum
1019 1221 1149 1278 iacienda
1167 1220 1314 1293 suggestio
1328 1218 1628 1291 praetiguratnrnodie
1642 1216 1715 1275 iiatn

79 1302 218 1359 :raritatis
244 1304 412 1363 effusionem
433 1307 463 1363 iu
483 1308 620 1365 cordibus
643 1311 748 1368 uostris
767 1312 813 1368 ia·
869 1312 947 1369 venti
963 1309 1121 1382 repentino.
1150 1310 1189 1366 be
1215 1309 1286 1366 cmio
1315 1323 1404 1365 sonus
1432 1307 1493 1364 deri
1509 1307 1624 1374 dicitur,
1644 1304 1715 1376 quia

79 1405 105 1459 n,
121 1398 256 1450 mortuus
268 1402 310 1451 εει
329 1395 366 1451 ad
381 1404 502 1466 tempus,
517 1397 545 1454 id
559 1405 601 1454 est
615 1400 812 1459 transitoriam
870 1399 905 1457 de
923 1400 1112 1457 commotione
1126 1398 1212 1464 aeris,
1227 1411 1293 1469 quas
1317 1404 1420 1454 ventus
1443 1397 1560 1462 dicitnr,
1577 1394 1715 1452 audieba-

79 1479 96 1535 ti
127 1480 271 1537 horariam
299 1483 437 1540 sustinuit
466 1489 599 1555 mortem,
620 1500 687 1542 oum
717 1487 813 1545 adbuc
871 1494 919 1546 lur
928 1489 1048 1557 sonitus,
1065 1488 1095 1545 in
1111 1495 1178 1560 typo
1191 1472 1436 1543 videlicetsnmmi
1450 1483 1715 1556 Spiritus-locuturi

84 1582 222 1638 essemus,
243 1570 297 1626 boc
322 1579 364 1628 est
385 1572 492 1629 debiles
510 1574 540 1630 io
559 1574 625 1642 ilde,
644 1575 690 1632 val
706 1576 813 1634 intoie
869 1591 921 1649 per
937 1577 1079 1648 apostolos
1103 1577 1211 1648 linguis
1233 1574 1378 1644 omnibus,
1399 1575 1474 1632 siout
1488 1573 1629 1645 scriptum
1647 1580 1713 1629 est:

84 1659 312 1727 perseeutione?
333 1659 444 1717 biliosa
467 1661 593 1719 ebaritas
612 1671 664 1731 εει,
685 1664 774 1721 ditata
786 1667 815 1723 ei
831 1668 852 1723 B
868 1668 928 1722 Non
948 1670 1013 1722 sunl
1030 1667 1142 1736 loquela
1155 1681 1240 1737 aeque
1268 1680 1410 1728 sermome,
1442 1678 1557 1730 querum
1585 1677 1640 1718 aon
1667 1675 1716 1716 uu-

79 1745 107 1802 in
126 1747 358 1816 cordibusiacta,
376 1758 508 1821 eiusque
523 1753 559 1808 ad
575 1752 705 1810 inimicos
727 1754 814 1810 etiam
869 1755 984 1811 deantur
1001 1770 1192 1811 venestorum.
1222 1756 1255 1810 ln
1270 1768 1374 1809 omnem
1394 1757 1496 1809 errem
1521 1752 1714 1807 calcitrosus

79 1853 102 1904 .;
116 1836 152 1892 de
171 1851 231 1907 qua
247 1845 275 1894 ει
289 1852 338 1908 per
357 1839 536 1896 Psalmistam
556 1841 668 1898 Christo
683 1843 812 1899 dicitur:
868 1861 970 1912 eorum,
988 1847 1041 1902 elo.
1055 1844 1140 1915 (Psoi.
1166 1858 1248 1912 xvttt,
1264 1845 1291 1899 4.
1306 1843 1315 1915 ι
1331 1842 1489 1900 Etattende
1509 1839 1587 1913 quod
1602 1853 1661 1897 nou
1673 1839 1715 1897 ait

86 1931 126 1981 est
139 1929 233 1993 grotta
259 1929 289 1981 in
309 1928 390 1983 labiis
414 1932 468 1984 tais
492 1928 576 2000 (Psoi.
602 1945 678 2000 xciv,
704 1933 744 2000 ³),
762 1931 814 1988 boc
868 1948 958 1991 sonus
971 1933 1151 1991 advenientis
1165 1933 1298 2004 Spiritus,
1308 1932 1370 1988 sed:
1388 1937 1520 2001 tanquam
1529 1927 1713 1996 aduenientis,

102 2015 269 2084 predicatio
292 2023 342 2073 tua
357 2017 429 2074 nibil
451 2018 531 2075 aliud
546 2033 634 2089 quam
663 2018 813 2090 perfectio·
867 2016 1714 2093 utcuminveritatecorporaiissonusventilueritquadam

79 2110 182 2160 esonat
220 2105 376 2163 charitatis.
404 2108 445 2163 De
480 2121 539 2178 qua
572 2114 599 2164 et
629 2109 811 2179 Apostolus:
867 2111 1277 2169 tamensimiiitudinesonum
1306 2110 1435 2167 validum
1449 2109 1624 2179 exprimeret
1639 2119 1713 2177 pra-

79 2195 182 2263 ›oeeqm'
195 2194 348 2260 claritatis,
372 2196 406 2251 de
427 2196 507 2251 eorde
519 2213 589 2268 puro
611 2200 636 2253 et
650 2200 814 2255 couscientia
866 2200 1018 2258 dicationis
1034 2201 1151 2269 iutnroe,
1176 2201 1221 2259 vei
1236 2199 1393 2272 quamdam
1408 2199 1440 2255 in
1460 2198 1596 2254 cordibus
1609 2195 1713 2252 iactam

79 2284 136 2354 iil
152 2285 219 2339 Tim·
236 2285 306 2356 ¹·5i·
865 2302 965 2346 vocem
996 2289 1147 2347 locutionis
1168 2291 1297 2357 interne,
1328 2287 1436 2358 Spiritu
1470 2286 1577 2344 seilicet
1607 2298 1713 2355 sugge-

102 2385 172 2443 ergo
192 2381 334 2444 precepta
357 2375 415 2444 Dei,
438 2375 480 2431 sio
497 2383 525 2432 ει
542 2385 684 2447 praecepta
708 2376 813 2434 Cbristi
866 2386 946 2435 rente
974 2378 1106 2445 interius,
1136 2379 1213 2436 uude
1227 2379 1414 2449 loquerentur
1442 2375 1579 2433 exterius.
1616 2372 1713 2430 bierito

79 2473 90 2516 t
109 2462 230 2517 unicum
257 2462 353 2530 sanem,
370 2463 399 2518 id
413 2471 456 2520 εει
469 2464 670 2521 aedificandam
687 2464 813 2522 innubis
867 2467 1021 2524 vehemens
1042 2481 1132 2524 sonus
1148 2467 1194 2524 iiio
1213 2467 1320 2523 dicitur
1334 2465 1418 2537 qnasi
1433 2464 1520 2522 ssatus
1530 2462 1712 2526 fortissimus,

79 2558 142 2618 em,
165 2558 224 2606 tota
246 2550 378 2608 intendit.
394 2552 483 2624 Cujus
509 2553 628 2624 quidem
647 2554 813 2616 intentionis
867 2562 899 2612 ut
918 2555 1050 2612 videlicet
1071 2556 1234 2627 designaret
1262 2554 1492 2624 predicationem
1516 2551 1712 2622 apostolicam,

79 2652 164 2709 oper
193 2639 331 2710 Spiritum
352 2647 486 2698 sanctum
503 2641 586 2700 bodie
601 2651 810 2712 consummata,
866 2657 924 2700 non
940 2642 1017 2713 inira
1029 2645 1168 2701 terminos
1183 2644 1271 2700 unius
1284 2643 1402 2706 iudaeae,
1418 2643 1496 2699 sicut
1506 2640 1713 2712 prophetarum

79 2727 141 2785 inm
164 2729 306 2786 bonorum
328 2731 422 2802 gratia
447 2731 612 2799 distribute,
642 2739 722 2789 tanto
739 2746 811 2803 prae-
865 2746 926 2788 esse
935 2732 1173 2800 concludendam,
1195 2730 1245 2788 sad
1260 2732 1344 2803 quasi
1368 2744 1420 2802 per
1444 2732 1613 2786 universum
1632 2739 1715 2783 mun·

90 2819 302 2875 solemnitatem
320 2820 384 2877 iecit
403 2821 568 2892 gratiorem,
596 2829 705 2892 quanto
721 2822 811 2892 potio·
865 2819 935 2876 dum
964 2819 1101 2877 daturam
1121 2827 1149 2876 et
1169 2819 1356 2876 dilatandam.
1375 2818 1473 2875 Fletus
1500 2817 1546 2874 ilie
1562 2815 1714 2872 rebemens

79 2907 150 2964 iouis
165 2908 240 2965 bane
253 2923 315 2965 esse
339 2910 473 2979 prestitit
487 2911 629 2979 ditiorem,
655 2924 755 2982 quam,
778 2917 812 2967 ut
827 2960 850 3018 c
866 2906 984 2963 domum
998 2907 1096 2978 replet,
1114 2922 1171 2963 nou
1186 2907 1374 2964 concutiendo
1395 2905 1440 2963 vei
1456 2902 1626 2975 impellendo
1641 2901 1714 2958 sub·

90 3002 144 3063 εει,
171 3002 228 3051 ιεοε
253 2995 422 3054 tortitudine
446 3011 535 3068 quam
555 2997 674 3054 scientia
703 2999 812 3069 peregit
865 2997 936 3061 ruit,
961 2996 1044 3067 qnasi
1065 2996 1188 3068 Spiritus
1210 2996 1302 3053 sancti
1325 3002 1366 3053 est
1390 2994 1524 3066 supplere
1547 2990 1713 3063 imperiecta

79 3098 123 3141 tm.
143 3083 234 3141 Simul
268 3086 376 3156 quippe
391 3085 514 3157 Spiritus
539 3086 623 3143 bodie
643 3087 809 3154 adveniens,
865 3098 924 3141 uon
939 3085 1085 3142 destruere
1107 3085 1241 3142 inchoata
1267 3085 1350 3141 bona.
1376 3082 1457 3142 Unde
1490 3082 1625 3142 Veritas:
1655 3081 1714 3137 Non

79 3172 276 3244 decipularum
290 3183 319 3231 et
347 3175 523 3242 corroborat,
539 3179 572 3232 ut
587 3176 696 3232 dictum
716 3183 768 3244 εει,
784 3183 812 3232 ει
865 3176 926 3228 aerei
948 3175 1060 3240 solome,
1082 3174 1188 3246 inquit,
1207 3173 1294 3243 legem
1310 3174 1358 3229 sed
1372 3171 1522 3243 adimplere
1545 3169 1656 3240 tliottlt.
1685 3184 1712 3236 r,

79 3268 118 3328 at,
147 3269 179 3319 nt
210 3264 384 3333 promissum
408 3270 459 3331 est,
486 3278 586 3321 eornm
611 3265 717 3321 seilicet
745 3279 811 3336 quae
868 3259 921 3332 ii).
945 3263 978 3318 Et
1003 3262 1039 3318 de
1062 3263 1116 3318 boe
1134 3261 1195 3333 ipso
1216 3263 1345 3319 adventu
1366 3261 1488 3333 Spiritus
1512 3266 1541 3316 et
1566 3258 1602 3314 de
1620 3255 1712 3328 perie-

78 3350 185 3407 iixerat
198 3350 417 3422 intelligentiam
437 3353 627 3424 suggerendo,
649 3361 676 3410 et
697 3366 812 3410 omnem
865 3349 959 3406 ctione
976 3350 1115 3407 doctrine
1136 3353 1315 3421 promiserat,
1329 3351 1426 3407 dicens
1443 3363 1450 3407 :
1470 3348 1519 3404 ille
1538 3346 1646 3403 docebit
1666 3358 1713 3400 nos

79 3437 191 3495 ritatem
219 3438 356 3495 docendo.
383 3440 474 3508 Cujus
501 3442 619 3511 quidem
654 3442 811 3499 adventum
865 3454 969 3494 omnem
987 3443 1140 3507 amitalem,
1156 3445 1182 3494 el
1196 3445 1324 3509 suggeret
1341 3439 1416 3495 vobis
1432 3440 1522 3495 onmia
1545 3448 1714 3506 quacunque

79 3540 115 3584 er
140 3526 224 3583 bodie
247 3528 422 3598 descriptum
448 3529 624 3598 audivimus,
649 3544 716 3587 eum
740 3531 812 3588 iliud
866 3527 1151 3600 discacoobtsiloon..
1166 3543 1227 3597 arv,
1241 3529 1296 3601 26).

79 3657 81 3665 ,
108 3618 295 3687 apestolorum
322 3617 490 3689 legeretur:
513 3620 614 3674 Factus
641 3626 680 3675 est
703 3625 813 3691 repente
902 3617 1035 3688 Legimus
1050 3625 1168 3674 ventum
1188 3617 1322 3674 aSatana
1337 3615 1507 3682 immissum,
1535 3627 1603 3671 eum
1626 3610 1714 3669 ruina

82 3721 177 3763 sonus.
191 3710 323 3775 tanquam
348 3707 516 3763 advenientis
528 3707 651 3777 Spiritus
673 3710 813 3764 aelemen-
866 3706 969 3763 domus
983 3720 1072 3778 quam
1097 3707 1252 3774 concussit,
1281 3706 1353 3762 iiiios
1373 3713 1401 3762 et
1431 3704 1505 3760 filias
1532 3702 1585 3759 lob
1602 3699 1714 3758 exstin-

79 3796 197 3865 repleeit
221 3801 304 3850 totum
331 3796 439 3851 domum
460 3797 508 3850 ubl
534 3801 613 3851 erant
630 3797 813 3855 tedenderit
866 3799 942 3855 xisse
959 3796 1024 3868 (deb
1046 3813 1065 3866 ι,
1090 3797 1145 3870 le),
1171 3797 1241 3868 quia
1266 3797 1344 3853 iliius
1367 3805 1409 3853 εει
1432 3794 1560 3866 perdere,
1576 3805 1634 3848 uon
1662 3788 1714 3846 sai·

79 3888 156 3938 munt
172 3885 229 3939 illis
253 3885 365 3941 disemos
380 3886 481 3954 linquae
505 3891 639 3955 tanquam
657 3889 742 3957 ignis,
757 3895 811 3944 etc.
866 3901 935 3943 vare
945 3895 973 3943 et
988 3887 1136 3944 destruere
1150 3885 1240 3957 magis
1261 3898 1350 3956 quam
1365 3884 1518 3941 aedificare.
1544 3881 1594 3937 llio
1610 3888 1709 3937 auem

79 3975 110 4028 rte·
136 3979 200 4028 sunt
215 3990 305 4030 omnes
332 3976 441 4045 sprauto
455 3980 559 4043 sonato,
575 3984 629 4033 ete.
646 3976 719 4047 (Act.
740 3978 812 4049 na.)
866 3975 952 4032 ssatus
978 3975 1056 4032 venti
1071 3988 1259 4047 nequaquam
1286 3974 1405 4031 domum
1429 3971 1591 4032 labetactal.
1607 3969 1655 4025 sed
1669 3968 1714 4023 in·

79 4076 112 4119 us
137 4061 261 4133 Spiritus
274 4064 365 4120 sancti
393 4065 515 4121 insono
536 4065 811 4129 declaraturrenti.
867 4065 1009 4122 columem
1029 4072 1227 4122 conservatam
1252 4063 1351 4128 intrat,
1374 4070 1402 4119 et
1427 4059 1605 4120 vehementis
1619 4064 1715 4115 motus

79 4159 191 4208 rentum
210 4152 264 4209 boc
289 4153 349 4210 ioco
373 4154 442 4211 dicit
457 4155 653 4211 vehementem
668 4154 811 4225 spiritum.
868 4154 1022 4225 agitatione
1035 4154 1131 4225 ignem
1142 4154 1289 4210 concitans
1303 4151 1332 4207 in
1353 4165 1429 4219 aere,
1451 4151 1542 4222 ipsam
1563 4162 1653 4220 quam
1669 4147 1712 4203 in·

92 4240 202 4311 quippe
226 4241 305 4298 venti
331 4256 397 4298 cum
418 4243 455 4299 sit
475 4243 638 4310 invisibilis,
653 4251 750 4301 tamen
770 4245 934 4307 subiret,
954 4241 1109 4299 illuminat.
1133 4241 1211 4312 Ignis
1238 4241 1290 4312 qui
1304 4246 1332 4297 ει
1358 4240 1487 4310 splendet
1512 4245 1541 4294 et
1560 4238 1644 4305 calet,
1660 4236 1714 4293 hoc

79 4328 112 4384 is.
141 4329 187 4383 Sic
206 4335 233 4383 et
249 4329 436 4399 inspiratione
464 4331 582 4402 spiritus
608 4332 638 4387 in
663 4331 816 4402 discipulo·
868 4329 941 4387 flatu
966 4331 1046 4386 venti
1066 4345 1154 4401 super
1181 4330 1322 4401 apostolos
1346 4336 1498 4401 generatus
1513 4327 1633 4396 insere,
1651 4325 1715 4383 iiiu-

79 4416 182 4473 rdibus
196 4416 285 4473 videri
301 4432 359 4474 non
375 4426 485 4490 poterat
504 4420 635 4485 interius,
660 4419 709 4476 sed
737 4428 815 4477 exte·
869 4420 987 4476 minatio
998 4421 1102 4477 mentis
1116 4427 1168 4486 est,
1184 4428 1212 4477 et
1222 4420 1342 4476 flamma
1356 4418 1505 4474 charitatis
1519 4415 1715 4488 apostolorum

79 4504 204 4561 tdituex
219 4505 383 4563 diversitate
402 4506 571 4579 linguarum
592 4507 731 4579 spiritalis
745 4522 815 4580 gra·
869 4508 1005 4567 cordibus
1026 4509 1110 4567 bodie
1136 4510 1293 4580 inspiratu,
1322 4516 1350 4565 et
1373 4507 1403 4563 in
1419 4506 1567 4579 superiore
1589 4503 1714 4562 hominis

79 4606 149 4650 num
173 4595 412 4665 perpendebatur.
438 4596 614 4666 Repentinus
636 4597 815 4655 souitusiste
867 4606 957 4670 parte,
981 4598 1036 4655 boc
1060 4605 1102 4655 εει
1129 4598 1158 4654 in
1194 4599 1333 4666 animam,
1372 4610 1424 4666 per
1450 4595 1583 4666 spiritum
1620 4591 1712 4649 factae.

80 4681 131 4739 uia
153 4697 242 4753 super
268 4685 425 4741 numanam
449 4686 691 4743 existimationem
725 4687 815 4759 hujus
867 4688 947 4759 ignis
971 4687 1023 4744 isto
1045 4687 1075 4744 in
1097 4687 1188 4744 iorma
1216 4688 1386 4760 linguarum
1410 4684 1538 4742 exterius
1569 4681 1714 4753 apparuit,

79 4771 165 4829 tionis
179 4774 273 4844 gratia
294 4775 394 4831 crevit.
416 4775 573 4832 Vehemens
588 4776 639 4832 iste
656 4778 736 4834 renti
760 4781 814 4833 tia·
868 4777 939 4849 qnia
957 4790 1007 4847 per
1028 4777 1116 4835 verba
1142 4777 1363 4848 praedicationis,
1383 4775 1455 4846 qnid
1474 4775 1553 4830 intus
1576 4772 1712 4839 scientiae,

79 4860 158 4926 titur,
182 4870 215 4917 ut
230 4863 323 4919 virtus
350 4863 440 4933 verbi,
463 4864 547 4922 bodie
576 4867 689 4935 coliata,
715 4875 816 4924 contra
868 4866 938 4937 qnid
967 4866 1116 4924 charitatis
1146 4866 1296 4932 babeatur,
1330 4862 1516 4920 audientibus
1552 4859 1712 4918 innotescit.

79 4957 103 5006 et
120 4949 269 5006 obstacula
292 4951 336 5008 vei
358 4952 494 5009 hnmanae
517 4955 664 5025 sapientiae
690 4955 816 5012 rationes
868 4955 988 5026 Linguae
1016 4955 1117 5027 igneae,
1143 4957 1195 5013 boc
1216 4961 1258 5012 est
1271 4955 1306 5010 de
1322 4952 1383 5026 igni
1405 4952 1489 5009 iactas
1504 4958 1712 5016 memorantur,

79 5045 135 5094 rtur
149 5038 254 5095 valida.
271 5041 310 5096 be
334 5055 394 5112 qua
408 5042 524 5113 quidem
545 5044 653 5102 virtute
680 5045 761 5101 verbi
777 5045 816 5101 io
868 5057 934 5101 eum
963 5043 1085 5115 apostoli
1105 5059 1143 5100 ex
1171 5045 1233 5115 ipsa
1256 5044 1399 5101 charitate
1427 5056 1487 5114 qua
1508 5040 1667 5108 fervebant,
1686 5047 1716 5097 et

80 5127 236 5197 apostolus
263 5128 419 5186 Corinthiis
435 5146 442 5185 :
458 5133 556 5197 Arma,
582 5132 689 5204 inquit,
710 5133 816 5190 militie
868 5132 988 5190 scientia
1011 5146 1098 5204 quam
1115 5132 1150 5188 ob
1179 5133 1234 5188 boc
1257 5139 1435 5203 acceperant,
1465 5131 1619 5202 praedicere
1632 5144 1714 5188 com-

87 5230 143 5271 non
165 5222 230 5272 aaut
260 5220 394 5288 carnalia,
420 5220 468 5275 sed
487 5221 682 5290 potentianae
706 5222 744 5276 od
770 5223 815 5277 de-
869 5221 955 5293 puisi,
972 5220 1017 5277 his
1039 5233 1157 5291 quoque
1174 5220 1288 5276 duobus
1311 5220 1398 5277 corda
1422 5220 1589 5278 auditorum
1604 5218 1713 5277 iiiumi·

79 5320 144 5360 nem
169 5309 361 5375 munitionum,
386 5308 501 5363 consilto
523 5309 699 5380 destruentes,
720 5315 746 5365 el
760 5326 815 5366 orn·
869 5309 969 5367 naturi
983 5316 1065 5365 erant
1086 5315 1173 5380 atque
1196 5308 1354 5367 accensuri.
1379 5310 1541 5381 dispertitas
1557 5311 1628 5366 inse
1644 5316 1714 5366 suut

79 5394 232 5450 titudinem
261 5397 432 5452 relabentem
458 5412 486 5452 se
516 5398 649 5454 aduersus
671 5398 816 5455 scientiam
868 5399 988 5471 linguae,
1018 5411 1076 5454 non
1100 5398 1193 5455 solum
1217 5412 1268 5470 pro
1289 5399 1454 5458 diversitate
1481 5413 1594 5465 earum,
1610 5410 1714 5455 verum

91 5486 124 5540 ta
142 5490 328 5555 eaplmatctem
348 5486 501 5554 redigentes
527 5502 631 5543 omnem
649 5489 815 5545 intellectum
868 5488 956 5547 enam
993 5501 1044 5558 pro
1072 5487 1241 5545 discretione
1270 5487 1500 5559 predicantium.
1533 5485 1714 5545 sicutenim
