3804 5962
101 214 104 219 ,
117 155 169 212 tta

383 104 688 204 ammonentem
707 124 785 225 nee.
804 138 1248 201 pansus-titubabunt
1267 139 1594 202 nrauuosorutm.
1814 146 1861 200 iu

105 280 220 344 ,iaetus
250 274 326 330 sieut
348 278 377 329 et
400 271 430 327 in
451 269 553 327 Genesi
563 268 687 325 dicitnr:
710 265 750 323 ut
772 267 876 323 creauit
888 267 961 323 Deus
976 265 1001 322 A
1015 268 1139 324 aeduum
1153 270 1183 322 iu
1198 267 1275 323 Edeta
1304 284 1321 322 o
1340 268 1491 339 paruolo.
1525 266 1652 323 Isidorus
1680 267 1780 339 Etym.
1813 267 1861 326 lib.

117 368 252 422 bominem
271 362 305 415 de
324 363 387 415 timo
412 365 500 414 terre.
519 359 647 414 Abusive
670 364 765 412 tamen
796 355 963 425 pronuntia·

116 462 165 512 tur
177 468 214 509 ex
232 459 358 520 utraque
373 449 535 505 substantia
549 455 626 504 totus
645 447 741 512 homo,
760 445 786 500 id
804 452 846 500 εει
862 459 898 500 rx
914 459 962 499 sn-

118 544 219 600 oielate
238 540 342 595 anintae
365 546 392 594 ει
422 537 561 607 eorporis,
585 549 654 593 nam
683 536 796 605 proprie
817 534 901 590 ltotno
925 534 961 590 ab

118 631 217 687 humo.
246 630 331 684 ilem:
354 625 467 696 Duplex
490 633 532 681 est
555 633 653 682 autem
679 624 775 689 bomo,
799 622 916 679 interior
934 627 962 677 ει

115 718 265 776 exterior:
289 715 408 772 interior
437 716 531 781 bomo,
556 716 679 782 anima3
703 711 831 768 exterior
863 712 959 776 bonno,

115 821 229 877 corpus.
246 806 342 861 idern:
373 805 479 860 Anima
502 802 627 860 bominis
650 808 776 867 nonest,
793 799 888 868 bomo,
913 798 962 855 sed

115 909 220 967 eorpus
243 893 322 965 quod
347 907 384 949 ex
408 893 498 951 burno
524 892 633 949 laetum
657 898 710 947 est.
739 890 768 946 id
779 896 893 945 tantum
920 895 963 945 est

116 987 211 1044 bomo.
240 983 317 1039 Beda
349 995 437 1053 supra
452 981 585 1039 Genesim
600 981 650 1037 lib.
667 996 705 1037 n:
735 980 770 1037 Et
786 977 902 1036 vocavit
914 991 962 1032 no-

116 1074 198 1133 mina
225 1085 327 1130 eorum
354 1072 445 1126 Atiam
467 1069 557 1127 indie
582 1083 640 1139 quo
659 1067 749 1125 creati
773 1073 850 1122 sunt.
873 1066 962 1121 Adam

117 1164 326 1233 interpretatur
348 1161 445 1226 borno,
467 1167 499 1215 ut
513 1159 635 1231 utrique
650 1156 733 1215 sexui
751 1154 961 1226 possitaptari.

118 1253 199 1311 Unde
224 1259 297 1308 rente
321 1249 447 1305 dieitur:
468 1246 833 1304 Vocabiznotninaeorum
858 1244 961 1309 Adam,

118 1341 202 1398 idest
218 1341 312 1396 homo.
329 1338 409 1394 Sient
436 1337 520 1393 borno
537 1336 636 1392 Latine
659 1334 696 1391 ab
713 1335 812 1401 bumo,
830 1333 870 1389 ita
885 1332 962 1400 apud

117 1429 252 1486 Hebraeos
279 1427 402 1484 Adama
426 1433 501 1482 terra
527 1424 704 1479 nominatur.
723 1423 801 1478 Unde
818 1429 846 1478 et
877 1427 962 1476 terre·

117 1533 174 1575 nus
188 1519 250 1573 sire
265 1524 341 1573 terta
356 1515 444 1571 rubra
460 1521 549 1585 potest
566 1512 760 1583 interpretari.
784 1513 871 1567 Porro
886 1507 964 1579 apud

1015 372 1074 423 arv,
1090 371 1152 428 cap.
1174 359 1200 424 3,
1216 357 1251 412 de
1265 361 1301 412 as
1314 371 1340 417 a.
1360 358 1389 412 in
1405 363 1522 426 quaest
1546 357 1720 425 paradisus:
1747 359 1860 413 Paradi-

1015 462 1062 502 sus
1077 451 1116 500 esi
1139 447 1212 501 loeus
1234 448 1265 498 iu
1293 445 1412 501 Orientis
1433 446 1562 515 portibus
1586 447 1762 513 constitutus,
1788 448 1860 514 ettjttt

1014 536 1172 590 vocobulum
1195 550 1230 589 er
1253 535 1342 591 Graeco
1366 537 1396 588 t'tt
1428 537 1555 589 delirium
1591 537 1709 589 uertitur
1741 538 1837 590 boreus
1851 554 1859 598 ,·
1886 578 1888 586 ,

1013 639 1096 695 porro
1128 623 1258 678 liebrolee
1294 624 1360 679 eleo
1383 624 1496 689 dieitur,
1518 624 1591 691 quod
1610 627 1640 678 in
1669 627 1857 680 nostrumliu·

1015 729 1098 782 guum
1126 713 1229 769 delicia
1260 716 1468 782 intepretetur.
1494 714 1574 778 Quod
1607 721 1768 785 utrumque
1792 715 1860 785 jnn·
1887 730 1890 735 ’

1015 802 1176 858 ntumiacit
1202 803 1317 858 bortum
1333 801 1514 858 deliciarum.
1538 803 1588 858 Est
1615 802 1694 858 enim
1718 803 1800 860 omni
1816 817 1858 875 ge·

1015 906 1083 948 nete
1094 891 1166 963 ligni
1179 900 1206 948 et
1232 891 1440 961 pomiterarum
1458 892 1596 947 arborum
1612 891 1742 948 consitus
1755 893 1860 949 babens

1015 980 1324 1051 etiamiignumnitm.
1349 979 1410 1035 Non
1427 979 1467 1036 ibi
1491 978 1594 1049 digua,
1628 983 1859 1047 non'aestus,sed

1017 1077 1156 1141 perpetua
1170 1069 1244 1126 aeris
1263 1069 1422 1140 temperies.
1451 1068 1581 1139 [dionius
1598 1068 1690 1125 medio
1704 1069 1769 1126 lons
1801 1082 1858 1138 pro·

1016 1172 1155 1229 rnrripens
1170 1166 1259 1213 toturn
1276 1172 1379 1213 nemus
1394 1157 1507 1229 irrigat,
1523 1156 1725 1228 dividiturque
1742 1159 1773 1214 in
1793 1172 1860 1229 qua·

1017 1256 1084 1303 tuor
1102 1248 1248 1304 nascentia
1276 1246 1410 1303 iittmina.
1438 1246 1529 1318 Cujus
1551 1246 1606 1303 loni
1634 1255 1697 1317 post
1711 1259 1860 1317 peceatum

1017 1335 1128 1392 bomini
1142 1337 1238 1390 aditus
1258 1335 1432 1391 interclusus
1446 1342 1496 1390 est.
1525 1335 1627 1405 Septus
1645 1346 1687 1391 est
1708 1337 1788 1391 enim
1803 1352 1861 1393 un-

1017 1425 1105 1494 dioue
1121 1427 1266 1494 rnmpitaea
1279 1424 1411 1481 flammea
1426 1465 1435 1487 ,
1453 1424 1480 1479 id
1499 1430 1540 1480 cst
1553 1438 1638 1480 muro
1669 1425 1753 1496 igneo
1773 1424 1863 1482 aecin-

1018 1521 1091 1581 otus,
1118 1514 1157 1569 ita
1176 1521 1208 1569 ut
1230 1514 1294 1584 eins
1320 1526 1387 1570 enm
1412 1513 1483 1569 cmlo
1509 1526 1580 1583 pene
1603 1514 1747 1585 jungatur
1771 1515 1863 1571 inccn-

118 1606 231 1665 Graeeos
270 1606 356 1662 homo
385 1605 473 1660 aliam
513 1603 598 1659 habet
633 1599 848 1672 etymologiam.
880 1599 1112 1658 voea-·tsdturo.
1141 1602 1298 1658 Cherubim
1324 1616 1451 1673 quoque,
1473 1601 1501 1658 td
1531 1608 1572 1657 est
1602 1602 1863 1674 angolorumprae

119 1696 259 1753 turenim
282 1693 417 1768 ἀνθρωπος
446 1692 482 1748 ab
503 1706 535 1748 eo
560 1690 637 1761 quod
650 1703 775 1759 superna
799 1686 966 1758 spectarint
1020 1693 1127 1749 sidium
1149 1692 1282 1747 areeudis
1314 1692 1466 1762 spiritibus
1493 1691 1579 1747 malis
1603 1705 1692 1761 super
1721 1693 1861 1762 romphea

117 1786 154 1842 ad
167 1784 293 1841 eoetestia
308 1782 472 1839 contuenda
495 1781 596 1837 debeat
623 1779 729 1835 mentis
756 1777 855 1833 oeulos
884 1772 966 1830 attol·
1019 1779 1205 1852 flagrantiam
1236 1779 1400 1834 ordinatum
1429 1785 1482 1844 cst,
1506 1785 1540 1834 ut
1575 1778 1704 1835 homines
1728 1779 1861 1846 dammae,

117 1873 185 1931 lere.
1020 1868 1214 1939 angelusvero
1225 1868 1316 1922 tnalos
1334 1866 1430 1929 angeli
1451 1866 1653 1936 submoveant,
1666 1882 1701 1923 ne
1718 1868 1769 1923 cui
1784 1869 1862 1924 sarni

154 1963 306 2031 inspirasti
333 1958 504 2028 spiraculum
538 1958 612 2012 uitae.
639 1956 670 2011 ld
687 1963 729 2012 est
746 1953 831 2025 quasi
859 1966 909 2023 per
936 1965 966 2007 εε
1020 1958 1065 2013 vel
1094 1956 1211 2026 spiritui
1235 1955 1474 2027 transgressionis
1503 1956 1602 2013 aditus
1632 1959 1667 2014 ad
1696 1959 1861 2028 paradisum

119 2066 177 2108 non
193 2051 228 2106 do
256 2049 356 2120 aliquo
375 2046 517 2103 materiali
545 2045 700 2117 primordio
729 2043 807 2099 dedit
835 2042 964 2097 animam
1021 2054 1125 2116 pateat.
1152 2045 1231 2111 Quod
1247 2058 1315 2101 veto
1337 2044 1378 2100 ait
1401 2062 1419 2098 o
1434 2047 1572 2114 principio
1595 2044 1735 2101 subaudit
1755 2045 1860 2116 planta·

119 2140 230 2209 corpori
250 2139 312 2208 iant
347 2137 479 2202 tornato,
500 2142 534 2191 ut
565 2136 626 2205 ipsa
645 2132 779 2190 videlieet
804 2130 903 2186 anima
928 2144 964 2187 ex
1020 2134 1131 2203 tionis;
1158 2134 1254 2189 innuit
1278 2132 1609 2202 antooaeurasptnntas
1634 2134 1729 2204 ipsum
1755 2134 1861 2190 luisse:

119 2228 178 2284 solo
195 2228 251 2282 Deo
266 2235 406 2296 tanquam
426 2224 569 2294 principio
590 2237 648 2277 non
660 2235 696 2277 ex
711 2220 768 2276 alia
783 2219 964 2290 primordiali
1020 2237 1078 2293 quo
1092 2221 1205 2294 attonio
1221 2221 1453 2278 delectabilitatis
1478 2236 1536 2291 prae
1561 2221 1672 2279 cureris
1694 2221 1765 2278 ionis
1782 2222 1863 2279 babe-

120 2327 208 2370 eausa
225 2327 285 2369 esse
308 2312 434 2368 baberet.
456 2309 630 2379 spiraculum
648 2311 712 2362 uitae
732 2308 803 2364 dicit
822 2307 857 2362 ad
883 2304 964 2362 dilic-
1019 2320 1063 2369 ret
1091 2311 1259 2381 quandoid
1287 2311 1381 2381 ipsunt
1412 2311 1498 2367 bomo
1522 2310 1765 2377 introduceretur,
1788 2318 1863 2367 tanto

119 2403 242 2458 rentiam
259 2400 345 2455 ssatus
365 2399 453 2460 venti,
471 2401 559 2468 uniet
584 2397 763 2467 spiraculum
779 2395 896 2460 dieitur,
914 2396 962 2451 sed
1019 2401 1190 2469 litigemus
1216 2408 1283 2456 anto
1307 2407 1494 2470 preparatus,
1520 2408 1629 2470 quanto
1647 2400 1776 2471 amplius
1797 2408 1861 2457 tem-

120 2489 352 2556 nonvivilicans,
374 2488 450 2543 sicut
470 2495 497 2542 ει
517 2488 615 2541 anima
639 2498 852 2555 nonuunquam
880 2484 966 2540 ssatus
1020 2487 1097 2557 poris
1108 2485 1323 2554 impenderetur
1341 2486 1406 2556 ejus
1421 2484 1656 2554 praeparationi.-

119 2578 339 2650 dieitur,juxta
364 2577 434 2632 iilud
465 2577 564 2632 isaiae:
583 2576 693 2630 Floturu
716 2589 821 2629 omne-m
844 2589 891 2642 ego
912 2574 966 2640 feci
1054 2577 1147 2629 Posuit
1171 2574 1304 2628 bominem
1327 2590 1406 2640 quern
1429 2578 1607 2638 formauerat.
1641 2574 1673 2631 td
1697 2582 1740 2631 est
1765 2576 1861 2631 virum

120 2671 187 2742 (Iso.
215 2684 285 2732 nvn,
325 2668 381 2737 ili).
416 2665 491 2722 Hine
524 2679 643 2736 quoqne
682 2663 782 2719 anima
815 2672 890 2719 recte
919 2661 966 2717 ssa·
1019 2663 1246 2734 etrjuslormatio
1269 2663 1329 2733 jam
1359 2664 1494 2733 praedicta
1521 2663 1636 2720 est.Vir
1659 2663 1771 2734 quippe
1784 2675 1864 2722 extra

120 2761 164 2816 tui
187 2758 249 2816 sivo
276 2756 420 2827 spiraculo
445 2760 639 2826 aucuparetur,
666 2753 737 2824 quia
775 2752 901 2808 maxime
927 2764 963 2806 an
980 2790 1003 2849 c
1021 2753 1189 2824 paradisum
1213 2752 1352 2808 iactusde
1368 2752 1569 2808 limoterraeln
1593 2753 1760 2823 paradisum
1776 2760 1865 2811 trans

121 2850 151 2906 in
185 2861 304 2918 corporo
337 2847 374 2903 sit
405 2845 581 2915 exspirando
615 2843 660 2898 vei
698 2840 793 2898 iiando
835 2848 963 2911 apparet,
1021 2844 1174 2911 lutosas-13
1198 2841 1304 2897 mulier
1326 2855 1394 2896 vero
1421 2842 1452 2896 iu
1476 2841 1609 2911 paradiso
1624 2840 1659 2897 do
1686 2838 1751 2895 viro
1772 2849 1866 2897 ereata

120 2935 472 2996 eumsinebisvitanon
499 2932 586 3002 possit
612 2929 835 2986 inanimalibus
855 2942 967 2984 oonser·
1019 2940 1071 2998 est,
1098 2945 1164 3001 oure
1193 2937 1288 2986 tamen
1318 2932 1414 2984 rtrum
1450 2938 1517 2986 etse
1541 2930 1647 2999 paritet
1674 2929 1710 2985 de
1735 2930 1866 2999 paradiso

121 3026 195 3084 rari.

1019 3021 1112 3092 eiecit,
1132 3019 1373 3090 sinutsenuontia
1402 3020 1549 3075 manifeste
1581 3021 1709 3076 tradunt.
1734 3019 1782 3074 Ex
1811 3032 1867 3089 quo

154 3118 187 3171 in
210 3116 310 3182 locum
330 3112 399 3181 ejus.
422 3108 617 3180 Spiraculum,
644 3107 777 3177 inquiam,
806 3107 836 3163 in
864 3107 966 3162 laniem
1019 3119 1149 3181 patenter
1164 3109 1298 3165 innuitur
1312 3123 1370 3164 non
1390 3116 1448 3164 tam
1472 3109 1533 3165 looa
1547 3123 1634 3179 quarn
1660 3124 1752 3166 mores
1771 3110 1807 3165 ad
1822 3122 1865 3164 sa·

119 3205 194 3276 cius,
210 3205 262 3258 boe
284 3207 326 3257 est
353 3198 479 3255 hominis
507 3197 625 3263 lactum,
656 3203 689 3250 ut
714 3195 847 3252 videlieet
867 3196 966 3251 anima
1018 3198 1109 3253 tutem
1132 3199 1285 3267 pertinere,
1308 3212 1374 3253 oum
1403 3197 1508 3254 mulier
1532 3199 1562 3254 in
1578 3197 1691 3254 meliori
1716 3198 1778 3254 loeo
1793 3199 1865 3254 laeta

120 3291 171 3348 iiia
203 3289 265 3345 sola
291 3302 348 3345 non
388 3292 557 3342 caeterorum
595 3284 791 3340 animantium
831 3285 965 3340 notitiam
1019 3287 1142 3343 deterior
1156 3286 1186 3341 in
1202 3286 1366 3342 seductione
1386 3285 1481 3342 luerit.

119 3381 181 3438 sivo
195 3378 347 3435 seientiam
360 3389 410 3446 per
425 3375 566 3431 rationem
590 3373 716 3430 baberet.
744 3373 841 3430 Facies
856 3375 965 3445 quippo
1055 3377 1252 3444 Produuitque.
1269 3374 1362 3442 Qttare
1378 3376 1504 3431 dixerit:
1525 3376 1690 3445 voluptatis,
1722 3377 1862 3447 assignat.

119 3481 179 3539 qua
193 3464 398 3536 unusquisque
412 3466 595 3534 cognoscitur
611 3462 910 3533 notitiamsignideat.
1018 3464 1165 3518 Pulchrum
1190 3464 1253 3517 uisu
1276 3470 1302 3518 et
1318 3464 1355 3517 od
1369 3465 1532 3518 uescendum
1554 3481 1647 3528 suone,
1678 3472 1708 3520 ut
1725 3464 1792 3522 visu
1820 3465 1865 3521 de·

154 3559 188 3612 Et
200 3558 291 3623 (arctus
299 3559 347 3609 est.
364 3553 394 3608 to
411 3560 453 3608 est
466 3560 684 3609 consummatus
702 3559 744 3608 est
764 3553 856 3609 brimo.
1018 3552 1134 3608 leotaret
1145 3558 1174 3608 et
1189 3558 1293 3622 gustus
1307 3553 1449 3609 suavitate
1472 3553 1607 3609 reticeret.

155 3645 316 3700 inanimum
330 3645 473 3697 niventon.
496 3643 580 3697 idest
596 3641 739 3711 pertatem
755 3640 884 3697 animam
898 3656 965 3713 quae
1054 3642 1172 3708 Lignum
1195 3645 1276 3695 etium
1299 3647 1372 3696 otta.
1401 3644 1472 3696 Cum
1497 3642 1607 3697 dixerit
1621 3656 1706 3698 omne
1736 3641 1861 3712 lignum,

119 3732 330 3804 sempervivae,
358 3745 425 3788 eunt
444 3730 586 3787 delectum
602 3744 659 3785 non
676 3729 789 3787 habeat.
1019 3728 1089 3800 quid
1104 3737 1146 3785 est
1161 3728 1237 3796 <ruod
1251 3728 1321 3785 dicit
1341 3730 1376 3785 de
1397 3730 1456 3785 istis
1470 3730 1584 3786 duobus
1599 3731 1686 3802 lignis
1699 3731 1787 3787 etiarn
1803 3739 1861 3787 tan·

153 3823 318 3880 Paradisum
329 3822 489 3889 uoluptatis.
516 3819 604 3875 idest
620 3819 736 3875 hortum
753 3819 963 3887 delectabilem,
1019 3832 1108 3889 quam
1127 3818 1188 3888 ipsa
1208 3833 1266 3874 non
1289 3819 1398 3876 tuerint
1425 3819 1612 3875 deomnibus
1642 3818 1807 3890 lignisvisu
1837 3824 1864 3874 et

118 3920 222 3972 utnon
237 3910 416 3968 solummodo
432 3907 619 3978 exdignitate
634 3908 789 3965 creationis
800 3922 861 3965 suae
872 3923 962 3981 quan·
1019 3917 1106 3979 gustu
1120 3907 1347 3975 doteuabtttbns,
1374 3907 1503 3963 maxime
1528 3922 1595 3963 oum
1609 3908 1644 3963 de
1658 3907 1736 3978 tigno
1762 3905 1792 3962 in
1806 3918 1863 3976 quo

118 4008 179 4058 tum
196 4001 251 4056 lieo
265 3998 366 4054 debeat
389 3997 473 4052 brimo
501 3995 670 4062 attenderet,
692 4010 794 4051 rerum
816 3997 903 4053 etiam
927 4011 964 4053 ex
1019 3997 1210 4067 transgressio
1237 3996 1310 4052 tincta
1337 4005 1378 4052 est
1403 4011 1448 4052 scr
1463 4006 1542 4066 ptum
1558 3997 1594 4052 sit
1619 3997 1647 4051 in
1673 3995 1864 4066 sequentibus

116 4088 285 4147 amaenitate
307 4093 335 4143 et
363 4083 584 4141 delectabilitate
600 4084 654 4140 loci
678 4083 760 4141 electi
776 4098 811 4141 ex
827 4084 962 4142 universo
978 4127 1001 4183 D
1019 4084 1089 4154 quia
1104 4085 1176 4140 vidit
1197 4085 1301 4140 mulier
1316 4084 1392 4155 quod
1417 4086 1525 4160 bonnm
1548 4092 1621 4142 esset
1644 4085 1757 4156 lignum
1774 4091 1801 4140 et
1816 4085 1861 4140 de·

116 4175 225 4233 mundo
254 4175 283 4230 in
311 4188 369 4244 quo
396 4179 437 4228 est
468 4172 586 4241 positus.
614 4172 654 4226 be
682 4186 740 4242 quo
766 4173 885 4242 quidem
901 4173 962 4230 loeo
1018 4170 1168 4229 iectabilel
1197 4171 1250 4228 Sed
1275 4170 1400 4242 prolecto
1430 4187 1487 4228 uon
1518 4186 1570 4243 pro
1591 4171 1864 4243 diversitateiigno·

116 4265 259 4335 scrlptum
268 4269 311 4318 est
323 4261 402 4333 quod
417 4259 550 4316 nonnulii
563 4259 667 4316 volunt
685 4260 763 4331 quod
779 4262 809 4321 in
828 4261 962 4319 orientali
1016 4274 1081 4317 rum
1098 4261 1263 4318 dictumest
1290 4266 1382 4329 utinm,
1398 4260 1446 4318 sed
1467 4276 1519 4332 pro
1539 4262 1704 4319 diversitate
1731 4261 1784 4318 loci
1811 4261 1864 4319 ubi

91 4423 93 4428 7
117 4361 199 4428 parto
221 4352 300 4409 orbis
327 4357 469 4406 terrarum
493 4351 531 4405 sLt
559 4348 640 4405 loeus
668 4350 806 4420 paradisi,
827 4352 961 4421 quamvis
1016 4350 1077 4407 baeo
1092 4350 1149 4407 duo
1177 4349 1258 4421 ligna
1281 4350 1432 4406 consttuit
1454 4358 1479 4406 ει
1505 4351 1560 4407 sibi
1590 4352 1752 4423 conjunxit,
1772 4351 1800 4407 id
1820 4359 1864 4408 est

116 4443 286 4516 longissimo
314 4442 502 4511 interjacente
517 4438 611 4510 spatio
626 4439 670 4494 vel
686 4438 792 4496 Oceani
813 4439 857 4495 vel
874 4446 962 4495 terra·
1014 4439 1045 4496 in
1065 4440 1157 4496 medio
1183 4439 1322 4510 paradisi,
1352 4453 1409 4494 non
1438 4439 1468 4495 iu
1494 4439 1620 4496 circuitu
1644 4442 1718 4498 sieut
1745 4448 1863 4497 caetera.

42 4550 46 4562 ¹
115 4545 183 4589 rum
198 4528 337 4586 aeunotis
358 4527 525 4598 regionibus
546 4540 620 4597 guas
637 4541 717 4583 nuuc
733 4527 894 4582 burnauum
910 4542 959 4599 ge·
1014 4527 1086 4586 Cum
1107 4528 1184 4609 quim
1212 4527 1331 4584 dixisset
1356 4528 1424 4599 quia
1441 4529 1560 4598 protulit
1583 4529 1704 4585 terrain
1728 4529 1864 4599 paradiso

114 4634 172 4677 nus
187 4618 286 4676 incolit
302 4623 454 4674 secretum.
473 4616 552 4672 Unde
580 4630 633 4672 nee
647 4628 731 4685 anuas
757 4615 874 4684 diluvii,
891 4629 959 4686 quae
1014 4617 1094 4691 ligna
1106 4629 1209 4675 castora
1230 4619 1304 4675 sieut
1318 4625 1346 4674 et
1363 4616 1428 4685 ista,
1444 4632 1630 4690 nequaquam
1647 4603 1781 4674 distinxit
1792 4632 1864 4689 quo

114 4717 202 4767 totam
224 4706 317 4763 nostri
340 4705 421 4762 orbis
442 4704 624 4774 superficiem
648 4704 788 4761 altissime
810 4717 960 4774 cooperue·
1014 4708 1098 4764 modo
1115 4716 1290 4778 ponerentur
1305 4707 1347 4763 vel
1362 4721 1421 4777 qua
1440 4706 1624 4776 dispositione
1641 4706 1695 4764 sibi
1726 4714 1862 4777 aptaren-

113 4805 193 4866 runt,
210 4797 245 4854 ad
269 4809 337 4851 eum
367 4807 516 4866 pervenire
546 4799 713 4863 potuerunt.
736 4791 817 4859 Quod
841 4792 959 4863 quidem
1014 4803 1071 4854 tur.
1088 4796 1168 4864 Quod
1192 4811 1272 4852 nune
1296 4795 1363 4852 lacit
1383 4811 1451 4854 oum
1481 4797 1541 4852 ltaee
1565 4796 1593 4851 in
1617 4796 1720 4864 mettio,
1742 4798 1863 4854 illaeir·

113 4901 151 4946 ex
172 4884 350 4944 eomaximo
377 4883 494 4939 videtur
513 4881 788 4952 qnodEnocbante
812 4880 959 4938 diluvium
1013 4887 1173 4955 currtposita
1196 4885 1343 4941 describit.
1374 4886 1497 4956 Lignum
1525 4887 1592 4942 vitae
1622 4885 1690 4941 dicit
1718 4887 1797 4956 quod
1825 4887 1862 4943 ad

114 4976 145 5033 in
160 4975 329 5045 paradisum
344 4973 452 5029 transla
465 4985 501 5028 us
520 4970 670 5041 submergi
685 4985 742 5027 nou
765 4971 868 5041 potuit.
897 4973 960 5030 iiie
1012 4974 1104 5029 vitem
1120 4975 1346 5030 conservandam
1360 4983 1387 5030 ει
1398 4975 1526 5045 eorporis
1552 4974 1778 5031 incolumitatem
1799 4978 1861 5031 sine

31 5068 37 5073 ”
112 5061 477 5134 ronymusilcbraiearum
505 5059 704 5130 questionum
726 5060 958 5118 inGenesian-
1011 5060 1124 5119 deiectu
1144 5063 1217 5119 senii
1245 5063 1332 5133 ortasi
1362 5077 1412 5133 pro
1429 5064 1637 5119 rttodicam'cnto
1659 5064 1713 5119 iliis
1731 5075 1862 5122 creatum

112 5153 238 5211 collisum
269 5152 458 5222 opreoctpto,
488 5156 541 5206 ete.
575 5149 618 5204 Ex
643 5163 702 5220 quo
727 5149 959 5207 manitestisstmo
1011 5161 1039 5208 ει
1054 5167 1220 5210 urnoessunt
1236 5151 1338 5210 iuerat.
1368 5153 1447 5210 Unde
1462 5161 1489 5208 et
1515 5153 1544 5208 io
1562 5154 1750 5223 sequentibus
1765 5156 1800 5210 oe
1820 5155 1863 5226 ip·

112 5241 316 5311 comprobatur
344 5239 423 5312 quod
459 5238 634 5309 priusquam
666 5239 772 5295 emtum
799 5246 827 5295 et
852 5247 958 5296 tertam
1011 5241 1052 5297 sis
1065 5251 1127 5313 post
1143 5250 1289 5313 peecatum
1310 5256 1327 5299 a
1352 5241 1485 5314 paradiso
1506 5243 1604 5314 ejectis
1629 5247 1779 5313 scriptum,
1792 5253 1860 5303 est:

112 5332 188 5388 Deus
202 5329 317 5398 laceret,
335 5327 503 5399 paradisum
524 5334 591 5385 ante
606 5327 784 5385 condiderat.
800 5328 837 5384 Et
850 5329 958 5401 legitur
1011 5331 1051 5388 Ne
1074 5332 1148 5398 torte
1171 5343 1262 5388 sumat
1286 5332 1320 5387 de
1342 5333 1415 5401 ligno
1443 5333 1541 5389 oitaeet
1569 5334 1647 5389 nient
1665 5337 1695 5388 iu
1717 5339 1860 5402 aeteruum,

114 5416 146 5476 in
160 5415 300 5476 liobraeo:
341 5415 518 5474 Ploutooerot
556 5423 646 5475 nutem
664 5419 792 5476 mutnus
817 5420 890 5476 Deus
901 5433 954 5491 po·
1011 5419 1046 5479 m
1059 5434 1179 5481 rursum
1192 5440 1204 5481 .·
1228 5421 1374 5482 amunte
1401 5426 1465 5479 onte
1478 5421 1645 5496 portuum
1665 5421 1807 5480 cherubina
1825 5421 1865 5480 od
