3804 5962
66 133 101 189 tit
738 119 874 182 rannus
891 119 1119 178 AllAEthlllUS.
1319 199 1325 210 ·
1780 116 1815 173 ab

68 254 281 325 triduanoque
313 252 410 310 adbuc
428 265 458 310 sa
481 248 641 308 contulerat
654 247 690 304 ad
717 246 916 304 l'heobaldum
931 246 956 300 ll
971 242 1257 315 aetus,postmodum
1272 239 1476 299 livori'eedens
1496 239 1643 298 secesserit
1656 208 1697 296 ¹in
1717 239 1817 297 solitu·

68 326 201 383 comitem
217 324 382 381 Palatinum
397 323 560 394 Campaniae
575 329 604 378 et
622 319 801 400 Brisgeii,·ut
820 319 857 399 ab
883 333 916 375 eo

69 395 182 467 aliquot
202 396 308 465 iugera
326 404 409 451 terrae
423 404 451 451 ιι
472 393 545 465 prati
566 394 740 472 impetraret,
759 404 786 446 in
807 389 917 460 quibus

68 467 176 539 laceret
201 465 388 523 tundamenta
403 465 513 523 cellulae
527 463 734 519 Paraclatensis
750 475 756 515 :
794 475 840 516 uae
856 475 914 515 oni·

67 538 117 594 nia
128 545 272 594 transacta
282 545 350 593 sunt
363 537 534 663 priusquam
549 541 742 591 accerseretur
753 475 791 588 aff
804 532 916 602 ltuyen-

68 609 109 665 sis
136 609 258 665 abbatiae
280 608 417 680 regimen.
469 607 502 662 ed
541 619 607 661 cum
638 610 773 661 evocatus
801 610 843 658 est
879 602 916 658 ad

69 679 148 737 illam
172 679 362 736 senonensem
378 677 641 749 congregationem,
654 675 716 745 iam
734 673 774 729 illi
793 673 916 754 deterior

70 757 156 807 mstas
181 750 279 806 carnis
302 749 416 821 aspergi
430 755 550 819 poterat,
577 747 629 803 etsi
649 746 703 801 hoc
716 745 751 800 de
773 744 917 801 eunuchis

69 829 187 889 negant,
198 821 256 893 jam
268 821 419 891 sexaginta
428 833 518 875 annos
532 818 675 889 attigerat.
687 816 740 871 Per
749 828 793 897 me
802 829 917 871 excuse

68 891 190 948 tnrlicet
205 892 293 948 solers
306 891 543 961 illeantiquitatis
558 885 914 955 concitioriimindagator,·

69 964 92 1019 si
107 963 136 1017 in
151 963 237 1034 longo
247 971 273 1018 et
285 962 394 1017 diiilcili
406 975 491 1031 opere
501 960 572 1017 teris
587 971 706 1037 somnus
718 959 743 1013 ei
760 958 914 1038 irrepserit.

104 1033 186 1096 Quod
211 1033 248 1089 ad
266 1034 475 1089 centuriatores
488 1028 778 1099 parthenopolitanus
801 1035 914 1095 attinet,

69 1104 122 1159 etsi
146 1104 237 1159 variis
256 1104 286 1159 in
303 1103 372 1160 locis
394 1103 485 1159 nostri
501 1102 593 1158 hii'us
621 1099 807 1156 honorificam
824 1112 916 1180 ‘men-

69 1175 176 1231 tionem
199 1175 325 1238 lecerint,
357 1173 489 1244 nihilque
510 1173 537 1227 di
553 1171 666 1239 igentia
686 1177 713 1225 et
736 1171 868 1248 solertiae¹
885 1182 915 1225 ni

69 1258 102 1301 eo
117 1244 302 1315 praedicando
317 1259 354 1300 ex
370 1244 537 1300 aiictcribus
550 1242 627 1298 illius
647 1241 702 1298 aevi
715 1241 915 1310 praeterierint,

69 1321 166 1372 tamen
186 1316 264 1387 quod
285 1315 483 1370 ecclesiasticae
499 1313 625 1369 historiae
645 1325 769 1368 massam
789 1318 916 1368 veterem

69 1394 96 1441 et
113 1388 251 1457 optimam
280 1399 353 1441 novo
368 1400 420 1441 suo
443 1385 583 1441 lermento
597 1385 798 1452 corruperint,
821 1382 915 1438 libens

68 1470 117 1512 eos
133 1462 283 1526 praetereo:
300 1455 432 1527 nihilque
447 1456 494 1512 hic
509 1454 719 1526 decerpendum
731 1460 801 1522 puto
815 1466 851 1508 ex
866 1466 913 1532 ve-

68 1526 191 1582 cissimis
212 1526 375 1582 Annalibus
397 1527 496 1597 magni
522 1526 601 1581 illius
616 1525 772 1581 cardinalis
788 1524 912 1591 Baronii,

970 317 1067 371 dinem
1089 315 1330 386 Novigentanam,
1360 313 1410 370 ubi
1427 312 1632 369 Paracleticum
1656 313 1816 368 oratorium

971 387 1150 443 anachoretis
1171 385 1266 456 potius
1293 398 1381 455 quam
1407 384 1557 440 coenobitis
1584 383 1757 450 construxit,
1787 384 1817 439 in

970 473 1029 528 quo
1045 464 1144 527 postea
1166 458 1271 513 sociam
1296 455 1416 512 thalami
1437 454 1563 523 praefecit
1577 453 1752 524 virginibus,
1783 463 1818 511 ut

970 530 1007 583 ad
1021 527 1125 585 Oceani
1159 527 1316 584 Britannici
1335 539 1401 583 oras
1424 526 1628 594 veneticosque
1643 526 1735 592 sinus,
1758 540 1818 580 mo-

971 599 1072 655 nachis
1091 599 1173 656 durae
1196 598 1317 654 cervicis
1344 597 1496 667 praelectus
1519 610 1593 652 onus
1621 595 1691 650 illud
1715 603 1816 666 sponte

970 669 1115 740 abjecerit.
1145 668 1231 724 addit
1259 670 1294 725 de
1326 682 1463 724 consessu
1478 668 1508 723 in
1529 666 1740 723 senonensibus
1763 667 1814 722 ad-

969 754 1073 797 versus
1096 740 1300 805 illumhabito,
1330 746 1362 795 ut
1386 751 1443 794 non
1470 738 1588 794 auditus
1614 738 1815 794 Innocentium

969 811 1130 881 appellarit,
1161 816 1193 867 ut
1220 810 1350 867 cluniaci
1387 810 1552 865 humaniter
1578 818 1716 879 exceptus
1734 817 1777 865 est
1799 822 1817 864 a

970 882 1154 939 llauriaceno
1178 881 1287 937 ordinis
1302 880 1441 950 generali,
1458 881 1592 948 quicum
1608 880 1641 934 l).
1671 879 1817 936 Bernardo

970 967 1004 1009 ac
1018 960 1206 1009 sacrosanctae
1233 953 1266 1008 ll.
1285 951 1344 1006 sedi
1359 952 1564 1014 reconciliavit,
1585 959 1730 1019 arctaque
1758 965 1816 1020 pie·

971 1025 1099 1080 nitentiae
1118 1023 1154 1079 ab
1177 1037 1209 1079 eo
1224 1030 1355 1090 peractae,
1375 1029 1403 1078 et
1427 1023 1567 1077 transitus
1581 1035 1648 1077 vere
1661 1021 1817 1078 Christiani

971 1095 1167 1151 testimonium
1187 1093 1344 1164 perhibuit.
1359 1094 1424 1149 llaec
1444 1101 1471 1148 et
1500 1092 1626 1163 plurima
1642 1093 1670 1148 in
1690 1093 1818 1149 lavarem

970 1165 1059 1235 hujus
1074 1164 1198 1221 doctoris
1210 1164 1347 1234 leguntur
1362 1165 1392 1218 in
1422 1163 1496 1219 rutis
1517 1171 1544 1219 et
1570 1163 1709 1220 caesisseu
1734 1162 1818 1219 rude

971 1237 1052 1292 ribus
1074 1235 1198 1291 Massoni
1215 1235 1292 1290 illius
1312 1233 1460 1290 architecti
1481 1249 1538 1289 non
1555 1235 1710 1305 poenitendi
1729 1249 1735 1289 :
1752 1247 1819 1305 quae

970 1314 1115 1376 quantum
1137 1306 1185 1361 hio
1206 1306 1251 1361 vir
1271 1304 1369 1372 luerit,
1394 1319 1484 1376 quam
1501 1306 1557 1361 Deo
1583 1305 1697 1372 charus,
1727 1318 1817 1375 quam

969 1378 1102 1504 lllcclesm
1122 1376 1270 1434 humiliter
1296 1383 1324 1431 et
1352 1378 1464 1433 sincere
1495 1374 1639 1444 obediens,
1669 1375 1738 1432 satis
1766 1375 1817 1431 de·

970 1455 1094 1504 cerani.

1005 1519 1058 1575 Sed
1073 1530 1174 1575 aurem
1195 1517 1267 1574 mihi
1282 1516 1394 1574 vellunt
1408 1518 1466 1575 duc
1486 1525 1625 1574 nostrates
1639 1525 1741 1597 ¹poetae
1770 1529 1819 1571 ve-

68 1598 156 1666 cujus
183 1597 287 1653 animm
305 1599 342 1655 ob
364 1598 479 1668 vigilias
496 1605 524 1652 ιι
546 1597 668 1664 labores,
690 1610 764 1665 quos
785 1595 916 1651 Ecclesiae
931 1590 953 1646 it
970 1589 1131 1652 iustissimi,
1159 1602 1285 1659 quorum
1310 1603 1389 1645 unus
1402 1603 1569 1660 anonymos,
1589 1603 1645 1668 ¹qui
1664 1589 1741 1644 cirea
1754 1601 1819 1667 ¹an-

973 1675 1044 1717 num
1071 1660 1138 1714 1360
1163 1660 1290 1726 vivebat,
1313 1661 1364 1716 hos
1386 1661 1508 1717 rithmos
1535 1660 1632 1724 ludit,
1651 1673 1687 1715 ex
1709 1658 1819 1730 quibus

974 1739 1093 1812 apparet
1115 1730 1299 1812 abaelardum
1313 1732 1347 1811 de
1361 1730 1450 1788 libero
1465 1730 1590 1788 hominis
1604 1731 1732 1811 arbitrio,
1750 1741 1818 1785 cum

972 1801 1132 1859 universali
1167 1801 1294 1858 Ecclesia
1331 1801 1405 1857 idem
1437 1804 1560 1859 sensisse
1575 1809 1602 1858 ιι
1626 1800 1779 1857 credidisse
1808 1813 1816 1853 :

972 1887 1062 2000 guam
1092 1872 1173 1928 liberi
1204 1870 1318 1928 arbitrii
1339 1872 1424 1929 iidem
1448 1873 1598 1929 Erminius
1621 1873 1671 1940 qui
1693 1885 1710 1927 a
1735 1869 1818 1927 nobis

68 1680 159 1723 causa
172 1673 212 1724 tot
225 1681 316 1723 annos
329 1669 454 1738 perterre
468 1668 570 1734 voluit,
583 1667 693 1723 omneis
709 1667 779 1723 bene
806 1665 918 1735 precari

69 1737 184 1794 debent.
199 1738 290 1795 llulta
305 1739 351 1795 ille
361 1739 397 1795 de
413 1740 494 1794 Petro
504 1745 602 1794 nostro
618 1736 825 1808 ejusquetetioi
837 1737 919 1793 obitu

69 1808 182 1877 prolixe
199 1818 326 1865 recenset
341 1817 408 1866 toni.
426 1810 490 1876 llll,
507 1824 573 1880 quae
588 1809 647 1878 ipse
661 1822 698 1864 ex
714 1821 804 1877 supra
822 1807 918 1874 dictis,

69 1880 226 1949 presertim
251 1893 288 1935 ex
307 1880 388 1936 Petro
404 1881 507 1937 abbate
529 1879 613 1936 Clun.
630 1878 702 1935 bene
727 1879 916 1948 transcripsit·

106 1949 140 2008 V.
157 1949 198 2007 ci.
216 1952 393 2008 Bertrandus
414 1954 599 2023 argentraeus
612 1963 716 2019 praeses
744 1950 918 2006 Rhodonen-

69 2020 117 2086 sis,
136 2021 158 2074 Ι.
183 2021 213 2079 C.
231 2023 347 2078 acutiss.
370 2030 398 2079 at
413 2023 604 2079 Historiarnm
627 2021 785 2077 Britanniae
804 2020 917 2077 Celticae

67 2092 190 2161 scriptor
213 2091 390 2150 luculentiss.
413 2093 465 2165 qui
488 2106 533 2149 me
551 2105 638 2149 senex
657 2100 687 2149 ιι
709 2099 863 2149 veteranus
875 2091 918 2147 di·

70 2160 150 2230 Ιιιιίι,
170 2177 236 2219 cum
255 2179 308 2234 ego
327 2164 528 2234 Neoptolemus
543 2163 636 2233 prima
658 2163 798 2232 tyrocinia
822 2162 918 2233 magi-

71 2240 179 2288 stratus
193 2234 223 2288 in
238 2235 428 2291 senatuillius
443 2234 598 2305 provinciae
613 2234 773 2304 experirer,
788 2241 814 2288 et
830 2247 917 2302 quem

69 2315 122 2372 ego
147 2304 244 2369 unice,
267 2313 294 2360 et
327 2313 358 2361 ut
388 2313 497 2375 patrem
528 2319 593 2361 sum
619 2311 783 2369 veneratus,
813 2304 917 2359 Anna·

69 2372 142 2429 lium
171 2375 418 2433 suorumduobus
440 2378 469 2432 in
494 2376 572 2443 locis,
589 2375 679 2446 hujus
702 2373 791 2432 nostri
823 2374 916 2430 Brito-

69 2444 126 2511 nis,
146 2443 269 2525 ejusque
279 2445 387 2518 ingenii
403 2447 559 2503 honorilice
587 2445 727 2502 meminit.
745 2444 841 2501 Primo
851 2444 914 2514 qui-

69 2515 133 2570 dem
149 2515 232 2582 libro,
257 2529 320 2586 cap.
348 2519 396 2585 ib,
422 2518 473 2574 ubi
504 2531 624 2586 magnos
646 2516 765 2573 vimset
792 2515 918 2571 celebres

70 2598 108 2640 ex
120 2588 293 2643 Aremoricis
312 2595 389 2645 ortos
398 2588 442 2644 vel
460 2588 599 2645 oriundos
624 2595 762 2655 recenset,
792 2587 918 2657 primas-

73 2670 130 2726 que
146 2657 177 2713 io
207 2657 363 2715 iilosoliaet
378 2659 521 2729 theologia
533 2660 561 2715 ei
585 2660 727 2716 attribuit.
756 2658 791 2713 Et
807 2658 857 2714 tib.
875 2673 915 2724 ni,

71 2739 135 2795 cap.
147 2731 173 2795 b,
191 2729 219 2783 in
232 2729 298 2786 Vita
310 2730 439 2787 Connani
456 2731 504 2796 ΙΙΙ,
521 2729 570 2787 ubi
598 2744 665 2786 eum
684 2729 865 2793 universalis,
888 2728 918 2784 id

71 2807 114 2854 est
127 2801 257 2856 omniscii
278 2803 395 2859 nomine
410 2803 525 2859 decorat
541 2817 548 2855 τ
566 2799 725 2871 quodvult
747 2799 787 2855 ita
814 2798 915 2869 accipi,

71 2875 104 2926 ut
117 2883 176 2925 non
188 2872 286 2927 cinnia
310 2873 426 2929 sciverit
452 2871 541 2950 (quod
568 2872 597 2925 in
613 2883 791 2996 quemquam
815 2870 917 2927 cadere

71 2953 130 2996 ncn
155 2944 271 3010 potest),
308 2943 357 2998 sed
381 2949 595 3011 comparatione

71 3011 182 3066 omneis
232 3026 285 3066 uos
308 3012 395 3083 longo
418 3012 509 3081 spatio
532 3010 630 3075 anteit,
663 3010 749 3081 quus
780 3011 918 3069 doctrinae

72 3080 189 3160 fiducia,
210 3026 400 3139 ffundamenta
425 3082 489 3136 fidei
513 3089 618 3138 sanctes
638 3082 667 3136 in
696 3084 918 3139 demonstratio-

71 3151 160 3206 nibus
181 3152 317 3209 humanis
340 3153 433 3209 voluit
456 3152 604 3208 collocare.
633 3152 699 3208 llaec
724 3158 917 3223 argentraeus,

72 3222 122 3290 qui
145 3229 296 3301 postquam
321 3231 409 3279 totam
424 3223 574 3279 historiam
590 3223 666 3279 hanc
683 3232 851 3293 prosecutus
864 3233 917 3291 est,

71 3298 205 3360 queritur
216 3307 283 3349 eum
301 3307 361 3349 non
375 3294 462 3350 luisse
481 3295 614 3350 auditum
630 3295 658 3349 in
685 3294 805 3351 concilio
819 3305 920 3352 contra

71 3375 138 3418 eum
154 3371 261 3431 coacto,
282 3365 360 3433 quod
371 3365 481 3421 omneis
496 3365 686 3436 quantumvis
698 3365 773 3420 docti
800 3374 828 3421 et
847 3367 918 3423 sub·

73 3432 144 3512 tiles,
164 3434 228 3504 ejus
242 3447 365 3491 acumen
381 3435 500 3505 ingenii,
517 3436 625 3506 linguae
639 3436 782 3493 versatilis
804 3438 919 3493 volubi-

72 3503 190 3572 litatem,
204 3505 377 3575 eloquentie
393 3506 502 3563 llumen
518 3521 650 3573 aureum,
676 3507 720 3562 vel
738 3507 834 3576 potius
863 3508 917 3565 lul-

72 3587 138 3630 men
175 3575 304 3646 igneum,
326 3585 354 3633 ιι
378 3577 540 3644 trisulcum,
564 3577 635 3646 syllo
658 3577 797 3634 ismorum
823 3579 920 3651 grylos

71 3651 99 3700 ιι
121 3653 251 3702 contorta
275 3648 491 3717 enthymemata
519 3593 759 3704 reformidariut:
784 3649 818 3702 lt.
847 3650 920 3705 Ber·

71 3716 198 3771 nardum
213 3731 250 3772 ex
266 3717 355 3774 nimio
368 3717 427 3776 zelo
445 3727 473 3775 et
489 3719 644 3775 solitudine
657 3719 694 3775 ad
718 3720 918 3776 credulitatem

71 3793 99 3841 et
124 3786 196 3842 iram
218 3802 353 3858 pronum,
369 3791 438 3847 dicit
457 3804 524 3848 cuni
539 3804 572 3846 eo
593 3790 754 3846 simultates
782 3792 917 3860 gravissi-

71 3868 135 3912 mas
162 3861 335 3928 exercuisse,
359 3861 398 3916 ita
426 3867 459 3916 ut
493 3861 599 3926 literas,
624 3861 790 3917 acrimonia
816 3862 919 3932 plenas

71 3927 217 3997 scripserit
234 3931 270 3986 ad
286 3932 390 4000 varios,
419 3932 445 3987 ei
474 3931 646 4002 refragante,
663 3938 703 3993 ut,
734 3931 840 4002 inquit,
869 3933 917 3989 ab·

71 3998 146 4079 bate,¹
163 4014 251 4070 quem
272 4002 458 4069 Guillelmum
481 4010 576 4061 vocat.
592 4016 741 4128 perferam
762 4017 854 4072 ;cum
869 4004 918 4060 ab·

72 4068 125 4125 bas
140 4069 187 4126 ille
202 4073 361 4141 discipulus
379 4073 454 4129 Petri
470 4088 528 4130 non
552 4072 644 4129 Guille
656 4087 732 4138 mus,
754 4073 801 4129 sed
818 4074 919 4131 Petrus

72 4138 267 4210 Berengarius
279 4144 365 4199 luerit
384 4143 536 4212 vocitatus,
553 4144 602 4213 qui
619 4144 762 4199 Britonem
786 4153 917 4201 nostrum

992 1945 1114 2001 eiecerat
1126 1943 1204 1999 hisce
1224 1941 1332 2000 ultimis
1344 1944 1429 2000 annis
1443 1944 1472 1999 in
1487 1943 1598 2014 aliquot
1622 1942 1745 1998 Bataviae
1774 1954 1820 2010 op

972 2015 1046 2086 pidis
1065 2013 1223 2077 renovavit,
1237 2012 1364 2070 maxima
1374 2029 1443 2071 vero
1457 2015 1487 2070 in
1503 2014 1575 2070 urhe
1603 2014 1820 2071 Roterodamaea

971 2100 1008 2142 ex
1022 2099 1081 2157 qua
1099 2085 1238 2141 Erasmus
1256 2087 1355 2140 ortus:

1113 2228 1205 2282 Pierre
1218 2225 1367 2281 Abuillcrd
1378 2241 1410 2280 eii
1420 2241 1459 2281 aa
1473 2224 1595 2295 chapitrc

1116 2297 1154 2351 dii
1167 2298 1189 2351 it
1203 2298 1282 2366 porte
1294 2296 1329 2351 de
1342 2299 1423 2364 {racc
1438 2298 1552 2366 arbitra,

1112 2370 1188 2424 Nous
1202 2367 1245 2421 dit
1260 2370 1334 2422 cinai
1346 2384 1379 2422 eit
1392 2370 1487 2436 verite,

1112 2438 1167 2504 Quae
1182 2438 1244 2493 c'est
1260 2455 1313 2493 uite
1328 2439 1443 2494 bubiletd

1112 2510 1313 2566 benevolente
1327 2511 1513 2577 raisonrtobie,

1114 2581 1173 2637 soit
1185 2581 1219 2635 de
1232 2581 1292 2636 biert
1307 2597 1341 2637 oti
1354 2582 1387 2636 de
1401 2583 1458 2636 mol
1466 2581 1605 2651 preaable,

1113 2654 1169 2707 Por
1180 2667 1261 2719 qruce
1275 2659 1314 2706 est
1329 2657 1346 2707 d
1366 2653 1426 2706 bien
1436 2655 1511 2719 scire
1522 2654 1634 2720 anolino,

1113 2725 1176 2778 litd
1189 2725 1245 2778 mal
1263 2724 1358 2793 quand
1378 2725 1427 2778 elle
1442 2725 1554 2779 decline.

1015 2865 1054 2920 lle
1069 2863 1124 2920 hac
1146 2863 1306 2936 questione
1334 2864 1505 2922 diltieillinia
1528 2865 1660 2922 videndae
1683 2871 1751 2921 sunt
1774 2864 1823 2920 ad-

640 2941 719 2996 abita
742 2940 777 2995 ad
794 2939 921 3008 reliquos
937 2948 959 3003 c
975 2949 1078 2992 versus
1093 2948 1209 2992 servum
1227 2934 1311 2991 Luth.
1326 2936 1480 2993 arbitrium
1501 2936 1631 2993 diatriba
1643 2937 1675 2992 Ι).
1698 2936 1820 2992 Erasmi.

974 3005 1144 3063 Guillelmus
1166 3006 1201 3062 de
1224 3006 1321 3063 Loriso
1350 3008 1436 3078 paulo
1460 3009 1618 3078 antiquior,
1645 3007 1692 3063 sed
1724 3015 1822 3077 poeta-

974 3091 1040 3134 rum
1057 3077 1101 3133 sui
1136 3076 1224 3134 seculi
1245 3078 1388 3148 princeps,
1408 3080 1577 3149 complexus
1603 3085 1631 3134 ιι
1671 3078 1823 3134 historiam

973 3146 1117 3204 Ahaelardi
1142 3148 1171 3203 in
1187 3146 1237 3202 illo
1253 3158 1393 3217 poemate,
1409 3157 1442 3205 ut
1463 3150 1511 3206 illa
1526 3149 1655 3206 ferebant
1682 3156 1737 3205 teni
1779 3162 1821 3216 ra,

972 3221 1063 3289 epico,
1092 3219 1139 3275 cui
1169 3218 1290 3274 Romani
1328 3221 1362 3277 de
1391 3221 1464 3277 Boea
1494 3221 1710 3290 inscriptionem
1753 3220 1821 3275 edit.

972 3290 1053 3356 Quod
1081 3303 1156 3359 opus
1183 3290 1265 3345 varia
1282 3298 1309 3346 et
1342 3293 1505 3361 promiscua
1524 3291 1657 3347 doctrina
1672 3291 1821 3357 refertum,

973 3361 1022 3417 sed
1044 3361 1174 3417 noudum
1201 3366 1237 3416 ad
1253 3362 1423 3418 umbilicum
1440 3365 1611 3433 perductum
1639 3363 1763 3418 loannes
1787 3362 1822 3417 dc

974 3431 1117 3501 llagiluuo
1141 3430 1325 3500 attigerim,
1341 3434 1434 3490 dictus
1452 3431 1637 3503 Clopinellus,
1654 3433 1732 3503 quod
1759 3446 1821 3488 sca·

973 3509 1085 3559 contem
1100 3508 1191 3570 notat,
1213 3503 1434 3560 mathematicus
1463 3505 1594 3574 insignis,
1626 3502 1823 3573 quadraginta

975 3581 1037 3644 post
1066 3572 1151 3652 annis
1174 3572 1305 3629 absolvit.
1331 3575 1439 3632 Versus
1469 3577 1498 3632 in
1527 3575 1641 3631 laudem
1668 3576 1824 3645 utriusque

973 3658 1031 3700 non
1047 3656 1140 3700 ausim
1156 3657 1309 3713 apponere.

1009 3714 1080 3771 Cum
1105 3728 1172 3769 vero
1200 3714 1373 3772 Abaelardus
1398 3717 1516 3788 juvenis
1531 3716 1672 3788 plurimos
1698 3715 1822 3772 oratorio

973 3785 1047 3866 stylo
1066 3784 1187 3841 rithmus
1215 3786 1396 3853 vernaculos,
1418 3789 1502 3856 quasi
1523 3787 1662 3857 hybridas
1688 3801 1740 3857 pro
1766 3787 1822 3842 lle·

973 3855 1060 3913 loissa
1075 3869 1128 3911 sua
1152 3855 1275 3926 luderit3
1292 3857 1393 3913 vellem
1419 3858 1546 3915 licuisset
1561 3858 1635 3914 mihi
1654 3858 1753 3915 eadem
1774 3871 1821 3912 ve·

974 3934 1050 3983 tusta
1066 3927 1176 3997 lingua,
1202 3941 1269 3997 qum
1284 3929 1369 3984 nobis
1383 3931 1465 3998 opica
1480 3930 1538 3985 dici
1567 3937 1669 3999 potest,
1693 3929 1738 3984 his
1763 3929 1822 3984 elo·

974 3998 1029 4068 giis
1047 3996 1172 4053 inserere
1200 3998 1308 4053 similes
1331 3999 1452 4055 rithmos
1478 4001 1587 4071 quibus
1622 4013 1712 4057 verus
1742 4007 1824 4070 poeta

973 4067 1185 4125 conaturviros
1206 4069 1348 4125 avinculi
1369 4071 1465 4127 uxorii
1491 4071 1633 4127 desiderio
1666 4071 1822 4138 retrabere,

973 4154 1021 4196 ecs
1047 4138 1202 4195 dehortans
1225 4154 1261 4194 ne
1276 4141 1399 4197 maritali
1426 4142 1552 4213 capistro
1575 4142 1648 4198 colla
1677 4142 1823 4209 subdant,

71 4209 150 4265 claro
167 4212 325 4279 patrocinio
341 4221 451 4270 tutatus
464 4221 516 4270 est.
543 4214 586 4271 Ad
603 4214 737 4269 ultimum
759 4214 827 4271 dicit
854 4229 921 4272 eum
976 4208 1032 4266 nisi
1052 4209 1141 4266 velint
1155 4209 1295 4266 libertatis
1313 4214 1457 4283 jacturam
1480 4213 1589 4270 subire.
1609 4213 1766 4283 adlertque
1787 4213 1825 4268 ad

71 4287 131 4334 tam
156 4283 336 4350 perspicuam
363 4285 629 4353 interpretationem
659 4284 720 4340 suis
743 4286 920 4342 enuntiatio·
937 4283 959 4339 li
976 4280 1173 4351 probationem
1212 4280 1301 4351 hujus
1342 4283 1410 4338 dicti
1448 4283 1661 4340 mensurabilem
1687 4283 1822 4339 lleloissae

74 4349 161 4405 nibus
189 4354 328 4419 attulisse,
362 4363 394 4410 ut
418 4369 484 4425 quae
503 4357 595 4425 primo
618 4364 736 4424 aspectu
765 4357 921 4426 ancipitem

73 4434 175 4503 curam
201 4425 347 4495 cogitandi
376 4425 547 4491 afferebant,
574 4427 719 4483 intellecta
739 4427 802 4498 ejus
827 4428 919 4484 inter·

74 4499 242 4562 pretatione,
272 4503 369 4564 postea
398 4510 475 4563 vera,
493 4496 615 4567 liquida,
632 4505 719 4559 certa.
750 4506 777 4553 et
791 4499 856 4554 lldei
872 4512 917 4554 or·

75 4564 207 4621 thodoxae
232 4580 357 4623 consona
369 4567 589 4636 judicarentur;
605 4568 636 4623 in
656 4581 717 4638 qua
735 4569 853 4638 quidem
879 4577 917 4624 ie-

73 4641 167 4690 statur
203 4636 287 4694 illum
313 4637 430 4705 obiisse,
457 4639 711 4765 Chrisgianamquo
737 4640 920 4710 sepulturam

73 4717 139 4760 cuin
164 4720 257 4764 uxore
276 4708 450 4774 doctissima,
468 4709 574 4767 Graecs
594 4709 802 4782 Hebraicisque
830 4711 921 4767 literis

73 4785 186 4842 ornata,
202 4787 229 4833 ιι
242 4792 404 4850 numquam
419 4781 488 4836 satis
503 4781 622 4837 laudata
649 4779 767 4838 femina.

87 4844 216 4926 ,Eadem
241 4850 312 4918 pede
338 4851 423 4907 relert
443 4850 480 4907 lo.
511 4852 643 4921 Papirius
663 4851 814 4909 llassonus
840 4851 921 4908 lami-

73 4912 154 4996 lraris
168 4931 259 4985 meus,
285 4928 312 4976 et
333 4922 487 4978 historicus
512 4922 789 4988 confidentissimus,
812 4922 919 4979 huual.

73 4985 122 5055 lll,
140 5002 169 5043 in
200 4989 343 5047 Ludonico
371 4992 510 5049 tuotone:
533 4994 584 5050 ubi
607 5002 704 5050 crtum
727 4993 791 5064 ejus
816 4994 846 5049 in
869 4998 921 5050 hr-

73 5058 194 5137 morica,
205 5060 312 5125 studia,
329 5061 439 5134 logicae,
452 5065 518 5119 dein
542 5064 704 5147 theologiae,
730 5065 849 5122 Lutetiae
877 5066 919 5120 iu-

73 5133 184 5208 Ιιιιιιιιι,
204 5136 315 5187 amores
336 5133 410 5189 inter
423 5133 505 5189 illum
519 5142 546 5190 et
574 5135 733 5192 lliiloissam
763 5136 872 5207 pangit,
890 5142 922 5191 ut

72 5195 122 5253 illa
138 5209 266 5257 ventrem
280 5202 386 5282 tulerit,
404 5204 519 5275 lugerit,
539 5209 691 5276 pepererit.
705 5206 788 5264 Petro
804 5219 923 5262 reversa

73 5268 147 5352 clam
174 5280 315 5341 nupserit,
333 5280 365 5328 ut
379 5274 442 5346 ejus
470 5284 550 5345 pater
566 5277 611 5335 rel
627 5287 751 5348 patruus
778 5276 919 5347 injuriam

74 5348 200 5398 sectione
220 5342 301 5400 ultus
323 5344 369 5407 sit.
392 5353 425 5401 ut
438 5345 486 5404 ille
502 5348 532 5405 in
552 5349 726 5406 monasterio
744 5346 922 5417 Dionysiana

976 4351 1159 4417 sententiam,
1188 4365 1278 4420 quam
1306 4353 1405 4409 laiidat
1434 4362 1466 4410 ut
1494 4355 1629 4411 leminam
1658 4355 1770 4410 doctam
1793 4363 1822 4410 et

973 4424 1157 4492 sapientem:
1187 4436 1262 4492 quie,
1291 4426 1425 4493 quamvis
1448 4426 1582 4482 ardenter
1609 4427 1706 4481 virum
1733 4439 1821 4481 suum

974 4493 1108 4551 dilexerit
1123 4500 1150 4549 et
1173 4493 1325 4562 deperierit
1357 4508 1394 4550 ex
1408 4510 1467 4566 quo
1483 4505 1575 4552 mater
1599 4496 1690 4552 illium
1725 4509 1820 4552 susce·

975 4573 1066 4636 perat,
1078 4564 1131 4635 qui
1158 4571 1267 4633 patrem
1284 4579 1333 4620 cre
1361 4565 1488 4631 referret,
1506 4575 1602 4623 tamen
1631 4567 1823 4637 quantumin

975 4636 1025 4693 illa
1041 4636 1106 4701 luit,
1121 4635 1179 4703 egit
1202 4636 1318 4706 magnis
1337 4638 1471 4705 precibus
1495 4653 1562 4695 cum
1578 4638 1635 4703 illo,
1659 4652 1745 4707 quem
1760 4644 1836 4707 post.

975 4709 1064 4763 ileum
1080 4704 1333 4784 suspiciamque,
1356 4714 1388 4764 ιιι
1411 4709 1514 4766 honori
1543 4721 1691 4780 puerperae
1719 4722 1825 4764 consu-

975 4779 1055 4842 leret,
1076 4788 1190 4855 eamex
1217 4789 1310 4832 amica
1325 4778 1455 4835 redderet
1484 4794 1603 4837 uxorem
1629 4779 1748 4836 solemni
1764 4779 1825 4835 ritu

974 4858 1002 4905 et
1018 4846 1217 4926 benedictione
1239 4847 1363 4916 nuptiali
1380 4865 1387 4903 ι
1404 4852 1473 4906 satis
1487 4866 1548 4907 csse
1562 4851 1706 4916 dictitans,
1732 4851 1755 4907 si
1774 4850 1825 4906 illa

976 4919 1077 4974 intiiuo
1105 4924 1229 4987 pectoris
1258 4931 1384 4975 amorem
1417 4930 1553 4978 mutuum
1577 4935 1708 4986 servans,
1739 4921 1825 4976 illum

975 4990 1085 5045 videret
1113 4991 1200 5043 iiiitra
1226 4995 1254 5043 et
1282 4988 1623 5063 infulispoutillcalibus‚
1649 4993 1758 5063 quibus
1779 4992 1825 5048 di·

975 5074 1052 5131 gnus
1077 5067 1149 5126 erat,
1178 5068 1325 5116 ornatum.
1341 5063 1395 5119 Sed
1430 5067 1512 5133 poeta
1532 5065 1568 5134 lin
1593 5062 1682 5120 alium
1705 5076 1825 5120 sensum

976 5134 1030 5187 boc
1043 5130 1205 5201 detorquet,
1219 5132 1304 5200 quasi
1321 5133 1369 5189 illa
1382 5134 1505 5192 innuere
1523 5134 1649 5192 voluerit
1670 5134 1822 5191 suaviores

974 5216 1034 5259 csse
1052 5208 1326 5271 amantium,quam
1350 5203 1463 5275 legibus
1485 5204 1711 5263 connubiallbus
1732 5219 1825 5261 nexo·

976 5286 1052 5337 rum,
1080 5271 1254 5342 amplexus:
1271 5274 1350 5343 quod
1378 5288 1436 5330 non
1462 5289 1496 5331 eo
1519 5277 1696 5334 trahendum
1722 5283 1774 5339 est,
1791 5283 1826 5335 ut

975 5343 1042 5400 iude
1057 5342 1193 5399 credatur
1204 5356 1238 5399 ea
1253 5344 1384 5401 animum
1398 5346 1544 5402 athalaiiii
1558 5347 1677 5418 juribus
1694 5347 1825 5404 alienum

74 5412 210 5493 monachi
250 5413 342 5480 cultu,
377 5416 426 5473 illa
456 5420 606 5477 monaches
644 5421 674 5475 in
709 5417 921 5489 argentoliensi
975 5422 1003 5472 ct
1036 5413 1239 5495 abhorrentem
1272 5414 1418 5483 babuisse,
1451 5425 1502 5475 aut
1534 5417 1668 5500 praeferre
1699 5419 1827 5476 voluisse

74 5478 202 5562 latuerit,
242 5493 274 5541 ut
301 5487 348 5543 ille
389 5489 419 5543 in
472 5489 710 5558 perlectissimum
757 5489 921 5560 theologum
974 5484 1186 5543 concubinatus
1208 5486 1368 5544 libertatem
1387 5489 1601 5547 conditionibus
1623 5490 1826 5560 quamtumvis

75 5549 127 5633 illa
160 5554 191 5611 iu
225 5555 448 5616 eruditissimam
482 5565 511 5616 et
554 5559 794 5617 modestissimam
821 5560 922 5617 diaco·
975 5557 1080 5631 amplis
1092 5562 1120 5614 ct
1135 5555 1298 5629 magnificis
1307 5558 1481 5630 nuptiarum
1502 5560 1650 5633 regiarum
1662 5560 1732 5632 ;sed
1745 5560 1825 5633 quod

69 5635 184 5700 ‚nissam
213 5629 347 5699 exserit,
372 5636 405 5688 ut
434 5629 555 5689 docendi
583 5641 692 5689 munus
720 5637 849 5701 repetere
874 5643 923 5688 co·
975 5635 1056 5690 ιιιιι
1082 5641 1195 5700 amore,
1210 5634 1349 5701 unoquo
1364 5630 1574 5690 reverentiasit
1597 5638 1752 5703 prosecuta
1771 5631 1822 5690 do
