3804 5962
79 194 84 237 t
107 175 188 231 4865
633 169 896 229 arotocmtctis
917 170 986 226 PRO
1005 169 1119 226 astho
1138 170 1350 228 ABAELARDO.
1786 180 1869 237 ,1806

102 302 190 373 Quid
206 302 319 374 plural
343 303 413 358 'lota
429 303 485 358 Ars
496 302 600 357 Poetico
613 301 710 372 jurata
729 307 830 356 contra
849 305 875 355 te
887 296 1000 355 heliab
1052 299 1106 356 Gar
1119 299 1223 354 dantur
1241 301 1348 366 frustra
1372 314 1422 368 pro
1447 300 1560 368 psalmis
1579 303 1702 358 caucina
1725 307 1870 376 paleira?

79 377 82 407 ³
106 393 253 461 suscepit.
277 391 400 447 Deberes
425 404 526 446 revera
552 389 661 459 ingenii
687 388 728 445 tul
766 390 965 459 puerperium,
1144 372 1210 426 Plus
1225 372 1398 440 PlldtSStill'
1413 376 1453 425 ἴθι
1467 386 1498 425 :e
1518 373 1744 430 “imminet-¹

79 464 346 552 'juxtaejusdem
369 478 691 548 poetaeinstltutiouem,
711 492 820 534 nonum
838 490 967 547 premere
1021 474 1101 543 Quod
1131 477 1155 533 si
1174 477 1300 532 dolorem
1331 491 1418 533 suum
1440 477 1633 536 delinimentis
1662 480 1804 540 lacundirc
1825 498 1870 543 re-

84 568 146 624 ἰιι
168 583 297 633 anuum;
321 571 353 623 ut
382 565 455 622 male
476 574 622 622 tornatum
646 580 719 635 opus
743 579 846 622 rursus
870 565 968 621 liceret
1023 564 1174 635 medioque
1201 566 1340 622 carminis
1354 580 1512 636 evaporare
1527 569 1651 635 nolebat,
1676 583 1799 630 curuou
1818 575 1873 632 sal·

79 644 85 679 ³
107 657 218 715 incudi
236 647 361 720 reddere,
377 663 404 710 et
432 668 535 710 curare
557 670 592 709 ne
609 663 634 710 te
649 654 727 711 lunae
744 655 825 710 labor
843 654 968 711 attende·
1021 660 1077 709 tem
1094 667 1183 724 super
1206 654 1258 709 hoc
1279 654 1427 724 proprium
1443 656 1597 724 separatim
1614 659 1789 726 opusculum
1801 675 1873 719 con-

79 728 87 770 *
109 752 171 804 ret.
190 746 309 802 Deberes
326 745 427 814 utique
443 743 639 800 festinantiam
653 745 814 799 emissionis
840 741 968 813 dillerre,
1022 740 1194 799 debathec
1219 742 1336 798 deerant
1352 755 1369 798 a
1384 744 1493 813 quibus
1509 743 1573 800 talis
1596 746 1723 804 materias
1747 750 1873 809 mutuari

79 804 418 905 lonrrrscrtprumsit:
1023 837 1118 898 posset
1145 827 1303 898 exemplar.
1333 827 1463 884 Socrates
1496 836 1618 885 mortem
1650 832 1694 887 sui
1716 831 1875 893 Alcibiadis

81 908 95 949 ¹
336 961 342 974 .
365 962 371 976 .
395 960 401 978 .
425 923 530 977 ‚nescit
543 923 691 976 acamisso
704 922 813 975 reuerti.
1024 916 1213 986 philosophici
1229 917 1335 989 vigoris
1352 916 1482 973 ubertate
1504 923 1636 975 testatur.
1654 921 1733 977 Plato
1759 921 1875 980 Alexim

79 986 291 1067 *Laudamus
319 1010 348 1064 in
376 1017 411 1074 te,
442 1011 533 1076 Pater,
559 1021 664 1065 venam
687 1009 877 1080 ingemisci
902 1009 972 1067 ariis
1025 1020 1160 1076 lucrum,
1191 1005 1239 1060 cni
1268 1003 1425 1060 amatorias
1448 1005 1651 1063 cantiunculas
1663 1018 1874 1079 composuerat.

79 1085 95 1125 ¹
114 1099 274 1167 culpamus
288 1098 441 1154 inscitiam.
456 1098 524 1154 inde
533 1098 659 1168 estquod
676 1097 973 1155 veteresdilhuierunt
1026 1093 1131 1163 insigni
1143 1093 1227 1148 titulo
1242 1092 1322 1148 ducit
1337 1092 1373 1148 ad
1388 1093 1547 1149 tumulum.
1568 1095 1657 1151 Taceo
1670 1098 1874 1171 Pythagoram,

79 1175 96 1228 Ἠ
116 1187 272 1258 ingenium
285 1186 506 1254 essemutilum,
532 1186 586 1242 uisi
613 1199 696 1256 opem
725 1187 796 1242 artis
822 1186 879 1242 sibi
900 1186 971 1242 asci-
1026 1181 1213 1250 Demetrium,
1228 1181 1413 1248 Carneadem,
1444 1182 1653 1253 possidonium,
1677 1185 1874 1260 reliquosque,

79 1263 97 1307 ¹¹
119 1282 193 1332 scat.
216 1275 386 1331 Laudentur
414 1275 487 1331 sales
503 1273 615 1341 Lucilii,
645 1280 673 1330 et
702 1280 798 1329 tamen
826 1275 975 1332 mordetur

80 1354 99 1410 Ψ
122 1364 205 1437 quud
223 1365 409 1433 incomposito
432 1371 529 1421 currat
546 1364 639 1432 pede:

79 1442 94 1483 Β
177 1455 309 1522 impostos
323 1468 417 1506 uersus
434 1456 569 1520 componit
584 1455 610 1504 et
621 1454 680 1504 orte
704 1455 826 1506 carentes

79 1533 97 1573 rr
229 1525 458 1591 Enniusinpenia
473 1523 560 1589 diues,
575 1526 601 1577 ct
616 1526 675 1577 arte
687 1522 777 1579 radis.

79 1624 99 1679 ιι
123 1629 148 1684 E
163 1627 271 1700 quibus
285 1634 327 1683 est
343 1627 410 1684 ille:

79 1713 97 1753 '³
235 1735 332 1791 Omnes
345 1734 472 1789 mortales
481 1748 537 1788 sese
552 1732 813 1804 laudariecoptaat.

79 1890 95 1930 Η
126 1839 337 1911 sedquoniam
364 1838 449 1910 lippis
463 1846 490 1895 et
515 1838 681 1895 tonsoribus
700 1839 789 1896 claret
814 1839 892 1911 quod
915 1854 974 1898 non

86 1980 94 2021 Ι
126 1936 203 1987 recte
226 1930 351 1985 lamenta
378 1929 564 1998 epithalamio
587 1928 762 1999 conjugasti,
782 1927 852 1985 libet
875 1928 976 2001 aliqua

79 2006 90 2109 [Ι
126 2014 162 2072 de
187 2017 248 2087 ipso
275 2017 363 2073 boatu
389 2017 500 2088 tragico
523 2017 676 2088 speculari.
704 2018 782 2074 luter
804 2024 917 2084 caetera,
945 2017 976 2073 ni

79 2164 82 2181 Ι
125 2104 218 2172 lallor,
243 2110 364 2162 oratoris
388 2108 477 2163 nostri
505 2108 638 2178 lugubris
661 2121 743 2162 musa
772 2107 813 2164 sic
839 2107 973 2165 calculat.

126 2213 141 2242 «
161 2196 281 2251 Decessit
297 2195 384 2252 trater
399 2212 415 2253 a
428 2198 497 2263 vita,
533 2197 623 2252 imant
638 2196 745 2253 rectius
770 2195 872 2263 fatear,
897 2211 971 2253 mirr-

79 2338 86 2362 ᾖ
127 2289 181 2339 tem
203 2284 318 2355 reliquit
340 2299 390 2355 pro
419 2285 488 2340 rita.
512 2284 620 2348 Frater,
644 2284 776 2355 inquam,
792 2286 919 2353 decessit,
936 2291 976 2343 te·

79 2370 81 2375 ’
125 2385 180 2427 nur
192 2373 386 2439 continentiae,
408 2387 520 2428 morum
538 2373 700 2442 speculum,
732 2373 882 2431 vinculum
914 2374 977 2430 roli-

82 2532 85 2539 .
126 2458 230 2528 gionis.
247 2459 316 2522 Quis
333 2459 455 2515 ulterius
472 2460 614 2528 vegetabit
630 2474 674 2515 me
686 2460 722 2515 ad
739 2460 864 2518 laborem
879 2462 893 2516 ‘l
907 2461 978 2529 eris

82 2546 87 2560 ¹
125 2548 252 2616 amplius
267 2547 353 2604 leniet
377 2555 541 2605 moerentem
560 2548 575 2600 ‘l
592 2569 607 2599 s
624 2549 657 2602 Ei
673 2556 734 2618 pust
753 2550 853 2620 aliqua
872 2567 907 2606 :o
924 2552 978 2608 Bos

125 2634 228 2691 bovem
256 2635 404 2706 requirit;
432 2651 461 2693 se
487 2636 564 2707 quod
588 2638 683 2692 solum
713 2645 806 2708 putat,
831 2638 977 2710 frequenti

127 2725 245 2794 mugitu
270 2725 352 2795 piunr
378 2731 500 2780 testatur
523 2723 667 2782 allectum.
685 2727 747 2792 Bos,
771 2727 901 2798 inquam,
932 2730 978 2786 bo

125 2826 189 2869 vem
206 2815 342 2884 requirit,
367 2829 433 2871 cum
451 2828 509 2886 quo
524 2814 628 2871 ducere
654 2814 726 2870 collo
741 2824 838 2872 aratra
856 2831 977 2874 consue·

125 2902 177 2958 vit.
197 2925 207 2953 ι
239 2902 398 2960 Pulchrum
413 2904 528 2975 quidem
546 2912 587 2960 est
601 2911 628 2961 ct
644 2903 789 2960 tinnulum
813 2906 890 2976 quod
906 2908 976 2963 Ber·

79 2976 84 3012 ³
126 2992 379 3063 nardusloquitur
395 3011 402 3061 ;
419 2993 513 3050 sedda
530 2993 586 3049 alio
601 2993 706 3049 sudore
723 2994 846 3064 pretinm
860 3008 977 3051 nonien-

79 3067 81 3073 ’
126 3092 185 3148 que
198 3090 329 3135 venatur.
347 3081 520 3137 Ambrosius
533 3081 609 3138 enim
627 3080 687 3137 haec
712 3082 801 3138 verba
813 3082 975 3153 syllabatim

79 3176 83 3187 ·
126 3165 157 3221 in
184 3166 368 3235 querimonia
387 3170 436 3224 illa
451 3170 554 3239 posuit,
571 3183 660 3240 quam
673 3156 715 3226 'de
740 3184 860 3228 excessu
883 3170 976 3244 Satyri

79 3240 88 3279 ³
127 3253 214 3310 aruici
228 3252 274 3308 sui
295 3256 434 3310 mulcebri
449 3256 640 3328 dealbatoque
653 3258 726 3328 stylo
747 3261 891 3329 procudit.
919 3261 973 3318 lta'·

79 3334 87 3369 ²
128 3357 186 3414 que
204 3343 368 3397 Bernartius
385 3343 414 3397 in
441 3344 494 3399 huc
519 3343 634 3413 planctu
659 3346 786 3402 adeoest
809 3348 974 3418 vehemens,

79 3422 88 3457 ³
127 3431 198 3487 adeo
223 3431 373 3501 pertiuaer,
390 3432 460 3487 adeo
476 3431 572 3497 vivus,
590 3438 621 3487 ut
641 3431 743 3502 legenti
775 3433 893 3490 cuilibet
908 3450 975 3491 cou-

125 3527 206 3575 stans
221 3519 333 3576 siteum
350 3534 407 3575 non
424 3533 507 3575 veros
526 3517 714 3586 desuescere,
744 3520 791 3577 sed
812 3522 901 3579 verba
914 3524 976 3593 qui·

79 3598 92 3642 Ι
127 3607 183 3664 bus
202 3609 394 3680 veriquestus
408 3609 612 3678 exprimantur
636 3606 793 3665 effundere.
819 3611 910 3667 Aiunt
932 3619 974 3667 ta-

88 3682 94 3719 ²
127 3695 329 3766 manquidam
350 3695 460 3763 insulsi,
492 3694 732 3762 seductorioeius
759 3695 866 3768 lingum
880 3698 975 3754 mode-

127 3783 239 3840 ramine
251 3784 371 3853 seducti,
384 3784 439 3855 qui
461 3798 566 3854 corpus
589 3784 743 3840 verborum
760 3785 895 3856 diligunt,
912 3785 973 3842 ani·

79 3925 86 3929 .
126 3886 204 3928 mam
236 3881 333 3928 autern
355 3871 721 3944 rationisspernnnt,eum
755 3881 812 3929 tam
838 3870 976 3928 facundia

79 3942 93 4035 ζ
127 3961 243 4017 sublimi
264 3966 293 4018 in
308 3962 442 4018 lamentis
462 3962 519 4017 illis
535 3961 588 4025 uti,
605 3961 733 4017 utnulla
755 3961 899 4018 modernae
918 3961 974 4017 elo·

126 4052 252 4122 quentiae
269 4049 389 4107 laculias
405 4050 431 4107 ei
450 4050 544 4107 valeat
560 4051 720 4122 exaequari.
738 4051 760 4107 0
779 4050 843 4106 taisi
862 4050 975 4122 judices

126 4138 312 4211 eloquentie,
329 4155 403 4211 quos
422 4140 548 4211 projicit,
563 4139 643 4197 vocis
659 4147 763 4196 ventus
777 4146 809 4195 ut
824 4138 973 4210 pulverem

1027 1284 1153 1342 quorum
1166 1270 1336 1326 excellentia
1347 1269 1456 1325 Graecia
1474 1272 1613 1341 superbit,
1642 1274 1706 1344 qui,
1728 1283 1796 1334 teste
1812 1278 1874 1336 llis·

1028 1372 1159 1430 ronymo,
1174 1359 1296 1416 diversis
1310 1359 1431 1424 saeculis,
1445 1358 1566 1416 diversis
1597 1360 1678 1419 libris
1693 1364 1876 1427 diversorum

1028 1446 1154 1504 lamenta
1168 1447 1297 1504 minuere
1312 1455 1381 1504 sunt
1396 1447 1510 1516 conati;
1537 1456 1676 1519 praeterea
1694 1451 1877 1529 Anaxagoras

989 1570 1011 1626 B
1029 1533 1177 1591 laudatam
1189 1548 1303 1605 semper
1324 1535 1505 1600 senteutiam,
1531 1537 1593 1608 qui,
1624 1553 1690 1597 cnm
1707 1543 1733 1598 ei
1757 1545 1876 1603 nuntia·

1029 1629 1111 1680 retur
1131 1622 1224 1681 tilium
1244 1622 1346 1691 obisse,
1372 1622 1442 1680 lietu
1466 1636 1595 1695 represso
1612 1641 1650 1681 ει
1679 1627 1819 1702 Sciebam,
1836 1633 1877 1693 in·

1027 1712 1100 1783 quit,
1122 1725 1167 1768 me
1199 1713 1333 1783 genuisse
1357 1713 1553 1770 mortalem.»
1584 1716 1629 1785 Et,
1660 1725 1692 1775 ut
1719 1721 1875 1794 peregrina

1028 1801 1175 1868 omittens,
1193 1800 1229 1857 ad
1253 1808 1353 1859 nostra
1376 1802 1490 1859 veniam
1522 1804 1660 1864 :Tullius
1686 1808 1794 1880 eloquii
1819 1809 1875 1866 lio·

1029 1889 1108 1946 mani
1123 1889 1273 1946 maximus
1287 1899 1388 1947 auctor
1408 1892 1632 1951 consolatorium
1647 1896 1682 1952 de
1706 1906 1797 1956 morte
1822 1897 1876 1956 lilii

1028 1979 1074 2035 sni
1095 1979 1201 2035 librum
1219 1979 1317 2047 edidit,
1334 1980 1382 2036 cui
1404 1980 1543 2051 praeclara
1559 1996 1733 2056 magnorum
1745 1988 1876 2047 virorum

1030 2077 1217 2125 monumenta
1236 2067 1320 2139 quasi
1350 2068 1448 2125 stellas
1468 2070 1612 2129 micantes*
1626 2073 1776 2144 impressit.
1810 2078 1876 2137 liis·

1029 2170 1169 2228 ronymus
1197 2155 1300 2220 dolori,
1330 2171 1418 2228 quem
1442 2160 1477 2215 de
1495 2170 1588 2219 morte
1613 2162 1766 2234 Nepotiani
1779 2181 1878 2228 conce·

1030 2253 1119 2317 perat,
1149 2245 1296 2315 plausibili
1324 2246 1455 2303 medetur
1483 2249 1606 2321 eloquio.
1634 2255 1817 2323 Ambrosias,
1842 2257 1877 2316 de

1030 2350 1088 2408 quo
1113 2335 1249 2406 praelatus
1275 2351 1352 2402 sum,
1369 2336 1443 2393 duos
1460 2337 1547 2396 libros
1574 2341 1609 2398 de
1632 2357 1753 2402 excessu
1781 2346 1889 2406 dilecti·

1030 2427 1076 2482 sui
1091 2424 1185 2495 Satyri
1200 2427 1283 2481 suavi
1301 2425 1374 2495 stylo
1397 2427 1537 2484 edisserit.
1555 2430 1597 2486 Ad
1626 2432 1730 2490 horum
1744 2449 1877 2495 normam

1031 2514 1180 2585 planctum
1199 2522 1281 2571 tuum
1298 2522 1392 2572 texere
1406 2516 1538 2585 debebas,
1557 2534 1614 2576 non
1632 2521 1877 2583 immemorillius

1030 2604 1161 2674 vulgaris
1175 2603 1318 2672 proverbii
1334 2619 1341 2659 :

1159 2693 1249 2747 Vicini
1259 2692 1350 2748 hurbe
1361 2697 1502 2763 propriam
1513 2695 1592 2751 debes
1608 2699 1748 2758 simulare.

1067 2781 1119 2837 Sed
1144 2780 1282 2852 quoniam
1297 2795 1386 2851 super
1404 2783 1456 2839 hoc
1469 2784 1540 2840 satis
1567 2783 1743 2859 abundeque
1760 2790 1878 2864 digessi·

994 2869 1016 2926 G
1034 2885 1108 2935 mus,
1126 2869 1326 2939 tempestivum
1349 2877 1391 2927 est
1407 2871 1478 2927 illud
1494 2874 1656 2943 capitulum
1680 2878 1708 2932 in
1725 2880 1824 2937 eodem
1843 2881 1875 2939 li·

1031 2959 1083 3026 hru
1115 2959 1241 3023 visitare,
1267 2958 1297 3014 in
1321 2972 1379 3029 quo
1394 2961 1559 3018 animarum
1574 2964 1715 3036 originem
1742 2968 1777 3026 de
1799 2971 1878 3029 caelis

1032 3046 1170 3106 tabularis
1192 3060 1263 3103 esse.
1293 3046 1346 3104 Ubt
1362 3047 1403 3103 sic
1426 3049 1519 3105 recolo
1531 3059 1557 3105 te
1572 3050 1701 3110 locutum
1718 3071 1750 3111 :r
1777 3057 1877 3118 lleritc

1030 3135 1104 3192 dixit
1125 3135 1299 3206 Apostolus:
1323 3137 1602 3196 Nostracoauersatio
1614 3147 1693 3199 estin
1714 3147 1786 3203 colis
1801 3148 1877 3220 (Piri-

1030 3226 1080 3295 ta'p.
1100 3226 1181 3293 unp·
1200 3224 1264 3280 llaec
1284 3225 1372 3281 verba
1394 3233 1446 3282 tua
1463 3227 1608 3286 subtiliter
1621 3233 1781 3305 explorata,
1798 3236 1878 3296 Chri·

1030 3315 1130 3370 stianae
1152 3316 1256 3370 mentis
1270 3315 1365 3384 palato
1394 3316 1524 3374 heresim
1546 3320 1671 3390 sapiunt.
1693 3323 1721 3379 Si
1741 3327 1818 3384 enlm
1833 3328 1875 3386 id·

1030 3402 1220 3457 circuanimae
1248 3403 1386 3473 originem
1403 3404 1437 3460 de
1456 3406 1534 3462 omlis
1548 3411 1663 3472 astruis.
1695 3415 1765 3484 quia
1783 3429 1875 3488 quan·

1030 3488 1126 3557 doque
1147 3488 1230 3544 beata
1241 3489 1342 3545 lutura
1355 3498 1397 3545 est
1411 3491 1440 3546 in
1469 3494 1557 3563 omlis,
1580 3501 1677 3555 eadem
1694 3503 1802 3561 ratione
1815 3520 1877 3564 car·

1031 3575 1107 3645 paris
1122 3576 1203 3646 origo
1232 3577 1286 3631 erit
1315 3575 1344 3631 iu
1359 3575 1449 3644 ecelis,
1471 3581 1542 3650 quia
1565 3587 1741 3657 quandoque
1761 3591 1877 3651 beatum

1029 3663 1216 3721 luturnmest
1232 3663 1261 3720 in
1276 3665 1365 3721 coetis.
1385 3664 1437 3722 Sed
1452 3669 1488 3723 ad
1518 3668 1572 3726 hoc
1594 3671 1789 3734 intimandum
1809 3680 1879 3737 talia

1029 3753 1121 3810 verba
1136 3767 1165 3809 se
1178 3767 1235 3808 non
1255 3755 1483 3812 accommodant.
1493 3760 1551 3814 Aut
1574 3760 1599 3815 si
1612 3759 1677 3817 ideo
1691 3764 1796 3822 animae
1822 3768 1878 3827 ori·

1031 3842 1126 3915 ginem
1148 3842 1290 3899 coelestem
1305 3843 1433 3913 ascribis,
1463 3847 1531 3916 quia
1547 3847 1614 3905 olim
1642 3860 1716 3920 orta,
1733 3853 1815 3912 idest
1839 3858 1878 3916 la-

1030 3941 1076 3988 cta
1098 3930 1136 3987 sit
1160 3930 1190 3986 in
1214 3931 1302 3997 caelis,
1336 3933 1414 4002 quod
1443 3933 1560 4005 quidem
1587 3939 1744 3999 verborum
1773 3944 1878 4004 talium

1030 4020 1149 4077 resultat
1164 4019 1297 4088 intentio,
1321 4020 1490 4090 pravitatem
1509 4025 1642 4097 origenis
1666 4029 1801 4104 incurris,
1826 4034 1879 4108 qul

1031 4109 1061 4165 in
1088 4108 1168 4165 libris
1202 4109 1366 4164 Pcrtorchoa
1409 4112 1620 4185 Pythagoreum
1649 4118 1879 4196 Platonicunqus

79 4224 94 4266 ³
126 4226 228 4283 alacie
247 4235 339 4284 terrae.
360 4231 496 4294 Quaenam
513 4228 550 4286 ibi
571 4228 780 4285 sententiarum
807 4226 885 4284 visi
911 4241 976 4298 quac
990 4208 1014 4264 ⁰
1030 4197 1271 4270 d⁰ss¹¹¹³⁸⁰⁰¹¹²¹¹⁸·
1288 4199 1478 4270 ⁰fig⁵⁰²s⁵³m
1507 4202 1537 4257 ¹¹¹
1556 4205 1626 4261 ‘⁰³¹⁰
1654 4209 1749 4265 ffldiffl
1770 4213 1879 4270 infima·

79 4294 97 4351 ὓ
127 4316 231 4386 pocula
251 4317 422 4373 rationum?
436 4319 523 4374 totus
539 4317 569 4373 in
580 4316 676 4374 verbis
699 4318 831 4388 lluctuat,
844 4323 872 4373 et
899 4330 977 4373 mors

125 4405 243 4462 ridiculi
268 4406 428 4478 syllogismi
447 4416 561 4464 rotatur
577 4406 607 4463 in
635 4408 754 4465 circulo.
772 4407 854 4466 Unde
868 4411 973 4478 poeta:

79 4548 95 4589 Ι
126 4490 319 4564 Citharoedus,
337 4496 443 4567 iuquit.

162 4601 278 4658 Ridetntr
291 4605 374 4658 cordo
385 4606 433 4675 qui
445 4619 549 4675 semper
567 4603 676 4659 oberrat
689 4603 792 4658 eodem.

128 4709 204 4766 Laeta
217 4710 372 4767 verborum
387 4711 519 4781 gramina
539 4718 602 4767 sata
626 4708 841 4781 instrangulant
863 4717 974 4766 senten·

94 4759 253 4855 'tiaram
290 4800 347 4855 Aut
377 4800 496 4855 tortasse
519 4800 594 4855 idem
622 4799 744 4855 dicendo
779 4795 976 4865 mulipliciter

79 4886 258 4971 ,ulyssem
307 4889 446 4945 simulare
493 4888 625 4947 volebat.
661 4888 700 4944 De
740 4900 799 4958 quo
834 4887 974 4956 scriptum

124 4981 183 5030 est:

303 5062 357 5117 lite
366 5023 468 5129 referre
483 5062 533 5118 ulii
546 5078 619 5135 saepo
633 5062 735 5118 solebat
745 5061 826 5118 iden.

119 5165 177 5225 Sed
200 5180 259 5221 nnn
282 5168 390 5224 talibus
413 5168 612 5225 instrumentis
644 5177 778 5224 mortuus
807 5168 976 5236 suscitatur,

120 5269 179 5314 nec
227 5254 400 5324 eloquentiae
438 5255 590 5324 prestigiis
629 5255 690 5311 vita
740 5263 854 5311 rnortuo
896 5270 978 5312 com-

79 5391 89 5429 ,
119 5351 257 5417 paratur.
302 5342 382 5398 Unde
406 5342 579 5413 'cuiusdam
606 5342 747 5400 distichon
785 5343 901 5415 egregie
930 5359 977 5401 so-

120 5439 201 5492 nat:

261 5531 390 5601 Parnon.
416 5530 596 5602 ccxxviii

1031 4285 1087 4342 bus
1110 4285 1245 4356 disponit.
1270 4286 1306 4342 At
1332 4288 1471 4358 quoniam
1486 4289 1521 4346 de
1540 4292 1758 4354 animameutio
1780 4312 1810 4356 se
1835 4301 1877 4359 in·

1031 4373 1128 4444 gessit,
1148 4387 1205 4428 non
1216 4374 1378 4431 absurdum
1405 4382 1447 4432 est
1473 4391 1699 4439 commemorare
1714 4400 1779 4455 quae
1794 4387 1878 4447 elter-

1029 4461 1149 4518 cationis
1182 4463 1307 4519 varietas
1335 4466 1520 4535 occupaverit
1555 4468 1591 4525 de
1619 4471 1783 4531 animarum
1823 4478 1880 4534 ori-

1030 4551 1107 4622 gine.
1137 4549 1227 4606 Aiunt
1246 4550 1417 4622 philosophi,
1443 4568 1569 4625 quorum
1590 4556 1678 4615 duces
1706 4570 1774 4618 suut
1800 4564 1879 4624 Plato

1028 4645 1057 4696 et
1080 4638 1269 4710 Pythagoras,
1282 4641 1391 4711 quibus
1406 4649 1474 4699 ettu
1486 4658 1523 4700 ex
1538 4651 1619 4715 parte
1633 4647 1761 4707 maxima
1781 4654 1879 4724 acqui·

1029 4741 1110 4793 escis,
1127 4728 1239 4786 animas
1267 4729 1456 4787 scilicetolim
1486 4732 1522 4787 ab
1557 4733 1638 4790 initio
1661 4735 1752 4794 lactas
1779 4743 1879 4799 condi·

1029 4821 1133 4886 tasque
1147 4816 1177 4871 in
1189 4816 1331 4873 thesauris
1362 4819 1410 4874 liei
1425 4835 1432 4873 ι
1449 4818 1573 4892 indeque
1588 4821 1624 4878 ob
1649 4827 1803 4897 antiquum
1816 4831 1881 4887 vitae

1030 4905 1196 4976 contagium
1220 4905 1250 4961 in
1269 4919 1423 4976 corporum
1439 4910 1619 4980 ergastulum
1645 4912 1749 4985 lapsas,
1767 4931 1882 4976 rursus·

1030 5007 1097 5064 que,
1113 4993 1138 5048 si
1152 5007 1259 5063 corpus
1269 4993 1348 5064 iuste
1363 4996 1602 5067 gubernaverint,
1627 5000 1663 5056 ad
1688 5003 1817 5074 antiquae
1830 5005 1881 5062 hu·

1030 5082 1150 5138 aestatis
1172 5082 1286 5138 vultum
1311 5083 1491 5140 meritorium
1517 5087 1650 5144 vehiculo
1676 5092 1820 5149 redituras
1840 5094 1880 5152 le·

1030 5173 1110 5225 runt.
1130 5171 1161 5225 lit
1185 5171 1308 5227 haeretici
1323 5174 1449 5228 aniciam
1473 5183 1582 5244 partem
1597 5191 1657 5233 csse
1689 5180 1792 5237 diuinae
1810 5183 1880 5240 sub·

1030 5257 1143 5313 stantiae
1158 5260 1377 5326 contenderunt,
1394 5264 1570 5318 recensionem
1597 5265 1685 5335 hiijns
1695 5267 1799 5327 tabulae
1814 5270 1882 5329 iude

1031 5346 1184 5416 rapientes,
1210 5348 1287 5417 quod
1317 5350 1512 5418 scriptumest
1537 5353 1566 5408 iu
1595 5353 1878 5432 Gerresi21it'satpu·

1032 5439 1071 5490 cit
1099 5438 1169 5491 Deus
1197 5437 1227 5490 in
1249 5437 1348 5504 tractem
1371 5439 1440 5508 ejus,
1467 5440 1573 5499 scilicet
1600 5441 1680 5510 Adae,
1710 5449 1880 5518 spiraculum

1639 5543 1682 5612 39
