3804 5962
139 187 208 242 {323
385 182 493 240 PETRI
511 182 696 239 ABAELARDI
715 183 792 240 ΟΡΡ.
811 183 903 245 PARS
921 185 970 240 lll.
989 213 1025 228 -
1042 187 1111 243 illle
1118 188 1270 248 oloolcll
1287 191 1331 247 ET
1347 190 1618 251 stillosol‘flrct.
1823 196 1888 254 {³24

135 307 317 379 semetipsam
347 306 458 366 Veritas
485 306 533 364 ob·
568 306 686 377 incipit:
705 307 823 378 «Super
838 309 976 366 fabricam
991 311 1017 367 A
1032 311 1088 380 det,
1105 319 1355 385 antqnaecnnqne
1370 329 1422 385 pu·
1459 323 1549 388 atque
1564 319 1658 388 ipsum
1675 317 1788 378 deceat.
1805 320 1883 386 Quoi

132 398 244 455 stinctae
257 404 285 453 et
299 395 470 452 damnandae
484 395 531 451 di·
567 396 656 453 totius
694 395 834 452 Ecclesiae.
879 397 981 454 Omni·
1036 400 1429 475 niremaglsdeberet,qnani
1466 407 1489 461 si
1508 406 1585 478 qnod
1603 406 1771 477 faciteam
1796 408 1884 469 farere

132 485 321 543 catciritati:
355 483 463 549 Quoties
491 500 537 540 oo·
573 483 803 557 potensdicitur,
824 486 895 556 quia
917 500 978 555 pos·
1034 488 1423 560 donoaliquoremunerare,
1462 502 1582 564 oportet,
1614 495 1730 565 justum
1758 505 1804 555 est
1835 499 1883 555 uti·

134 575 174 630 lui
189 588 354 642 conqreqore
375 573 444 642 tilios
469 578 539 640 tuos,
578 588 608 629 se
625 572 702 629 illins
719 586 778 628 uon
793 580 883 644 potest
898 574 978 631 inve·
1034 584 1061 633 et
1075 576 1106 633 in
1121 578 1229 648 quihus
1247 579 1321 636 iram
1338 580 1432 651 ipsios
1468 595 1527 652 que
1564 589 1597 639 ut
1622 581 1711 641 faciat
1741 584 1882 658 quidquid

133 661 359 730 quemadmodum
412 662 542 729 pollina
578 662 641 718 nire
667 674 725 716 non
752 674 843 731 posse,
868 661 979 719 dicente
1035 665 1227 736 potiusquam
1239 668 1362 738 gratiam
1374 683 1435 725 sen·
1470 670 1597 739 tacitae
1616 672 1678 730 sine
1696 672 1881 745 dubioqnid·

132 756 279 820 concremat
300 750 391 819 pullos
406 763 471 805 suos
491 751 541 804 sub
579 749 737 820 propheta:
770 750 867 804 Omuiu
902 766 979 821 quae-
1034 752 1164 821 tiremus,
1189 754 1243 810 boc
1269 763 1312 811 est
1332 755 1426 812 vindl-
1465 759 1536 828 quid
1566 758 1660 817 facere
1674 759 1774 816 debet.
1806 759 1879 828 Quod

131 841 201 907 otoo,
228 844 254 894 ot
271 838 406 894 uoluisti?
428 837 540 906 (Molli.
579 853 685 906 cunque
705 837 792 892 coluit
807 839 874 905 fecit
890 840 977 906 (Psoi.
1033 848 1107 896 ctam
1133 841 1228 911 potius
1251 856 1340 914 quam
1361 857 1430 913 prae·
1466 846 1489 901 si
1509 845 1602 913 debet,
1626 861 1685 903 nou
1707 852 1880 920 potestpro

132 945 210 993 xxut,
243 930 300 1003 37.)
324 931 404 988 Patet
437 930 543 987 dirinae
579 930 977 1001 0111,13].»1pseesterqo
1032 928 1134 984 mium.
1474 932 1545 990 fecto
1571 934 1648 1004 juste
1672 935 1823 994 dimittere
1847 951 1877 995 ne

51 1045 53 1048 ·
131 1019 290 1078 voluntatis
367 1019 542 1076 vocabulum
578 1018 807 1088 omnipotentia,
832 1025 864 1074 ut
886 1024 978 1074 totum
1067 1017 1259 1081 Quaerendum
1310 1019 1435 1076 arbitror
1471 1020 1568 1078 faciat.
1627 1024 1719 1080 Omne
1776 1025 1876 1096 qnippe

131 1107 246 1165 dnobus
273 1107 366 1165 modis
402 1121 463 1165 esse
491 1121 539 1163 su·
577 1105 841 1177 quodvultpossit.
1031 1105 1231 1176 ntrnmplnra
1256 1106 1349 1164 facere
1373 1122 1435 1179 pos·
1474 1111 1553 1179 quod
1587 1111 1700 1181 justum
1734 1121 1780 1170 est
1812 1113 1876 1183 beri,

131 1197 279 1256 mendum.
306 1197 443 1268 Alioquin
469 1210 537 1253 cnm
1031 1191 1068 1247 sit
1112 1192 1189 1247 Deus
1229 1193 1273 1250 vel
1317 1195 1435 1251 meliora
1473 1196 1618 1267 injustum
1643 1207 1687 1255 cst
1711 1199 1876 1267 dimittite

131 1285 208 1343 Dens
224 1286 325 1342 omnia
344 1283 635 1356 quacunquevolnit
653 1282 782 1339 faciatet
805 1295 904 1339 omnes
920 1280 974 1336 sal·
1031 1293 1119 1350 quam
1145 1279 1239 1348 faciat,
1261 1281 1364 1338 auteb
1390 1283 1434 1339 liis
1471 1285 1607 1356 quisquis
1647 1286 1677 1344 id
1712 1301 1781 1345 non
1817 1288 1875 1346 facit

130 1386 182 1431 ros
200 1372 261 1431 deri
286 1373 364 1443 velit,
381 1386 520 1445 cogemur
543 1372 646 1443 ntique
670 1370 797 1442 profiteri
821 1370 976 1441 (slljuxta
1030 1367 1116 1423 etiam
1155 1381 1221 1438 quae
1262 1369 1329 1426 facit
1371 1371 1430 1426 ullo
1467 1373 1546 1442 quod
1574 1374 1646 1432 ratio
1674 1375 1874 1449 stipitesque

129 1463 213 1520 illum
244 1462 439 1519 detestabilem
468 1460 598 1532 origenis
625 1472 763 1526 errorem,
779 1458 858 1529 qnod
882 1470 975 1528 usqne
1031 1455 1113 1511 modo
1129 1469 1239 1512 cessare
1264 1466 1368 1528 posset,
1393 1473 1430 1514 ne
1466 1460 1610 1532 delinquit
1661 1476 1696 1519 ac
1736 1465 1762 1520 si
1795 1464 1871 1522 uem

128 1551 217 1609 etiam
243 1550 279 1608 ad
304 1551 449 1607 daemones
476 1548 664 1606 salvationem
684 1546 856 1613 extenderit,
874 1558 974 1601 omnes
1030 1556 1063 1598 ea
1078 1556 1211 1615 unquam
1234 1545 1367 1603 videlicet
1390 1547 1432 1603 fa·
1470 1550 1547 1619 qnod
1560 1549 1665 1607 rationi
1676 1551 1800 1610 minime
1812 1566 1868 1610 eou-

130 1639 306 1712 quandoque
328 1638 481 1696 salvandos
502 1651 572 1705 esse,
593 1643 621 1693 et
637 1635 793 1694 Veritatem
809 1634 902 1703 ipsam
914 1632 974 1690 lle·
990 1604 1013 1662 Β
1029 1637 1114 1687 cerat.
1139 1632 1221 1696 Quod
1245 1633 1306 1690 sive
1334 1649 1432 1692 conce-
1470 1638 1579 1695 cordat.
1603 1638 1657 1697 Sed
1671 1638 1815 1706 fortassis,
1832 1641 1867 1697 lc·

129 1728 209 1787 ritati
224 1727 378 1794 contraire,
399 1725 449 1782 ubi
464 1725 499 1781 de
514 1723 609 1795 impiis
621 1729 649 1780 et
672 1721 759 1795 justis
773 1720 915 1793 loquitur,
931 1719 971 1777 di·
1028 1718 1131 1776 damus
1183 1722 1244 1778 sire
1283 1737 1431 1794 negemus,
1470 1726 1564 1796 quies,
1579 1728 1657 1798 quod
1672 1728 1751 1787 sient
1763 1729 1865 1802 iustum

129 1829 212 1873 cens:
228 1817 263 1870 ut
288 1815 367 1868 ibunt
393 1815 422 1867 bi
448 1819 477 1868 iu
491 1813 657 1885 supplicium
671 1817 813 1876 aeteruum,
836 1810 909 1878 justi
926 1824 975 1863 ou·
1026 1807 1133 1865 multas
1174 1809 1302 1867 fortassis
1330 1813 1428 1870 incon·
1464 1821 1506 1870 est
1532 1798 1583 1873 aot
1610 1814 1724 1875 bonum
1750 1832 1804 1876 sou
1829 1831 1865 1876 rt·

129 1905 324 1960 tcmiuoitom
337 1907 464 1958 atomum
487 1900 597 1974 (llottla.
626 1915 695 1968 xxv,
720 1898 777 1968 fo).
800 1897 855 1964 Qui
871 1910 975 1953 rursus
1028 1897 1205 1954 venientium
1273 1901 1428 1958 anxietates
1467 1902 1602 1960 tionabile
1637 1904 1668 1961 id
1692 1906 1776 1977 quod
1796 1906 1866 1964 mode

127 1993 224 2064 impiis
241 1993 299 2051 ait:
316 1990 530 2060 flamotedicti,
546 1991 676 2058 iniquom
691 1993 821 2043 autunum
837 1988 973 2056 quiprae·
1028 1984 1219 2043 incurremus.
1240 1988 1269 2043 si
1285 1989 1428 2059 enimpo-
1465 1990 1543 2060 facit,
1561 1992 1600 2048 ita
1620 1993 1733 2051 bonurn
1750 2002 1868 2053 essettt

124 2086 242 2151 perotus
262 2066 303 2136 est
328 2081 437 2135 diabolo
462 2083 488 2134 et
504 2078 610 2146 unqetis
629 2078 689 2146 ojus
705 2075 797 2146 (ibid,
813 2074 870 2144 4)).
895 2071 974 2131 Velle
1027 2085 1133 2129 namus
1148 2081 1180 2130 nt
1194 2074 1277 2144 plura
1293 2075 1337 2132 vel
1361 2091 1430 2148 pan·
1468 2092 1526 2148 quc
1540 2093 1624 2150 teque
1636 2079 1751 2139 bonnm
1763 2080 1869 2139 sialiud

129 2168 227 2239 itaque
256 2169 331 2224 Deus
357 2167 471 2224 duobus
500 2166 595 2222 modis
609 2166 715 2222 dicitur
742 2170 792 2221 aut
812 2159 974 2218 secundum
1028 2160 1106 2217 clora
1138 2161 1229 2219 facere
1263 2165 1359 2234 possit,
1387 2165 1431 2222 vel
1469 2166 1574 2226 faceret
1591 2177 1619 2226 et
1634 2169 1689 2226 boc
1707 2168 1868 2229 dimitteret

127 2253 261 2312 videlicet
275 2255 462 2325 providentie
486 2268 547 2310 sum
569 2253 790 2317 ordinationem,
814 2248 973 2305 secundum
1026 2249 1064 2315 ab
1080 2249 1124 2306 llis
1138 2265 1205 2321 quae
1225 2250 1292 2310 facit
1306 2268 1426 2319 cessare,
1465 2260 1558 2327 Atque
1576 2257 1601 2313 si
1624 2268 1709 2329 aeqne
1736 2257 1811 2317 illud
1830 2259 1869 2316 bo

129 2341 207 2414 quod
231 2342 338 2399 scilicet
361 2340 472 2410 aliquid
486 2339 612 2410 disponit
627 2340 706 2409 apud
721 2353 752 2394 sc
775 2352 808 2393 ac
822 2335 972 2402 deliberat,
1027 2338 1153 2408 profecto
1189 2340 1315 2398 multum
1352 2357 1430 2399 som·
1467 2357 1540 2399 num
1560 2353 1634 2403 esset
1663 2346 1745 2417 quod
1770 2347 1869 2404 dimisit

127 2430 287 2501 statuitque
312 2443 366 2486 sua
381 2427 571 2499 providentia,
589 2435 621 2484 nt
641 2427 682 2483 sic
696 2426 878 2497 postmodum
892 2439 974 2481 com·
1027 2439 1081 2481 mae
1099 2426 1162 2496 ejus
1178 2427 1302 2485 bonitati
1317 2429 1435 2502 deroga·
1471 2431 1563 2489 facere
1586 2432 1707 2504 quando
1727 2434 1809 2492 istud
1826 2434 1868 2492 ele

127 2519 213 2592 pleat,
238 2526 289 2576 aut
303 2518 463 2576 secundnm
492 2516 604 2573 consilii
623 2517 668 2572 sui
683 2514 911 2571 adhortationem
927 2511 973 2569 vel
1027 2514 1133 2572 bimus.
1172 2515 1288 2574 Constat
1327 2520 1434 2591 quippe
1471 2520 1522 2592 git,
1545 2521 1627 2578 nulla
1652 2521 1782 2593 profecto
1805 2523 1866 2581 rum

128 2607 375 2680 approbationem,
399 2619 458 2676 qua
480 2617 721 2674 unumquemque
744 2602 780 2659 ad
803 2602 857 2658 boc
876 2601 973 2656 admo·
1026 2616 1093 2659 cum
1115 2605 1230 2661 nonnisi
1245 2605 1322 2663 bona
1335 2606 1429 2665 lacere
1466 2608 1521 2665 fuit
1543 2623 1597 2667 cur
1624 2609 1697 2667 illud
1718 2610 1866 2670 dimitteret

127 2704 185 2765 net,
213 2695 291 2767 quod
318 2708 369 2765 per
391 2694 516 2766 gratiam
537 2707 620 2749 suam
643 2704 830 2748 remunerare
853 2695 973 2760 paratus
1026 2705 1119 2762 posse.
1161 2693 1190 2749 Si
1218 2702 1315 2751 autem
1355 2696 1432 2753 bona
1448 2716 1452 2725 ·
1468 2706 1555 2768 atque
1568 2698 1645 2755 istud
1664 2698 1796 2772 eligeret.
1811 2699 1866 2757 rut

126 2791 209 2843 esset.
226 2784 261 2842 Et
273 2784 360 2854 juxta
388 2782 515 2854 priorem
539 2781 657 2851 quidem
680 2780 797 2836 modum
814 2792 873 2848 quo
896 2778 972 2833 fleus
1026 2781 1197 2851 cumpossit
1216 2796 1274 2838 non
1296 2783 1435 2850 faciebat
1471 2794 1567 2843 antem
1582 2787 1707 2858 inquies,
1724 2789 1864 2860 quiacnu

126 2873 200 2932 velle
213 2871 324 2944 aliquid
343 2871 399 2943 (st)
415 2871 534 2937 dicitnr,
563 2870 617 2926 boc
636 2877 678 2926 est
697 2883 734 2925 ex
749 2867 844 2940 gratia
858 2879 912 2922 sua
928 2879 972 2921 or·
988 2892 1009 2947 C
1026 2868 1063 2925 ab
1081 2868 1229 2939 aliquibus
1243 2886 1309 2942 quae
1321 2872 1428 2929 facien·
1466 2888 1525 2930 uon
1545 2876 1865 2948 utrumquelieriopor·

126 2962 330 3032 dinareatque
348 2959 427 3029 apud
450 2973 480 3014 se
504 2958 620 3014 firmare
646 2957 765 3013 utfiant
787 2954 972 3025 eliquatam
1025 2955 1063 3013 da
1101 2966 1196 3014 essent
1233 2973 1262 3015 se
1286 2961 1423 3030 retrabat,
1463 2969 1533 3019 teret
1555 2970 1583 3018 et
1605 2977 1691 3034 aeqne
1712 2963 1769 3022 boc
1784 2963 1865 3023 relil

126 3065 180 3108 nos
194 3063 283 3122 quam
303 3046 455 3119 Apostolus
470 3045 525 3119 (33)
551 3046 642 3103 inhis
669 3059 735 3116 quae
754 3043 816 3100 lieri
839 3041 971 3110 vultui·
1026 3043 1173 3114 quiscum
1188 3051 1430 3118 tanquamaemu·
1467 3048 1518 3106 lud
1548 3050 1610 3108 beri
1640 3050 1756 3108 bonum
1789 3059 1862 3120 esset,

127 3140 168 3197 nil
184 3141 248 3212 ejus
270 3135 413 3195 voluntati
433 3136 563 3191 resistere
587 3147 668 3205 posse
694 3132 826 3198 dicimus,
843 3143 971 3186 neceam
1007 3131 1086 3189 ‚lum
1101 3131 1146 3189 vel
1161 3133 1296 3205 iniquum
1308 3150 1365 3193 non
1379 3151 1425 3193 ar·
1462 3139 1659 3211 quodcunque
1692 3155 1797 3200 eorum
1823 3141 1861 3198 fit·

127 3230 226 3302 aliquo
248 3225 382 3298 impediri
397 3237 477 3291 casu,
506 3223 553 3278 cui
568 3221 666 3278 omnia
681 3233 794 3277 necesse
808 3218 845 3275 sit
870 3217 971 3275 obedi·
1025 3219 1120 3292 gnati
1164 3221 1323 3280 Praesertim
1351 3239 1418 3282 cum
1456 3235 1508 3293 ret,
1532 3228 1746 3288 rationabiliter
1765 3229 1860 3290 factm

126 3316 359 3376 sesecundum
386 3319 483 3370 antem
499 3325 546 3382 po
1025 3308 1124 3366 nullus
1142 3323 1209 3366 eum
1226 3311 1424 3371 laborinfa·
1460 3323 1542 3373 esset.
1588 3314 1642 3374 Sed
1676 3319 1766 3390 jum
1796 3321 1859 3376 bum
1896 3326 1902 3400 Ι

124 3409 274 3466 steriorem
289 3404 406 3464 modum
435 3399 527 3459 molta
597 3400 661 3456 Non
708 3399 748 3454 ita
783 3404 815 3454 ut
850 3396 972 3452 aestimat
1025 3397 1124 3454 ciendo
1160 3398 1272 3471 aliquid
1309 3411 1419 3473 gravet,
1459 3405 1583 3476 profecto
1612 3407 1757 3466 rationem
1788 3420 1859 3480 uque
1900 3406 1902 3427 ¹

125 3496 234 3553 dicitnr
256 3493 330 3552 relle
359 3491 431 3558 fieri,
462 3504 529 3561 qna
564 3486 830 3544 Nabuchodonosor
865 3497 970 3555 opera·
1024 3487 1423 3559 cujnsaequeomniavolun-
1458 3493 1520 3550 fieri
1551 3496 1704 3565 oportebat
1726 3497 1807 3569 qnod
1827 3495 1859 3553 lt·
1900 3496 1902 3517 ¹

127 3582 294 3639 nuntient:
315 3578 533 3637 lrocestmulta
569 3582 619 3633 tur
639 3577 724 3643 Dens,
744 3571 971 3630 morevidelicct
1026 3575 1077 3631 tati
1110 3582 1179 3632 sunt
1207 3576 1346 3648 subjecta,
1374 3594 1418 3636 se·
1455 3589 1608 3639 ctumnon
1628 3589 1684 3653 est,
1702 3577 1857 3655 stcntqml

126 3669 274 3729 adhortari
316 3682 383 3739 quae
421 3679 532 3725 certum
570 3678 669 3721 eorum
698 3663 761 3735 qui,
778 3663 808 3719 in
835 3662 970 3731 bisque
1023 3665 1153 3722 cundum
1187 3667 1265 3736 quod
1303 3668 1413 3726 dictum
1450 3670 1558 3728 factum
1579 3678 1640 3741 est;
1669 3678 1699 3728 et
1720 3671 1859 3745 aquato
1901 3691 1902 3698 ¹

125 3768 169 3819 est
196 3774 232 3818 ex
263 3758 357 3831 gratia
396 3757 459 3828 ejus
487 3769 532 3811 re·
569 3754 692 3820 faciunt,
718 3766 777 3808 non
806 3758 863 3807 tam
892 3749 970 3821 qnod
1023 3761 1086 3810 est:
1104 3756 1180 3809 llicit
1194 3760 1220 3808 et
1241 3757 1320 3822 foetu
1342 3764 1419 3828 suut,
1455 3773 1527 3815 num
1542 3768 1603 3818 erat
1619 3758 1693 3817 illud
1718 3759 1857 3818 fierisicut
1889 3754 1893 3811 l

126 3849 276 3908 munerari
335 3847 360 3902 si
423 3844 532 3912 fierent,
571 3843 682 3898 bonum
728 3845 771 3897 est
818 3838 970 3896 attendunt
1023 3843 1166 3899 mondavit
1187 3848 1213 3898 et
1236 3850 1328 3901 creato
1347 3852 1412 3901 suut
1449 3847 1512 3904 hoc.
1525 3848 1598 3906 llum
1614 3862 1686 3906 roro
1713 3849 1788 3921 quid
1806 3845 1858 3906 leri
1900 3859 1902 3875 ·

124 3952 191 4010 qua
223 3935 342 3994 minime
373 3933 455 3990 finnt.
483 3932 530 3988 Sic
567 3938 775 4001 qnamntsnae
793 3927 971 3985 satisfaciant
1024 3930 1109 4003 (Psoi.
1139 3945 1254 4000 exuunt,
1279 3934 1316 4004 5).
1342 3934 1416 3991 ilinc
1452 3935 1561 3993 bonum
1584 3944 1636 4004 cst,
1661 3944 1690 3993 et
1714 3934 1858 3995 ratiombl·

123 4027 229 4098 quippe
274 4023 437 4094 unicuique
474 4021 523 4077 lto·
562 4018 715 4086 voluntati,
755 4016 969 4088 qualiscunque
1023 4028 1065 4076 est
1095 4019 1144 4075 illa
1171 4019 1301 4076 Platonis
1326 4023 1417 4079 veris·
1453 4023 1508 4081 lem
1542 4025 1629 4083 habet
1656 4039 1779 4083 cansam
1809 4035 1861 4098 qus

123 4116 196 4173 mini
237 4113 363 4172 consulit
403 4111 438 4168 de
482 4122 527 4165 sa·
564 4109 681 4177 ipsasit,
698 4106 732 4162 dc
746 4105 883 4177 qualibus
897 4104 968 4160 scri·
1021 4103 1095 4160 sima
1113 4105 1196 4175 ratic,
1225 4123 1287 4179 qua
1314 4110 1414 4168 videli·
1450 4112 1613 4170 faciendum
1639 4114 1686 4181 sit,
1716 4113 1861 4173 irratiout·
1901 4104 1902 4107 '

122 4202 261 4273 lutesua,
277 4209 305 4259 et
323 4201 360 4258 ad
376 4199 528 4256 hanceum
567 4205 649 4266 ptum
672 4202 730 4251 est:
749 4193 795 4249 Sic
822 4193 897 4259 volo,
927 4193 969 4248 sic
1023 4199 1066 4248 cet
1091 4195 1195 4263 probat
1213 4197 1417 4256 llenmnulle·
1454 4201 1550 4259 biliter
1571 4202 1699 4273 profecto
1721 4204 1796 4276 agit,
1818 4200 1861 4276 qni

71 4293 78 4301 '
121 4292 303 4359 adhortatur,
355 4301 422 4346 cum
462 4284 527 4342 obe·
563 4283 663 4355 jubeo,
678 4283 714 4338 sit
728 4296 781 4352 pro
794 4282 903 4338 ratione
918 4295 967 4338 vo·
1023 4282 1419 4345 tenusmundummeliorem·
1448 4289 1527 4360 qnod
1563 4303 1580 4346 a
1609 4305 1641 4348 se
1666 4289 1731 4349 fieri
1767 4291 1860 4350 debore
1898 4330 1900 4337 ·

120 4381 201 4438 diant
219 4378 316 4450 pauci.
333 4375 401 4432 Vult
427 4374 528 4445 itaque
567 4373 672 4429 luntas.
700 4368 755 4425 Sed
782 4369 876 4440 magis
896 4368 968 4426 velle
1021 4371 1251 4439 potuissefaeere
1266 4389 1354 4446 quam
1370 4377 1412 4434 fe·
1450 4392 1507 4435 non
1545 4379 1670 4452 ignorat,
1698 4381 1860 4451 pretermit-
1898 4374 1901 4385 '

120 4469 197 4527 llens
235 4474 412 4540 peccatorem
458 4477 526 4519 con·
563 4460 702 4518 dicendus
729 4466 771 4515 est
798 4458 915 4530 singula
934 4464 967 4514 ut
1020 4456 1069 4512 cit.
1099 4456 1145 4514 Sic
1173 4459 1281 4531 quippe
1314 4463 1413 4536 inTy·
1451 4466 1664 4538 tit;atqueita
1687 4467 1860 4540 inminse
1896 4460 1899 4467 ’

119 4559 211 4616 verti:
227 4556 299 4629 qnia
318 4555 347 4611 id
373 4553 400 4610 cl
420 4566 525 4608 consu·
563 4550 634 4606 fiant
668 4548 739 4619 quia
764 4546 873 4604 bonum
905 4560 967 4603 esse
1019 4546 1413 4610 maeoalttubieendumcur
1450 4556 1627 4626 propositum
1657 4555 1861 4616 inconvenieus

117 4646 150 4705 lit
177 4646 256 4719 quod
287 4649 361 4701 esset
399 4641 524 4712 benigne
560 4647 593 4697 nt
606 4638 701 4695 forent
714 4636 798 4693 vidit.
815 4636 896 4694 Patet
908 4637 965 4692 ita·
1018 4632 1163 4706 Conditor,
1203 4647 1258 4695 etc.
1294 4661 1305 4690 ι
1343 4643 1412 4707 onis
1448 4643 1620 4701 relabemur.
1637 4643 1688 4702 Sin
1707 4645 1859 4706 autemdi
1899 4635 1902 4669 ¹

117 4741 369 4794 remuneraturus.
446 4730 523 4795 Ouo·
560 4742 617 4800 qne
630 4725 776 4798 quidquid
789 4726 864 4781 Deus
879 4725 964 4781 faciat
1017 4723 1105 4779 etiam
1119 4733 1204 4797 neget
1218 4742 1411 4799 utrumquem·
1448 4744 1495 4786 cas
1528 4730 1564 4788 de
1596 4730 1688 4789 altero
1716 4734 1802 4804 quod
1829 4733 1861 4791 br

116 4824 270 4882 dammodo
295 4822 373 4879 enim
411 4827 528 4892 gratum
565 4825 617 4874 aut
635 4816 769 4880 dimittat,
797 4814 906 4886 iustam
929 4827 964 4870 ac
1016 4825 1074 4881 que
1104 4820 1217 4870 tantum
1245 4816 1317 4873 velle
1336 4816 1408 4873 bene
1445 4826 1524 4876 ctum
1544 4834 1602 4877 non
1634 4821 1859 4893 estoniensi

114 4914 141 4971 ci
168 4912 280 4970 dicitnr
314 4912 345 4969 in
369 4923 427 4981 quo
461 4909 525 4979 ejus
562 4903 763 4963 rationabilem
773 4902 964 4960 subessecan-
1016 4913 1101 4970 agere
1136 4912 1281 4974 quantum
1308 4912 1408 4976 potest,
1447 4914 1509 4964 crat
1536 4906 1647 4965 bonum
1685 4915 1720 4966 nt
1748 4909 1858 4975 faceret,

115 5002 240 5073 qratiam
269 4998 418 5070 experturi
453 5010 528 5053 esse·
564 5008 636 5063 sam,
674 5001 706 5050 ut
738 4992 799 5048 sola
829 4991 878 5048 illa
919 4992 961 5048 fa·
1015 4996 1065 5044 ant
1086 5004 1328 5064 unumquemque
1348 5003 1408 5051 ran·
1445 4995 1501 5052 nisi
1528 4997 1567 5052 ita
1597 5004 1630 5054 ut
1655 4996 1787 5059 alterurn
1807 5010 1857 5056 oser
1900 5004 1902 5026 ¹

114 5104 188 5149 mus.
219 5092 241 5148 Ε
272 5088 415 5146 contrario
448 5084 522 5142 nolle
559 5085 616 5140 ciat
652 5090 703 5139 ant
731 5081 866 5148 dimittat,
896 5094 962 5152 quae
1014 5078 1193 5137 tumdebere
1220 5081 1292 5138 bene
1312 5095 1407 5153 agere,
1446 5092 1532 5152 sanet,
1583 5085 1711 5156 profecto
1765 5086 1855 5145 eudon
1897 5088 1902 5116 l

115 5177 165 5236 illa
187 5178 296 5236 dicitur
321 5191 387 5248 quae
410 5175 521 5232 dissua-
560 5172 680 5229 flerivel
696 5170 800 5228 dimitti
821 5176 958 5241 oporteat,
1014 5175 1158 5238 quantum
1187 5169 1298 5240 potest?
1326 5172 1407 5235 Quod
1443 5174 1555 5231 ratione
1593 5174 1629 5231 de
1657 5175 1752 5234 altero
1789 5170 1854 5249 quoi
1889 5175 1896 5196 ’

152 5301 209 5373 (Sl)
240 5300 349 5359 lntrod.
380 5299 459 5357 addit
488 5312 578 5355 oruues
611 5295 776 5366 quandoque
812 5294 958 5351 solvendos
1052 5289 1108 5360 (33)
1123 5291 1242 5360 Introd,
1258 5293 1345 5350 uliud.

119 5385 176 5428 esu
210 5372 326 5430 omissis
354 5384 420 5442 quae
439 5377 602 5442 sequuntur
624 5381 719 5439 usque
746 5366 784 5424 ad
813 5366 881 5423 vetto
907 5370 959 5423 ito-
1052 5361 1110 5432 (33)
1126 5361 1245 5432 lntrod.‚
1261 5365 1406 5434 apostotos.

110 5455 173 5509 Μ.
