<?xml version="1.0" encoding="UTF-8"?>
<!DOCTYPE html PUBLIC "-//W3C//DTD XHTML 1.0 Transitional//EN"
    "http://www.w3.org/TR/xhtml1/DTD/xhtml1-transitional.dtd">
<html xmlns="http://www.w3.org/1999/xhtml" xml:lang="en" lang="en">
 <head>
  <title>
</title>
<meta http-equiv="Content-Type" content="text/html;charset=utf-8" />
  <meta name='ocr-system' content='tesseract 3.04.00' />
  <meta name='ocr-capabilities' content='ocr_page ocr_carea ocr_par ocr_line ocrx_word'/>
</head>
<body>
  <div class='ocr_page' id='page_1' title='image "./patrologiaecurs53unkngoog_0377.png"; bbox 0 0 3804 5962; ppageno 0'>
   <div class='ocr_carea' id='block_1_1' title="bbox 121 184 1871 255">
    <p class='ocr_par' dir='ltr' id='par_1_1' title="bbox 121 184 1871 255">
     <span class='ocr_line' id='line_1_1' title="bbox 121 184 1871 255; baseline -0.008 0"><span class='ocrx_word' id='word_1_1' title='bbox 121 195 174 255; x_wconf 72' lang='lat' dir='ltr'>m</span> <span class='ocrx_word' id='word_1_2' title='bbox 387 187 490 245; x_wconf 81' lang='lat' dir='ltr'>PETRI</span> <span class='ocrx_word' id='word_1_3' title='bbox 508 186 692 244; x_wconf 68' lang='lat' dir='ltr'>nantium</span> <span class='ocrx_word' id='word_1_4' title='bbox 712 187 790 244; x_wconf 85' lang='lat' dir='ltr'><strong>OPP.</strong></span> <span class='ocrx_word' id='word_1_5' title='bbox 810 187 900 244; x_wconf 78' lang='lat' dir='ltr'><strong>PARS</strong></span> <span class='ocrx_word' id='word_1_6' title='bbox 917 186 968 243; x_wconf 88' lang='lat'><em>111.</em></span> <span class='ocrx_word' id='word_1_7' title='bbox 982 215 1018 230; x_wconf 88' lang='lat'><em>-</em></span> <span class='ocrx_word' id='word_1_8' title='bbox 1031 186 1256 247; x_wconf 71' lang='lat' dir='ltr'>radobodlca</span> <span class='ocrx_word' id='word_1_9' title='bbox 1274 186 1319 242; x_wconf 82' lang='grc' dir='ltr'>ΕΤ</span> <span class='ocrx_word' id='word_1_10' title='bbox 1339 184 1604 244; x_wconf 73' lang='lat' dir='ltr'>philosophica.</span> <span class='ocrx_word' id='word_1_11' title='bbox 1819 186 1871 242; x_wconf 75' lang='lat' dir='ltr'>ret</span> 
     </span>
    </p>
   </div>
   <div class='ocr_carea' id='block_1_2' title="bbox 112 303 1901 2885">
    <p class='ocr_par' dir='ltr' id='par_1_2' title="bbox 112 303 1901 2885">
     <span class='ocr_line' id='line_1_2' title="bbox 120 303 1870 377; baseline -0.007 -3"><span class='ocrx_word' id='word_1_12' title='bbox 120 321 200 374; x_wconf 82' lang='lat' dir='ltr'>stant</span> <span class='ocrx_word' id='word_1_13' title='bbox 238 309 396 377; x_wconf 85' lang='lat' dir='ltr'>elementis,</span> <span class='ocrx_word' id='word_1_14' title='bbox 431 315 488 364; x_wconf 71' lang='lat' dir='ltr'>lam</span> <span class='ocrx_word' id='word_1_15' title='bbox 509 308 646 365; x_wconf 89' lang='lat' dir='ltr'>animatis</span> <span class='ocrx_word' id='word_1_16' title='bbox 679 320 767 377; x_wconf 90' lang='lat' dir='ltr'>quam</span> <span class='ocrx_word' id='word_1_17' title='bbox 787 306 1104 371; x_wconf 78' lang='lat' dir='ltr'>inanimatishvatas</span> <span class='ocrx_word' id='word_1_18' title='bbox 1118 307 1154 363; x_wconf 89' lang='lat' dir='ltr'>ad</span> <span class='ocrx_word' id='word_1_19' title='bbox 1171 307 1389 364; x_wconf 88' lang='lat' dir='ltr'>inundationem</span> <span class='ocrx_word' id='word_1_20' title='bbox 1410 305 1524 374; x_wconf 90' lang='lat' dir='ltr'>diluvii,</span> <span class='ocrx_word' id='word_1_21' title='bbox 1549 312 1581 361; x_wconf 90' lang='lat' dir='ltr'>ut</span> <span class='ocrx_word' id='word_1_22' title='bbox 1604 304 1670 361; x_wconf 82' lang='lat' dir='ltr'>iude</span> <span class='ocrx_word' id='word_1_23' title='bbox 1696 303 1802 362; x_wconf 89' lang='lat' dir='ltr'>scilicet</span> <span class='ocrx_word' id='word_1_24' title='bbox 1829 306 1870 362; x_wconf 89' lang='lat' dir='ltr'>la·</span> 
     </span>
     <span class='ocr_line' id='line_1_3' title="bbox 122 395 1869 477; baseline -0.006 -16"><span class='ocrx_word' id='word_1_25' title='bbox 122 404 189 477; x_wconf 89' lang='lat' dir='ltr'>quis</span> <span class='ocrx_word' id='word_1_26' title='bbox 205 400 414 460; x_wconf 75' lang='lat' dir='ltr'>rationabiliter</span> <span class='ocrx_word' id='word_1_27' title='bbox 437 411 543 470; x_wconf 81' lang='lat' dir='ltr'>negare</span> <span class='ocrx_word' id='word_1_28' title='bbox 565 396 662 467; x_wconf 81' lang='lat' dir='ltr'>possit,</span> <span class='ocrx_word' id='word_1_29' title='bbox 688 396 751 452; x_wconf 84' lang='lat' dir='ltr'>haec</span> <span class='ocrx_word' id='word_1_30' title='bbox 765 403 892 466; x_wconf 92' lang='lat' dir='ltr'>quatuor</span> <span class='ocrx_word' id='word_1_31' title='bbox 912 395 969 451; x_wconf 89' lang='lat' dir='ltr'>ele·</span> <span class='ocrx_word' id='word_1_32' title='bbox 1023 396 1121 452; x_wconf 91' lang='lat' dir='ltr'>benles</span> <span class='ocrx_word' id='word_1_33' title='bbox 1132 397 1311 453; x_wconf 90' lang='lat' dir='ltr'>abundantia</span> <span class='ocrx_word' id='word_1_34' title='bbox 1326 398 1370 452; x_wconf 91' lang='lat' dir='ltr'>sui</span> <span class='ocrx_word' id='word_1_35' title='bbox 1399 402 1505 452; x_wconf 87' lang='lat' dir='ltr'>terram</span> <span class='ocrx_word' id='word_1_36' title='bbox 1530 396 1718 465; x_wconf 80' lang='lat' dir='ltr'>cooperirent,</span> <span class='ocrx_word' id='word_1_37' title='bbox 1734 395 1869 451; x_wconf 83' lang='lat' dir='ltr'>frivolum</span> 
     </span>
     <span class='ocr_line' id='line_1_4' title="bbox 122 482 1869 557; baseline -0.006 -7"><span class='ocrx_word' id='word_1_38' title='bbox 122 506 220 550; x_wconf 57' lang='lat' dir='ltr'>menta</span> <span class='ocrx_word' id='word_1_39' title='bbox 239 489 289 547; x_wconf 89' lang='lat' dir='ltr'>tali</span> <span class='ocrx_word' id='word_1_40' title='bbox 316 488 371 545; x_wconf 91' lang='lat' dir='ltr'>sibi</span> <span class='ocrx_word' id='word_1_41' title='bbox 397 487 481 544; x_wconf 91' lang='lat' dir='ltr'>modo</span> <span class='ocrx_word' id='word_1_42' title='bbox 505 485 645 556; x_wconf 87' lang='lat' dir='ltr'>copulari,</span> <span class='ocrx_word' id='word_1_43' title='bbox 671 492 704 542; x_wconf 91' lang='lat' dir='ltr'>ut</span> <span class='ocrx_word' id='word_1_44' title='bbox 718 483 866 542; x_wconf 75' lang='lat' dir='ltr'>nonnulla</span> <span class='ocrx_word' id='word_1_45' title='bbox 881 482 969 555; x_wconf 92' lang='lat' dir='ltr'>parti·</span> <span class='ocrx_word' id='word_1_46' title='bbox 1023 485 1142 543; x_wconf 90' lang='lat' dir='ltr'>omnino</span> <span class='ocrx_word' id='word_1_47' title='bbox 1158 484 1391 556; x_wconf 82' lang='lat' dir='ltr'>deprehenditur.</span> <span class='ocrx_word' id='word_1_48' title='bbox 1418 483 1491 541; x_wconf 81' lang='lat' dir='ltr'>Cum</span> <span class='ocrx_word' id='word_1_49' title='bbox 1521 484 1598 541; x_wconf 91' lang='lat' dir='ltr'>enim</span> <span class='ocrx_word' id='word_1_50' title='bbox 1618 483 1768 541; x_wconf 88' lang='lat' dir='ltr'>Psalmista</span> <span class='ocrx_word' id='word_1_51' title='bbox 1786 485 1869 557; x_wconf 84' lang='lat' dir='ltr'>langa</span> 
     </span>
     <span class='ocr_line' id='line_1_5' title="bbox 120 571 1870 646; baseline -0.006 -7"><span class='ocrx_word' id='word_1_52' title='bbox 120 581 195 639; x_wconf 82' lang='lat' dir='ltr'>culae</span> <span class='ocrx_word' id='word_1_53' title='bbox 232 579 376 636; x_wconf 91' lang='lat' dir='ltr'>leviarum</span> <span class='ocrx_word' id='word_1_54' title='bbox 405 577 613 633; x_wconf 88' lang='lat' dir='ltr'>elementorum</span> <span class='ocrx_word' id='word_1_55' title='bbox 640 573 790 646; x_wconf 84' lang='lat' dir='ltr'>aliquibus</span> <span class='ocrx_word' id='word_1_56' title='bbox 820 571 968 644; x_wconf 90' lang='lat' dir='ltr'>particulis</span> <span class='ocrx_word' id='word_1_57' title='bbox 1023 575 1247 646; x_wconf 89' lang='lat' dir='ltr'>postdiluvium</span> <span class='ocrx_word' id='word_1_58' title='bbox 1272 574 1399 632; x_wconf 83' lang='lat' dir='ltr'>existens</span> <span class='ocrx_word' id='word_1_59' title='bbox 1426 574 1525 630; x_wconf 88' lang='lat' dir='ltr'>dicat:</span> <span class='ocrx_word' id='word_1_60' title='bbox 1553 576 1589 629; x_wconf 80' lang='lat' dir='ltr'>Et</span> <span class='ocrx_word' id='word_1_61' title='bbox 1611 590 1689 640; x_wconf 80' lang='lat' dir='ltr'>aqua</span> <span class='ocrx_word' id='word_1_62' title='bbox 1715 588 1870 645; x_wconf 73' lang='lat' dir='ltr'>quesaprr</span> 
     </span>
     <span class='ocr_line' id='line_1_6' title="bbox 121 661 1868 744; baseline -0.005 -17"><span class='ocrx_word' id='word_1_63' title='bbox 121 670 290 744; x_wconf 77' lang='lat' dir='ltr'>graviorum</span> <span class='ocrx_word' id='word_1_64' title='bbox 307 664 531 737; x_wconf 73' lang='lat' dir='ltr'>supponantur?</span> <span class='ocrx_word' id='word_1_65' title='bbox 556 665 619 720; x_wconf 84' lang='lat' dir='ltr'>Nou</span> <span class='ocrx_word' id='word_1_66' title='bbox 633 663 711 720; x_wconf 88' lang='lat' dir='ltr'>enim</span> <span class='ocrx_word' id='word_1_67' title='bbox 725 662 850 735; x_wconf 87' lang='lat' dir='ltr'>alicujus</span> <span class='ocrx_word' id='word_1_68' title='bbox 869 661 969 734; x_wconf 81' lang='lat' dir='ltr'>magni</span> <span class='ocrx_word' id='word_1_69' title='bbox 1022 667 1099 720; x_wconf 79' lang='lat' dir='ltr'>calos</span> <span class='ocrx_word' id='word_1_70' title='bbox 1127 670 1200 721; x_wconf 85' lang='lat' dir='ltr'>sant·</span> <span class='ocrx_word' id='word_1_71' title='bbox 1215 665 1327 720; x_wconf 86' lang='lat' dir='ltr'>landent</span> <span class='ocrx_word' id='word_1_72' title='bbox 1356 680 1451 719; x_wconf 81' lang='lat' dir='ltr'>nomen</span> <span class='ocrx_word' id='word_1_73' title='bbox 1473 665 1581 718; x_wconf 77' lang='lat' dir='ltr'>bonini</span> <span class='ocrx_word' id='word_1_74' title='bbox 1596 661 1681 735; x_wconf 84' lang='lat' dir='ltr'>(Psal.</span> <span class='ocrx_word' id='word_1_75' title='bbox 1698 678 1817 733; x_wconf 84' lang='lat' dir='ltr'>cxcviii,</span> <span class='ocrx_word' id='word_1_76' title='bbox 1830 664 1868 735; x_wconf 78' lang='grc'>4),</span> 
     </span>
     <span class='ocr_line' id='line_1_7' title="bbox 120 751 1888 829; baseline -0.003 -13"><span class='ocrx_word' id='word_1_77' title='bbox 120 756 249 829; x_wconf 85' lang='lat' dir='ltr'>eorporis</span> <span class='ocrx_word' id='word_1_78' title='bbox 276 755 425 813; x_wconf 82' lang='lat' dir='ltr'>interiores</span> <span class='ocrx_word' id='word_1_79' title='bbox 452 762 548 825; x_wconf 89' lang='lat' dir='ltr'>partes</span> <span class='ocrx_word' id='word_1_80' title='bbox 587 753 628 810; x_wconf 91' lang='lat' dir='ltr'>ita</span> <span class='ocrx_word' id='word_1_81' title='bbox 655 767 773 824; x_wconf 91' lang='lat' dir='ltr'>prorsus</span> <span class='ocrx_word' id='word_1_82' title='bbox 809 751 888 824; x_wconf 80' lang='lat' dir='ltr'>ignei</span> <span class='ocrx_word' id='word_1_83' title='bbox 923 753 968 809; x_wconf 89' lang='lat' dir='ltr'>vel</span> <span class='ocrx_word' id='word_1_84' title='bbox 1022 754 1149 824; x_wconf 89' lang='lat' dir='ltr'>prolecto</span> <span class='ocrx_word' id='word_1_85' title='bbox 1178 755 1216 810; x_wconf 88' lang='lat' dir='ltr'>ibi</span> <span class='ocrx_word' id='word_1_86' title='bbox 1240 769 1319 812; x_wconf 90' lang='lat' dir='ltr'>nunc</span> <span class='ocrx_word' id='word_1_87' title='bbox 1346 768 1463 826; x_wconf 89' lang='lat' dir='ltr'>quoque</span> <span class='ocrx_word' id='word_1_88' title='bbox 1491 753 1566 810; x_wconf 93' lang='lat' dir='ltr'>sicut</span> <span class='ocrx_word' id='word_1_89' title='bbox 1598 759 1664 809; x_wconf 90' lang='lat' dir='ltr'>ante</span> <span class='ocrx_word' id='word_1_90' title='bbox 1688 756 1800 810; x_wconf 88' lang='lat' dir='ltr'>constat</span> <span class='ocrx_word' id='word_1_91' title='bbox 1821 761 1888 810; x_wconf 81' lang='lat' dir='ltr'>eas·</span> 
     </span>
     <span class='ocr_line' id='line_1_8' title="bbox 118 842 1868 915; baseline -0.006 -9"><span class='ocrx_word' id='word_1_92' title='bbox 118 846 191 906; x_wconf 82' lang='lat' dir='ltr'>serii</span> <span class='ocrx_word' id='word_1_93' title='bbox 222 845 355 904; x_wconf 85' lang='lat' dir='ltr'>elementi</span> <span class='ocrx_word' id='word_1_94' title='bbox 376 843 545 901; x_wconf 85' lang='lat' dir='ltr'>admistione</span> <span class='ocrx_word' id='word_1_95' title='bbox 571 842 687 914; x_wconf 88' lang='lat' dir='ltr'>penitus</span> <span class='ocrx_word' id='word_1_96' title='bbox 707 850 816 905; x_wconf 87' lang='lat' dir='ltr'>carent,</span> <span class='ocrx_word' id='word_1_97' title='bbox 831 842 969 899; x_wconf 89' lang='lat' dir='ltr'>sicutnea</span> <span class='ocrx_word' id='word_1_98' title='bbox 1021 844 1151 901; x_wconf 83' lang='lat' dir='ltr'>existere.</span> <span class='ocrx_word' id='word_1_99' title='bbox 1169 842 1278 915; x_wconf 86' lang='lat' dir='ltr'>Quippe</span> <span class='ocrx_word' id='word_1_100' title='bbox 1302 858 1359 899; x_wconf 92' lang='lat' dir='ltr'>nan</span> <span class='ocrx_word' id='word_1_101' title='bbox 1386 843 1436 912; x_wconf 88' lang='lat' dir='ltr'>alt,</span> <span class='ocrx_word' id='word_1_102' title='bbox 1463 857 1529 914; x_wconf 74' lang='lat' dir='ltr'>quae</span> <span class='ocrx_word' id='word_1_103' title='bbox 1544 849 1637 910; x_wconf 88' lang='lat' dir='ltr'>erant,</span> <span class='ocrx_word' id='word_1_104' title='bbox 1651 843 1699 899; x_wconf 92' lang='lat' dir='ltr'>sed</span> <span class='ocrx_word' id='word_1_105' title='bbox 1714 858 1775 913; x_wconf 82' lang='lat' dir='ltr'>qna</span> <span class='ocrx_word' id='word_1_106' title='bbox 1793 848 1868 898; x_wconf 80' lang='lat' dir='ltr'>snat.</span> 
     </span>
     <span class='ocr_line' id='line_1_9' title="bbox 118 931 1868 1009; baseline -0.005 -13"><span class='ocrx_word' id='word_1_107' title='bbox 118 936 283 1009; x_wconf 84' lang='lat' dir='ltr'>superiores</span> <span class='ocrx_word' id='word_1_108' title='bbox 293 935 339 1006; x_wconf 71' lang='lat' dir='ltr'>{ab</span> <span class='ocrx_word' id='word_1_109' title='bbox 355 948 433 1006; x_wconf 90' lang='lat' dir='ltr'>aqua</span> <span class='ocrx_word' id='word_1_110' title='bbox 453 942 481 991; x_wconf 93' lang='lat' dir='ltr'>et</span> <span class='ocrx_word' id='word_1_111' title='bbox 495 940 573 990; x_wconf 89' lang='lat' dir='ltr'>terra</span> <span class='ocrx_word' id='word_1_112' title='bbox 590 945 709 1002; x_wconf 89' lang='lat' dir='ltr'>prorsus</span> <span class='ocrx_word' id='word_1_113' title='bbox 725 938 794 989; x_wconf 89' lang='lat' dir='ltr'>suut</span> <span class='ocrx_word' id='word_1_114' title='bbox 808 931 964 1002; x_wconf 91' lang='lat' dir='ltr'>immunes;</span> <span class='ocrx_word' id='word_1_115' title='bbox 1021 931 1135 1000; x_wconf 90' lang='lat' dir='ltr'>Quodsi</span> <span class='ocrx_word' id='word_1_116' title='bbox 1151 948 1217 1004; x_wconf 88' lang='lat' dir='ltr'>pars</span> <span class='ocrx_word' id='word_1_117' title='bbox 1229 933 1363 1004; x_wconf 84' lang='lat' dir='ltr'>quaedam</span> <span class='ocrx_word' id='word_1_118' title='bbox 1384 933 1449 989; x_wconf 92' lang='lat' dir='ltr'>inde</span> <span class='ocrx_word' id='word_1_119' title='bbox 1464 933 1500 989; x_wconf 89' lang='lat' dir='ltr'>sit</span> <span class='ocrx_word' id='word_1_120' title='bbox 1526 932 1653 1004; x_wconf 89' lang='lat' dir='ltr'>delapsa,</span> <span class='ocrx_word' id='word_1_121' title='bbox 1680 946 1868 1004; x_wconf 91' lang='lat' dir='ltr'>nequaquam</span> 
     </span>
     <span class='ocr_line' id='line_1_10' title="bbox 120 1019 1870 1096; baseline -0.004 -12"><span class='ocrx_word' id='word_1_122' title='bbox 120 1026 171 1085; x_wconf 86' lang='lat' dir='ltr'>sed</span> <span class='ocrx_word' id='word_1_123' title='bbox 186 1033 245 1083; x_wconf 84' lang='lat' dir='ltr'>tam</span> <span class='ocrx_word' id='word_1_124' title='bbox 265 1024 427 1096; x_wconf 84' lang='lat' dir='ltr'>superiores</span> <span class='ocrx_word' id='word_1_125' title='bbox 453 1036 542 1094; x_wconf 89' lang='lat' dir='ltr'>quam</span> <span class='ocrx_word' id='word_1_126' title='bbox 558 1020 707 1078; x_wconf 82' lang='lat' dir='ltr'>interiores</span> <span class='ocrx_word' id='word_1_127' title='bbox 731 1019 821 1093; x_wconf 86' lang='lat' dir='ltr'>hujus</span> <span class='ocrx_word' id='word_1_128' title='bbox 841 1021 968 1091; x_wconf 90' lang='lat' dir='ltr'>corporis</span> <span class='ocrx_word' id='word_1_129' title='bbox 1022 1022 1238 1079; x_wconf 82' lang='lat' dir='ltr'>firmamentum</span> <span class='ocrx_word' id='word_1_130' title='bbox 1262 1022 1303 1078; x_wconf 89' lang='lat' dir='ltr'>illi</span> <span class='ocrx_word' id='word_1_131' title='bbox 1334 1021 1408 1093; x_wconf 91' lang='lat' dir='ltr'>parti</span> <span class='ocrx_word' id='word_1_132' title='bbox 1424 1021 1479 1078; x_wconf 86' lang='lat' dir='ltr'>luit</span> <span class='ocrx_word' id='word_1_133' title='bbox 1498 1021 1709 1092; x_wconf 90' lang='lat' dir='ltr'>interpositum,</span> <span class='ocrx_word' id='word_1_134' title='bbox 1725 1021 1804 1093; x_wconf 91' lang='lat' dir='ltr'>quad</span> <span class='ocrx_word' id='word_1_135' title='bbox 1823 1036 1870 1078; x_wconf 88' lang='lat' dir='ltr'>ne-</span> 
     </span>
     <span class='ocr_line' id='line_1_11' title="bbox 119 1110 1870 1188; baseline -0.003 -15"><span class='ocrx_word' id='word_1_136' title='bbox 119 1122 216 1188; x_wconf 88' lang='lat' dir='ltr'>partes</span> <span class='ocrx_word' id='word_1_137' title='bbox 230 1129 267 1172; x_wconf 90' lang='lat' dir='ltr'>ex</span> <span class='ocrx_word' id='word_1_138' title='bbox 287 1121 415 1184; x_wconf 91' lang='lat' dir='ltr'>quatuor</span> <span class='ocrx_word' id='word_1_139' title='bbox 430 1118 561 1169; x_wconf 89' lang='lat' dir='ltr'>constant</span> <span class='ocrx_word' id='word_1_140' title='bbox 573 1110 731 1176; x_wconf 87' lang='lat' dir='ltr'>elementis,</span> <span class='ocrx_word' id='word_1_141' title='bbox 754 1122 966 1181; x_wconf 82' lang='lat' dir='ltr'>congruaqua-</span> <span class='ocrx_word' id='word_1_142' title='bbox 1021 1125 1171 1183; x_wconf 89' lang='lat' dir='ltr'>quaquam</span> <span class='ocrx_word' id='word_1_143' title='bbox 1184 1113 1223 1168; x_wconf 91' lang='lat' dir='ltr'>ita</span> <span class='ocrx_word' id='word_1_144' title='bbox 1238 1126 1286 1168; x_wconf 91' lang='lat' dir='ltr'>eas</span> <span class='ocrx_word' id='word_1_145' title='bbox 1302 1110 1438 1180; x_wconf 81' lang='lat' dir='ltr'>firmavit,</span> <span class='ocrx_word' id='word_1_146' title='bbox 1455 1118 1485 1168; x_wconf 93' lang='lat' dir='ltr'>ut</span> <span class='ocrx_word' id='word_1_147' title='bbox 1509 1126 1566 1168; x_wconf 93' lang='lat' dir='ltr'>non</span> <span class='ocrx_word' id='word_1_148' title='bbox 1598 1110 1720 1168; x_wconf 87' lang='lat' dir='ltr'>ulterius</span> <span class='ocrx_word' id='word_1_149' title='bbox 1742 1110 1870 1168; x_wconf 89' lang='lat' dir='ltr'>laberen-</span> 
     </span>
     <span class='ocr_line' id='line_1_12' title="bbox 119 1198 1868 1272; baseline -0.004 -9"><span class='ocrx_word' id='word_1_150' title='bbox 119 1205 186 1263; x_wconf 87' lang='lat' dir='ltr'>dam</span> <span class='ocrx_word' id='word_1_151' title='bbox 200 1202 328 1262; x_wconf 90' lang='lat' dir='ltr'>naturali</span> <span class='ocrx_word' id='word_1_152' title='bbox 343 1201 537 1259; x_wconf 87' lang='lat' dir='ltr'>moderatione</span> <span class='ocrx_word' id='word_1_153' title='bbox 552 1199 607 1256; x_wconf 93' lang='lat' dir='ltr'>sibi</span> <span class='ocrx_word' id='word_1_154' title='bbox 627 1198 778 1272; x_wconf 81' lang='lat' dir='ltr'>colligatis,</span> <span class='ocrx_word' id='word_1_155' title='bbox 790 1198 875 1270; x_wconf 80' lang='lat' dir='ltr'>justa</span> <span class='ocrx_word' id='word_1_156' title='bbox 895 1198 965 1255; x_wconf 94' lang='lat' dir='ltr'>illud</span> <span class='ocrx_word' id='word_1_157' title='bbox 1020 1208 1078 1258; x_wconf 94' lang='lat' dir='ltr'>tur.</span> <span class='ocrx_word' id='word_1_158' title='bbox 1094 1201 1210 1258; x_wconf 85' lang='lat' dir='ltr'>Constat</span> <span class='ocrx_word' id='word_1_159' title='bbox 1228 1200 1325 1267; x_wconf 91' lang='lat' dir='ltr'>eliam,</span> <span class='ocrx_word' id='word_1_160' title='bbox 1356 1207 1387 1258; x_wconf 94' lang='lat' dir='ltr'>ut</span> <span class='ocrx_word' id='word_1_161' title='bbox 1414 1200 1531 1257; x_wconf 85' lang='lat' dir='ltr'>Genesis</span> <span class='ocrx_word' id='word_1_162' title='bbox 1548 1199 1643 1268; x_wconf 81' lang='lat' dir='ltr'>refert,</span> <span class='ocrx_word' id='word_1_163' title='bbox 1669 1199 1816 1257; x_wconf 90' lang='lat' dir='ltr'>diluvium</span> <span class='ocrx_word' id='word_1_164' title='bbox 1832 1213 1868 1256; x_wconf 82' lang='lat' dir='ltr'>ex</span> 
     </span>
     <span class='ocr_line' id='line_1_13' title="bbox 119 1288 1868 1367; baseline -0.003 -16"><span class='ocrx_word' id='word_1_165' title='bbox 119 1293 198 1367; x_wconf 90' lang='lat' dir='ltr'>quod</span> <span class='ocrx_word' id='word_1_166' title='bbox 225 1293 262 1350; x_wconf 95' lang='lat' dir='ltr'>ad</span> <span class='ocrx_word' id='word_1_167' title='bbox 290 1293 382 1348; x_wconf 86' lang='lat' dir='ltr'>Deum</span> <span class='ocrx_word' id='word_1_168' title='bbox 405 1290 534 1348; x_wconf 90' lang='lat' dir='ltr'>dicitur:</span> <span class='ocrx_word' id='word_1_169' title='bbox 559 1288 613 1356; x_wconf 77' lang='lat' dir='ltr'>Oiai</span> <span class='ocrx_word' id='word_1_170' title='bbox 638 1291 757 1344; x_wconf 85' lang='lat' dir='ltr'>numeris</span> <span class='ocrx_word' id='word_1_171' title='bbox 785 1288 915 1345; x_wconf 80' lang='grc' dir='ltr'>ιιιιιιιιιι</span> <span class='ocrx_word' id='word_1_172' title='bbox 935 1288 967 1342; x_wconf 84' lang='grc' dir='ltr'>ιι·</span> <span class='ocrx_word' id='word_1_173' title='bbox 1020 1290 1200 1349; x_wconf 88' lang='lat' dir='ltr'>abundantia</span> <span class='ocrx_word' id='word_1_174' title='bbox 1215 1290 1382 1361; x_wconf 83' lang='lat' dir='ltr'>pluviarum</span> <span class='ocrx_word' id='word_1_175' title='bbox 1402 1288 1499 1357; x_wconf 90' lang='lat' dir='ltr'>luisse,</span> <span class='ocrx_word' id='word_1_176' title='bbox 1525 1289 1619 1359; x_wconf 90' lang='lat' dir='ltr'>ruptis</span> <span class='ocrx_word' id='word_1_177' title='bbox 1638 1288 1725 1346; x_wconf 90' lang='lat' dir='ltr'>etiam</span> <span class='ocrx_word' id='word_1_178' title='bbox 1740 1288 1868 1346; x_wconf 89' lang='lat' dir='ltr'>lontibus</span> 
     </span>
     <span class='ocr_line' id='line_1_14' title="bbox 117 1376 1868 1454; baseline -0.003 -14"><span class='ocrx_word' id='word_1_179' title='bbox 117 1398 178 1454; x_wconf 78' lang='lat' dir='ltr'>aar.</span> <span class='ocrx_word' id='word_1_180' title='bbox 203 1382 278 1448; x_wconf 82' lang='lat' dir='ltr'>Quid</span> <span class='ocrx_word' id='word_1_181' title='bbox 303 1393 372 1453; x_wconf 76' lang='lat' dir='ltr'>erpo</span> <span class='ocrx_word' id='word_1_182' title='bbox 401 1379 510 1437; x_wconf 91' lang='lat' dir='ltr'>mirum</span> <span class='ocrx_word' id='word_1_183' title='bbox 532 1378 556 1436; x_wconf 93' lang='lat' dir='ltr'>si</span> <span class='ocrx_word' id='word_1_184' title='bbox 584 1378 614 1435; x_wconf 89' lang='lat' dir='ltr'>in</span> <span class='ocrx_word' id='word_1_185' title='bbox 633 1377 838 1449; x_wconf 90' lang='lat' dir='ltr'>compositione</span> <span class='ocrx_word' id='word_1_186' title='bbox 865 1376 967 1436; x_wconf 92' lang='lat' dir='ltr'>mundi</span> <span class='ocrx_word' id='word_1_187' title='bbox 1020 1379 1117 1450; x_wconf 84' lang='lat' dir='ltr'>abyssi</span> <span class='ocrx_word' id='word_1_188' title='bbox 1132 1393 1258 1452; x_wconf 78' lang='lat' dir='ltr'>maguae,</span> <span class='ocrx_word' id='word_1_189' title='bbox 1286 1379 1395 1450; x_wconf 91' lang='lat' dir='ltr'>quibus</span> <span class='ocrx_word' id='word_1_190' title='bbox 1419 1386 1516 1450; x_wconf 88' lang='lat' dir='ltr'>postea</span> <span class='ocrx_word' id='word_1_191' title='bbox 1543 1377 1649 1435; x_wconf 90' lang='lat' dir='ltr'>clausis</span> <span class='ocrx_word' id='word_1_192' title='bbox 1672 1385 1700 1435; x_wconf 89' lang='lat' dir='ltr'>et</span> <span class='ocrx_word' id='word_1_193' title='bbox 1715 1377 1868 1449; x_wconf 83' lang='lat' dir='ltr'>prohibitis</span> 
     </span>
     <span class='ocr_line' id='line_1_15' title="bbox 117 1465 1868 1544; baseline -0.003 -14"><span class='ocrx_word' id='word_1_194' title='bbox 117 1485 201 1544; x_wconf 87' lang='lat' dir='ltr'>aqua</span> <span class='ocrx_word' id='word_1_195' title='bbox 214 1471 282 1543; x_wconf 81' lang='lat' dir='ltr'>igne</span> <span class='ocrx_word' id='word_1_196' title='bbox 302 1469 349 1528; x_wconf 90' lang='lat' dir='ltr'>vel</span> <span class='ocrx_word' id='word_1_197' title='bbox 365 1483 431 1527; x_wconf 89' lang='lat' dir='ltr'>aere</span> <span class='ocrx_word' id='word_1_198' title='bbox 447 1467 563 1540; x_wconf 79' lang='lat' dir='ltr'>gravior</span> <span class='ocrx_word' id='word_1_199' title='bbox 574 1467 730 1538; x_wconf 91' lang='lat' dir='ltr'>superponi</span> <span class='ocrx_word' id='word_1_200' title='bbox 746 1467 839 1538; x_wconf 90' lang='lat' dir='ltr'>potuit</span> <span class='ocrx_word' id='word_1_201' title='bbox 863 1465 928 1536; x_wconf 89' lang='lat' dir='ltr'>illis,</span> <span class='ocrx_word' id='word_1_202' title='bbox 939 1473 967 1524; x_wconf 91' lang='lat' dir='ltr'>et</span> <span class='ocrx_word' id='word_1_203' title='bbox 1020 1469 1136 1541; x_wconf 87' lang='lat' dir='ltr'>pluviis,</span> <span class='ocrx_word' id='word_1_204' title='bbox 1162 1469 1261 1540; x_wconf 90' lang='lat' dir='ltr'>ipsum</span> <span class='ocrx_word' id='word_1_205' title='bbox 1295 1468 1438 1525; x_wconf 89' lang='lat' dir='ltr'>diluvium</span> <span class='ocrx_word' id='word_1_206' title='bbox 1465 1468 1594 1524; x_wconf 87' lang='lat' dir='ltr'>cessavit.</span> <span class='ocrx_word' id='word_1_207' title='bbox 1627 1466 1743 1524; x_wconf 87' lang='lat' dir='ltr'>Certum</span> <span class='ocrx_word' id='word_1_208' title='bbox 1770 1475 1868 1525; x_wconf 86' lang='lat' dir='ltr'>autem</span> 
     </span>
     <span class='ocr_line' id='line_1_16' title="bbox 117 1555 1867 1629; baseline -0.003 -10"><span class='ocrx_word' id='word_1_209' title='bbox 117 1559 213 1619; x_wconf 77' lang='lat' dir='ltr'>abeis</span> <span class='ocrx_word' id='word_1_210' title='bbox 226 1561 311 1617; x_wconf 86' lang='lat' dir='ltr'>aliem</span> <span class='ocrx_word' id='word_1_211' title='bbox 323 1556 503 1616; x_wconf 82' lang='lat' dir='ltr'>sustentari?</span> <span class='ocrx_word' id='word_1_212' title='bbox 1019 1558 1143 1616; x_wconf 90' lang='lat' dir='ltr'>habetur</span> <span class='ocrx_word' id='word_1_213' title='bbox 1172 1558 1287 1629; x_wconf 91' lang='lat' dir='ltr'>pluvias</span> <span class='ocrx_word' id='word_1_214' title='bbox 1315 1570 1503 1628; x_wconf 88' lang='lat' dir='ltr'>nequaquam</span> <span class='ocrx_word' id='word_1_215' title='bbox 1527 1555 1597 1612; x_wconf 87' lang='lat' dir='ltr'>ariri</span> <span class='ocrx_word' id='word_1_216' title='bbox 1634 1555 1690 1612; x_wconf 92' lang='lat' dir='ltr'>nisi</span> <span class='ocrx_word' id='word_1_217' title='bbox 1725 1563 1867 1614; x_wconf 88' lang='lat' dir='ltr'>terrarum</span> 
     </span>
     <span class='ocr_line' id='line_1_17' title="bbox 153 1644 1868 1718; baseline -0.003 -10"><span class='ocrx_word' id='word_1_218' title='bbox 153 1648 294 1708; x_wconf 87' lang='lat' dir='ltr'>Nonnulli</span> <span class='ocrx_word' id='word_1_219' title='bbox 317 1656 415 1707; x_wconf 89' lang='lat' dir='ltr'>autem</span> <span class='ocrx_word' id='word_1_220' title='bbox 448 1659 542 1717; x_wconf 89' lang='lat' dir='ltr'>aquas</span> <span class='ocrx_word' id='word_1_221' title='bbox 564 1645 628 1702; x_wconf 89' lang='lat' dir='ltr'>illas</span> <span class='ocrx_word' id='word_1_222' title='bbox 653 1646 815 1716; x_wconf 89' lang='lat' dir='ltr'>superiores</span> <span class='ocrx_word' id='word_1_223' title='bbox 851 1645 965 1718; x_wconf 80' lang='lat' dir='ltr'>glaciali</span> <span class='ocrx_word' id='word_1_224' title='bbox 1018 1648 1213 1714; x_wconf 85' lang='lat' dir='ltr'>exhalatione,</span> <span class='ocrx_word' id='word_1_225' title='bbox 1228 1645 1349 1704; x_wconf 89' lang='lat' dir='ltr'>cumsal</span> <span class='ocrx_word' id='word_1_226' title='bbox 1363 1645 1493 1702; x_wconf 86' lang='lat' dir='ltr'>videlicet</span> <span class='ocrx_word' id='word_1_227' title='bbox 1508 1658 1556 1701; x_wconf 90' lang='lat' dir='ltr'>eas</span> <span class='ocrx_word' id='word_1_228' title='bbox 1585 1644 1755 1702; x_wconf 86' lang='lat' dir='ltr'>caleiaciens</span> <span class='ocrx_word' id='word_1_229' title='bbox 1780 1659 1868 1716; x_wconf 87' lang='lat' dir='ltr'>vapo-</span> 
     </span>
     <span class='ocr_line' id='line_1_18' title="bbox 116 1733 1868 1807; baseline -0.003 -9"><span class='ocrx_word' id='word_1_230' title='bbox 116 1739 297 1798; x_wconf 83' lang='lat' dir='ltr'>concretione</span> <span class='ocrx_word' id='word_1_231' title='bbox 309 1736 445 1795; x_wconf 87' lang='lat' dir='ltr'>solidatas</span> <span class='ocrx_word' id='word_1_232' title='bbox 458 1744 546 1807; x_wconf 89' lang='lat' dir='ltr'>atque</span> <span class='ocrx_word' id='word_1_233' title='bbox 562 1735 593 1792; x_wconf 91' lang='lat' dir='ltr'>in</span> <span class='ocrx_word' id='word_1_234' title='bbox 617 1733 787 1807; x_wconf 90' lang='lat' dir='ltr'>crystallum</span> <span class='ocrx_word' id='word_1_235' title='bbox 799 1733 965 1793; x_wconf 89' lang='lat' dir='ltr'>induruisse</span> <span class='ocrx_word' id='word_1_236' title='bbox 1018 1738 1129 1795; x_wconf 91' lang='lat' dir='ltr'>ratione</span> <span class='ocrx_word' id='word_1_237' title='bbox 1146 1736 1191 1792; x_wconf 92' lang='lat' dir='ltr'>sui</span> <span class='ocrx_word' id='word_1_238' title='bbox 1208 1749 1300 1807; x_wconf 89' lang='lat' dir='ltr'>aquas</span> <span class='ocrx_word' id='word_1_239' title='bbox 1315 1742 1416 1791; x_wconf 91' lang='lat' dir='ltr'>tenues</span> <span class='ocrx_word' id='word_1_240' title='bbox 1442 1742 1582 1805; x_wconf 88' lang='lat' dir='ltr'>tanquam</span> <span class='ocrx_word' id='word_1_241' title='bbox 1604 1734 1634 1791; x_wconf 91' lang='lat' dir='ltr'>in</span> <span class='ocrx_word' id='word_1_242' title='bbox 1650 1735 1729 1792; x_wconf 83' lang='lat' dir='ltr'>lunio</span> <span class='ocrx_word' id='word_1_243' title='bbox 1742 1749 1780 1792; x_wconf 83' lang='lat' dir='ltr'>ex</span> <span class='ocrx_word' id='word_1_244' title='bbox 1790 1735 1868 1792; x_wconf 89' lang='lat' dir='ltr'>cale-</span> 
     </span>
     <span class='ocr_line' id='line_1_19' title="bbox 117 1822 1866 1896; baseline -0.005 -9"><span class='ocrx_word' id='word_1_245' title='bbox 117 1832 318 1887; x_wconf 87' lang='lat' dir='ltr'>astruxerunt.</span> <span class='ocrx_word' id='word_1_246' title='bbox 334 1825 415 1893; x_wconf 79' lang='lat' dir='ltr'>Quod</span> <span class='ocrx_word' id='word_1_247' title='bbox 444 1825 561 1896; x_wconf 89' lang='lat' dir='ltr'>quidem</span> <span class='ocrx_word' id='word_1_248' title='bbox 577 1824 601 1881; x_wconf 94' lang='lat' dir='ltr'>si</span> <span class='ocrx_word' id='word_1_249' title='bbox 622 1824 663 1881; x_wconf 92' lang='lat' dir='ltr'>ita</span> <span class='ocrx_word' id='word_1_250' title='bbox 680 1832 732 1890; x_wconf 92' lang='lat' dir='ltr'>cst,</span> <span class='ocrx_word' id='word_1_251' title='bbox 748 1823 965 1896; x_wconf 81' lang='lat' dir='ltr'>quantomagis</span> <span class='ocrx_word' id='word_1_252' title='bbox 1018 1824 1138 1881; x_wconf 81' lang='lat' dir='ltr'>lectione</span> <span class='ocrx_word' id='word_1_253' title='bbox 1164 1833 1247 1880; x_wconf 84' lang='lat' dir='ltr'>terrae</span> <span class='ocrx_word' id='word_1_254' title='bbox 1280 1822 1503 1880; x_wconf 80' lang='lat' dir='ltr'>conscendentes</span> <span class='ocrx_word' id='word_1_255' title='bbox 1528 1822 1656 1880; x_wconf 90' lang='lat' dir='ltr'>attrahit.</span> <span class='ocrx_word' id='word_1_256' title='bbox 1679 1822 1741 1879; x_wconf 91' lang='lat' dir='ltr'>Non</span> <span class='ocrx_word' id='word_1_257' title='bbox 1766 1822 1866 1895; x_wconf 89' lang='lat' dir='ltr'>itaque</span> 
     </span>
     <span class='ocr_line' id='line_1_20' title="bbox 116 1910 1867 1985; baseline -0.005 -9"><span class='ocrx_word' id='word_1_258' title='bbox 116 1924 187 1978; x_wconf 87' lang='lat' dir='ltr'>sunt</span> <span class='ocrx_word' id='word_1_259' title='bbox 210 1916 318 1983; x_wconf 81' lang='lat' dir='ltr'>salida,</span> <span class='ocrx_word' id='word_1_260' title='bbox 346 1921 426 1972; x_wconf 89' lang='lat' dir='ltr'>tanto</span> <span class='ocrx_word' id='word_1_261' title='bbox 445 1914 646 1972; x_wconf 91' lang='lat' dir='ltr'>vehementius</span> <span class='ocrx_word' id='word_1_262' title='bbox 668 1913 839 1970; x_wconf 90' lang='lat' dir='ltr'>conclusum</span> <span class='ocrx_word' id='word_1_263' title='bbox 867 1911 963 1985; x_wconf 77' lang='lat' dir='ltr'>ignem</span> <span class='ocrx_word' id='word_1_264' title='bbox 1017 1913 1068 1971; x_wconf 92' lang='lat' dir='ltr'>illa</span> <span class='ocrx_word' id='word_1_265' title='bbox 1091 1926 1237 1985; x_wconf 90' lang='lat' dir='ltr'>aquarum</span> <span class='ocrx_word' id='word_1_266' title='bbox 1263 1912 1453 1978; x_wconf 88' lang='lat' dir='ltr'>abundantia,</span> <span class='ocrx_word' id='word_1_267' title='bbox 1485 1926 1551 1983; x_wconf 75' lang='lat' dir='ltr'>quae</span> <span class='ocrx_word' id='word_1_268' title='bbox 1576 1911 1606 1968; x_wconf 90' lang='lat' dir='ltr'>ln</span> <span class='ocrx_word' id='word_1_269' title='bbox 1628 1910 1735 1983; x_wconf 84' lang='lat' dir='ltr'>pluviis</span> <span class='ocrx_word' id='word_1_270' title='bbox 1750 1910 1815 1980; x_wconf 88' lang='lat' dir='ltr'>luit,</span> <span class='ocrx_word' id='word_1_271' title='bbox 1831 1912 1867 1968; x_wconf 89' lang='lat' dir='ltr'>dc</span> 
     </span>
     <span class='ocr_line' id='line_1_21' title="bbox 115 2000 1866 2075; baseline -0.005 -9"><span class='ocrx_word' id='word_1_272' title='bbox 115 2015 145 2066; x_wconf 84' lang='lat' dir='ltr'>et</span> <span class='ocrx_word' id='word_1_273' title='bbox 170 2020 265 2065; x_wconf 85' lang='lat' dir='ltr'>aeram</span> <span class='ocrx_word' id='word_1_274' title='bbox 288 2004 423 2062; x_wconf 86' lang='lat' dir='ltr'>cohibent</span> <span class='ocrx_word' id='word_1_275' title='bbox 449 2017 486 2060; x_wconf 92' lang='lat' dir='ltr'>ne</span> <span class='ocrx_word' id='word_1_276' title='bbox 520 2002 618 2075; x_wconf 86' lang='lat' dir='ltr'>aliquo</span> <span class='ocrx_word' id='word_1_277' title='bbox 652 2001 809 2059; x_wconf 87' lang='lat' dir='ltr'>abscedant</span> <span class='ocrx_word' id='word_1_278' title='bbox 832 2008 860 2059; x_wconf 91' lang='lat' dir='ltr'>at</span> <span class='ocrx_word' id='word_1_279' title='bbox 884 2009 963 2059; x_wconf 91' lang='lat' dir='ltr'>tanto</span> <span class='ocrx_word' id='word_1_280' title='bbox 1017 2002 1151 2075; x_wconf 90' lang='lat' dir='ltr'>supernis</span> <span class='ocrx_word' id='word_1_281' title='bbox 1170 2002 1219 2059; x_wconf 91' lang='lat' dir='ltr'>sed</span> <span class='ocrx_word' id='word_1_282' title='bbox 1235 2002 1341 2059; x_wconf 80' lang='lat' dir='ltr'>infimis</span> <span class='ocrx_word' id='word_1_283' title='bbox 1368 2001 1510 2072; x_wconf 84' lang='lat' dir='ltr'>originem</span> <span class='ocrx_word' id='word_1_284' title='bbox 1538 2000 1649 2058; x_wconf 89' lang='lat' dir='ltr'>habuit.</span> <span class='ocrx_word' id='word_1_285' title='bbox 1682 2000 1735 2058; x_wconf 89' lang='lat' dir='ltr'>Ubi</span> <span class='ocrx_word' id='word_1_286' title='bbox 1755 2007 1866 2058; x_wconf 91' lang='lat' dir='ltr'>etcum</span> 
     </span>
     <span class='ocr_line' id='line_1_22' title="bbox 116 2089 1866 2167; baseline -0.006 -11"><span class='ocrx_word' id='word_1_287' title='bbox 116 2097 221 2156; x_wconf 83' lang='lat' dir='ltr'>lortius</span> <span class='ocrx_word' id='word_1_288' title='bbox 248 2094 285 2152; x_wconf 94' lang='lat' dir='ltr'>ab</span> <span class='ocrx_word' id='word_1_289' title='bbox 313 2093 383 2167; x_wconf 90' lang='lat' dir='ltr'>ipsis</span> <span class='ocrx_word' id='word_1_290' title='bbox 422 2099 639 2163; x_wconf 83' lang='lat' dir='ltr'>sustentantur3</span> <span class='ocrx_word' id='word_1_291' title='bbox 669 2091 726 2148; x_wconf 92' lang='lat' dir='ltr'>imo</span> <span class='ocrx_word' id='word_1_292' title='bbox 755 2091 884 2149; x_wconf 86' lang='lat' dir='ltr'>tortassis</span> <span class='ocrx_word' id='word_1_293' title='bbox 911 2106 964 2151; x_wconf 89' lang='lat' dir='ltr'>nec</span> <span class='ocrx_word' id='word_1_294' title='bbox 1014 2093 1075 2166; x_wconf 88' lang='lat' dir='ltr'>jam</span> <span class='ocrx_word' id='word_1_295' title='bbox 1090 2092 1200 2150; x_wconf 92' lang='lat' dir='ltr'>diluvia</span> <span class='ocrx_word' id='word_1_296' title='bbox 1216 2100 1346 2148; x_wconf 83' lang='lat' dir='ltr'>cessante</span> <span class='ocrx_word' id='word_1_297' title='bbox 1361 2091 1478 2148; x_wconf 89' lang='lat' dir='ltr'>additur</span> <span class='ocrx_word' id='word_1_298' title='bbox 1494 2105 1551 2148; x_wconf 92' lang='lat' dir='ltr'>nan</span> <span class='ocrx_word' id='word_1_299' title='bbox 1564 2090 1657 2148; x_wconf 89' lang='lat' dir='ltr'>solum</span> <span class='ocrx_word' id='word_1_300' title='bbox 1676 2091 1746 2162; x_wconf 91' lang='lat' dir='ltr'>quia</span> <span class='ocrx_word' id='word_1_301' title='bbox 1756 2089 1866 2161; x_wconf 74' lang='lat' dir='ltr'>pluviae</span> 
     </span>
     <span class='ocr_line' id='line_1_23' title="bbox 113 2171 1901 2259; baseline -0.003 -18"><span class='ocrx_word' id='word_1_302' title='bbox 113 2185 176 2259; x_wconf 80' lang='lat' dir='ltr'>lam</span> <span class='ocrx_word' id='word_1_303' title='bbox 208 2182 309 2241; x_wconf 90' lang='lat' dir='ltr'>abeis</span> <span class='ocrx_word' id='word_1_304' title='bbox 337 2181 493 2240; x_wconf 87' lang='lat' dir='ltr'>sustentari</span> <span class='ocrx_word' id='word_1_305' title='bbox 518 2194 567 2238; x_wconf 90' lang='lat' dir='ltr'>eas</span> <span class='ocrx_word' id='word_1_306' title='bbox 591 2193 706 2238; x_wconf 88' lang='lat' dir='ltr'>necesse</span> <span class='ocrx_word' id='word_1_307' title='bbox 732 2188 784 2248; x_wconf 90' lang='lat' dir='ltr'>est,</span> <span class='ocrx_word' id='word_1_308' title='bbox 810 2195 877 2251; x_wconf 77' lang='lat' dir='ltr'>quaa</span> <span class='ocrx_word' id='word_1_309' title='bbox 902 2180 963 2253; x_wconf 74' lang='lat' dir='ltr'>iam</span> <span class='ocrx_word' id='word_1_310' title='bbox 1016 2181 1255 2254; x_wconf 84' lang='lat' dir='ltr'>suntprohibitae,</span> <span class='ocrx_word' id='word_1_311' title='bbox 1276 2181 1324 2237; x_wconf 91' lang='lat' dir='ltr'>sed</span> <span class='ocrx_word' id='word_1_312' title='bbox 1348 2180 1433 2237; x_wconf 88' lang='lat' dir='ltr'>etiam</span> <span class='ocrx_word' id='word_1_313' title='bbox 1459 2181 1529 2252; x_wconf 92' lang='lat' dir='ltr'>quia</span> <span class='ocrx_word' id='word_1_314' title='bbox 1558 2179 1650 2237; x_wconf 88' lang='lat' dir='ltr'>clausi</span> <span class='ocrx_word' id='word_1_315' title='bbox 1674 2178 1862 2246; x_wconf 86' lang='lat' dir='ltr'>suntiontes,</span> <span class='ocrx_word' id='word_1_316' title='bbox 1897 2171 1901 2175; x_wconf 75' lang='grc'><strong>’</strong></span> 
     </span>
     <span class='ocr_line' id='line_1_24' title="bbox 115 2268 1864 2341; baseline -0.003 -9"><span class='ocrx_word' id='word_1_317' title='bbox 115 2273 213 2332; x_wconf 78' lang='lat' dir='ltr'>liuidae</span> <span class='ocrx_word' id='word_1_318' title='bbox 232 2287 291 2330; x_wconf 92' lang='lat' dir='ltr'>nan</span> <span class='ocrx_word' id='word_1_319' title='bbox 305 2278 384 2341; x_wconf 89' lang='lat' dir='ltr'>sunt,</span> <span class='ocrx_word' id='word_1_320' title='bbox 413 2269 462 2327; x_wconf 90' lang='lat' dir='ltr'>sed</span> <span class='ocrx_word' id='word_1_321' title='bbox 485 2269 515 2326; x_wconf 91' lang='lat' dir='ltr'>in</span> <span class='ocrx_word' id='word_1_322' title='bbox 544 2269 713 2341; x_wconf 89' lang='lat' dir='ltr'>crystallum</span> <span class='ocrx_word' id='word_1_323' title='bbox 729 2269 865 2326; x_wconf 85' lang='lat' dir='ltr'>solidatae.</span> <span class='ocrx_word' id='word_1_324' title='bbox 882 2269 963 2328; x_wconf 90' lang='lat' dir='ltr'>Unde</span> <span class='ocrx_word' id='word_1_325' title='bbox 1016 2271 1166 2328; x_wconf 90' lang='lat' dir='ltr'>manileste</span> <span class='ocrx_word' id='word_1_326' title='bbox 1183 2270 1317 2328; x_wconf 87' lang='lat' dir='ltr'>innuitur</span> <span class='ocrx_word' id='word_1_327' title='bbox 1330 2277 1416 2327; x_wconf 87' lang='lat' dir='ltr'>totam</span> <span class='ocrx_word' id='word_1_328' title='bbox 1433 2269 1511 2326; x_wconf 89' lang='lat' dir='ltr'>illam</span> <span class='ocrx_word' id='word_1_329' title='bbox 1534 2283 1680 2341; x_wconf 89' lang='lat' dir='ltr'>aquarum</span> <span class='ocrx_word' id='word_1_330' title='bbox 1706 2268 1737 2326; x_wconf 95' lang='lat' dir='ltr'>in</span> <span class='ocrx_word' id='word_1_331' title='bbox 1751 2269 1864 2326; x_wconf 91' lang='lat' dir='ltr'>diluvia</span> 
     </span>
     <span class='ocr_line' id='line_1_25' title="bbox 112 2357 1864 2434; baseline -0.003 -13"><span class='ocrx_word' id='word_1_332' title='bbox 112 2363 254 2434; x_wconf 83' lang='lat' dir='ltr'>losephm</span> <span class='ocrx_word' id='word_1_333' title='bbox 273 2362 481 2429; x_wconf 78' lang='lat' dir='ltr'>Antiquitatum</span> <span class='ocrx_word' id='word_1_334' title='bbox 503 2359 552 2416; x_wconf 92' lang='lat' dir='ltr'>lib.</span> <span class='ocrx_word' id='word_1_335' title='bbox 583 2358 701 2428; x_wconf 90' lang='lat' dir='ltr'>prima:</span> <span class='ocrx_word' id='word_1_336' title='bbox 732 2357 894 2414; x_wconf 71' lang='lat' dir='ltr'>«Secuma</span> <span class='ocrx_word' id='word_1_337' title='bbox 917 2359 963 2414; x_wconf 88' lang='lat' dir='ltr'>die</span> <span class='ocrx_word' id='word_1_338' title='bbox 1016 2360 1226 2418; x_wconf 87' lang='lat' dir='ltr'>abundantiam</span> <span class='ocrx_word' id='word_1_339' title='bbox 1249 2359 1364 2417; x_wconf 90' lang='lat' dir='ltr'>nonnisi</span> <span class='ocrx_word' id='word_1_340' title='bbox 1391 2360 1425 2415; x_wconf 92' lang='lat' dir='ltr'>de</span> <span class='ocrx_word' id='word_1_341' title='bbox 1443 2358 1628 2415; x_wconf 85' lang='lat' dir='ltr'>interioribus</span> <span class='ocrx_word' id='word_1_342' title='bbox 1655 2358 1740 2430; x_wconf 91' lang='lat' dir='ltr'>aquis</span> <span class='ocrx_word' id='word_1_343' title='bbox 1763 2357 1864 2426; x_wconf 82' lang='lat' dir='ltr'>luisse,</span> 
     </span>
     <span class='ocr_line' id='line_1_26' title="bbox 115 2446 1863 2523; baseline -0.004 -13"><span class='ocrx_word' id='word_1_344' title='bbox 115 2451 221 2510; x_wconf 82' lang='lat' dir='ltr'>amium</span> <span class='ocrx_word' id='word_1_345' title='bbox 250 2464 338 2523; x_wconf 87' lang='lat' dir='ltr'>super</span> <span class='ocrx_word' id='word_1_346' title='bbox 366 2450 464 2506; x_wconf 88' lang='lat' dir='ltr'>omnia</span> <span class='ocrx_word' id='word_1_347' title='bbox 492 2446 652 2515; x_wconf 88' lang='lat' dir='ltr'>collocavit,</span> <span class='ocrx_word' id='word_1_348' title='bbox 676 2459 803 2518; x_wconf 89' lang='lat' dir='ltr'>eumque</span> <span class='ocrx_word' id='word_1_349' title='bbox 835 2446 871 2503; x_wconf 94' lang='lat' dir='ltr'>ab</span> <span class='ocrx_word' id='word_1_350' title='bbox 898 2446 963 2503; x_wconf 88' lang='lat' dir='ltr'>aliis</span> <span class='ocrx_word' id='word_1_351' title='bbox 1016 2463 1082 2521; x_wconf 86' lang='lat' dir='ltr'>quae</span> <span class='ocrx_word' id='word_1_352' title='bbox 1097 2448 1181 2506; x_wconf 91' lang='lat' dir='ltr'>indie</span> <span class='ocrx_word' id='word_1_353' title='bbox 1196 2449 1278 2507; x_wconf 91' lang='lat' dir='ltr'>tertia</span> <span class='ocrx_word' id='word_1_354' title='bbox 1292 2454 1473 2521; x_wconf 78' lang='lat' dir='ltr'>congregata</span> <span class='ocrx_word' id='word_1_355' title='bbox 1486 2454 1554 2504; x_wconf 92' lang='lat' dir='ltr'>suut</span> <span class='ocrx_word' id='word_1_356' title='bbox 1567 2455 1600 2504; x_wconf 93' lang='lat' dir='ltr'>ut</span> <span class='ocrx_word' id='word_1_357' title='bbox 1610 2454 1760 2519; x_wconf 85' lang='lat' dir='ltr'>appareret</span> <span class='ocrx_word' id='word_1_358' title='bbox 1770 2447 1863 2504; x_wconf 91' lang='lat' dir='ltr'>arida.</span> 
     </span>
     <span class='ocr_line' id='line_1_27' title="bbox 114 2535 1862 2614; baseline -0.004 -13"><span class='ocrx_word' id='word_1_359' title='bbox 114 2541 297 2614; x_wconf 80' lang='lat' dir='ltr'>distinguens</span> <span class='ocrx_word' id='word_1_360' title='bbox 316 2541 346 2596; x_wconf 92' lang='lat' dir='ltr'>in</span> <span class='ocrx_word' id='word_1_361' title='bbox 367 2538 518 2609; x_wconf 89' lang='lat' dir='ltr'>semetipsa</span> <span class='ocrx_word' id='word_1_362' title='bbox 540 2536 729 2594; x_wconf 87' lang='lat' dir='ltr'>constitutum</span> <span class='ocrx_word' id='word_1_363' title='bbox 741 2550 803 2593; x_wconf 89' lang='lat' dir='ltr'>esse</span> <span class='ocrx_word' id='word_1_364' title='bbox 818 2535 961 2607; x_wconf 84' lang='lat' dir='ltr'>percepit3</span> <span class='ocrx_word' id='word_1_365' title='bbox 1016 2537 1098 2602; x_wconf 87' lang='lat' dir='ltr'>Quod</span> <span class='ocrx_word' id='word_1_366' title='bbox 1118 2553 1185 2595; x_wconf 88' lang='lat' dir='ltr'>vcro</span> <span class='ocrx_word' id='word_1_367' title='bbox 1197 2539 1305 2595; x_wconf 92' lang='lat' dir='ltr'>dictum</span> <span class='ocrx_word' id='word_1_368' title='bbox 1329 2545 1371 2594; x_wconf 89' lang='lat' dir='ltr'>est</span> <span class='ocrx_word' id='word_1_369' title='bbox 1391 2536 1462 2608; x_wconf 84' lang='lat' dir='ltr'>quin</span> <span class='ocrx_word' id='word_1_370' title='bbox 1485 2543 1636 2593; x_wconf 75' lang='lat' dir='ltr'>cataracta</span> <span class='ocrx_word' id='word_1_371' title='bbox 1662 2536 1725 2594; x_wconf 86' lang='lat' dir='ltr'>coeli</span> <span class='ocrx_word' id='word_1_372' title='bbox 1744 2536 1862 2594; x_wconf 91' lang='lat' dir='ltr'>indilu-</span> 
     </span>
     <span class='ocr_line' id='line_1_28' title="bbox 114 2624 1863 2701; baseline -0.002 -13"><span class='ocrx_word' id='word_1_373' title='bbox 114 2631 191 2689; x_wconf 92' lang='lat' dir='ltr'>etei</span> <span class='ocrx_word' id='word_1_374' title='bbox 225 2629 393 2701; x_wconf 90' lang='lat' dir='ltr'>crystallum</span> <span class='ocrx_word' id='word_1_375' title='bbox 421 2624 634 2698; x_wconf 82' lang='lat' dir='ltr'>circumfigens,</span> <span class='ocrx_word' id='word_1_376' title='bbox 665 2625 818 2682; x_wconf 91' lang='lat' dir='ltr'>humidum</span> <span class='ocrx_word' id='word_1_377' title='bbox 845 2639 906 2682; x_wconf 89' lang='lat' dir='ltr'>esse</span> <span class='ocrx_word' id='word_1_378' title='bbox 934 2632 962 2682; x_wconf 93' lang='lat' dir='ltr'>et</span> <span class='ocrx_word' id='word_1_379' title='bbox 1017 2629 1263 2698; x_wconf 78' lang='lat' dir='ltr'>vlosuntapertae</span> <span class='ocrx_word' id='word_1_380' title='bbox 1290 2634 1318 2684; x_wconf 89' lang='lat' dir='ltr'>ct</span> <span class='ocrx_word' id='word_1_381' title='bbox 1338 2627 1412 2683; x_wconf 90' lang='lat' dir='ltr'>lacta</span> <span class='ocrx_word' id='word_1_382' title='bbox 1442 2633 1485 2682; x_wconf 88' lang='lat' dir='ltr'>est</span> <span class='ocrx_word' id='word_1_383' title='bbox 1508 2624 1617 2697; x_wconf 90' lang='lat' dir='ltr'>pluvia,</span> <span class='ocrx_word' id='word_1_384' title='bbox 1642 2627 1746 2683; x_wconf 75' lang='lat' dir='ltr'>caelum</span> <span class='ocrx_word' id='word_1_385' title='bbox 1767 2627 1863 2698; x_wconf 90' lang='lat' dir='ltr'>ipsum</span> 
     </span>
     <span class='ocr_line' id='line_1_29' title="bbox 113 2713 1862 2793; baseline -0.002 -16"><span class='ocrx_word' id='word_1_386' title='bbox 113 2719 241 2793; x_wconf 85' lang='lat' dir='ltr'>pluviale</span> <span class='ocrx_word' id='word_1_387' title='bbox 259 2719 296 2775; x_wconf 85' lang='lat' dir='ltr'>ad</span> <span class='ocrx_word' id='word_1_388' title='bbox 320 2717 473 2776; x_wconf 86' lang='lat' dir='ltr'>utilitatem</span> <span class='ocrx_word' id='word_1_389' title='bbox 504 2730 570 2788; x_wconf 84' lang='lat' dir='ltr'>quae</span> <span class='ocrx_word' id='word_1_390' title='bbox 596 2714 628 2773; x_wconf 88' lang='lat' dir='ltr'>iit</span> <span class='ocrx_word' id='word_1_391' title='bbox 646 2729 683 2771; x_wconf 83' lang='lat' dir='ltr'>ex</span> <span class='ocrx_word' id='word_1_392' title='bbox 711 2713 855 2771; x_wconf 88' lang='lat' dir='ltr'>imbribus</span> <span class='ocrx_word' id='word_1_393' title='bbox 877 2721 961 2770; x_wconf 79' lang='lat' dir='ltr'>terrae</span> <span class='ocrx_word' id='word_1_394' title='bbox 1015 2730 1133 2773; x_wconf 91' lang='lat' dir='ltr'>aereum</span> <span class='ocrx_word' id='word_1_395' title='bbox 1157 2716 1234 2773; x_wconf 92' lang='lat' dir='ltr'>unde</span> <span class='ocrx_word' id='word_1_396' title='bbox 1263 2715 1362 2787; x_wconf 89' lang='lat' dir='ltr'>pluvia</span> <span class='ocrx_word' id='word_1_397' title='bbox 1388 2722 1496 2784; x_wconf 87' lang='lat' dir='ltr'>manat,</span> <span class='ocrx_word' id='word_1_398' title='bbox 1528 2715 1757 2772; x_wconf 74' lang='lat' dir='ltr'>nonretheremn</span> <span class='ocrx_word' id='word_1_399' title='bbox 1775 2715 1862 2786; x_wconf 91' lang='lat' dir='ltr'>dicil;</span> 
     </span>
     <span class='ocr_line' id='line_1_30' title="bbox 113 2802 1864 2885; baseline -0.003 -19"><span class='ocrx_word' id='word_1_400' title='bbox 113 2806 416 2885; x_wconf 78' lang='lat' dir='ltr'>congrueylabricatus</span> <span class='ocrx_word' id='word_1_401' title='bbox 440 2811 491 2862; x_wconf 90' lang='lat' dir='ltr'>est.</span> <span class='ocrx_word' id='word_1_402' title='bbox 513 2804 738 2875; x_wconf 81' lang='lat' dir='ltr'>»hieronymus</span> <span class='ocrx_word' id='word_1_403' title='bbox 758 2803 795 2860; x_wconf 94' lang='lat' dir='ltr'>ad</span> <span class='ocrx_word' id='word_1_404' title='bbox 815 2803 962 2860; x_wconf 88' lang='lat' dir='ltr'>Oceanum</span> <span class='ocrx_word' id='word_1_405' title='bbox 1015 2812 1174 2862; x_wconf 88' lang='lat' dir='ltr'>cataractas</span> <span class='ocrx_word' id='word_1_406' title='bbox 1192 2819 1257 2862; x_wconf 89' lang='lat' dir='ltr'>vcro</span> <span class='ocrx_word' id='word_1_407' title='bbox 1281 2819 1339 2860; x_wconf 90' lang='lat' dir='ltr'>non</span> <span class='ocrx_word' id='word_1_408' title='bbox 1358 2810 1437 2860; x_wconf 89' lang='lat' dir='ltr'>arcta</span> <span class='ocrx_word' id='word_1_409' title='bbox 1466 2802 1609 2859; x_wconf 77' lang='lat' dir='ltr'>foramina</span> <span class='ocrx_word' id='word_1_410' title='bbox 1632 2802 1739 2872; x_wconf 86' lang='lat' dir='ltr'>dicens,</span> <span class='ocrx_word' id='word_1_411' title='bbox 1769 2803 1864 2861; x_wconf 86' lang='lat' dir='ltr'>abuu-</span> 
     </span>
    </p>
   </div>
   <div class='ocr_carea' id='block_1_3' title="bbox 11 2891 1863 2964">
    <p class='ocr_par' dir='ltr' id='par_1_3' title="bbox 11 2891 1863 2964">
     <span class='ocr_line' id='line_1_31' title="bbox 11 2891 1863 2964; baseline -0.005 -6"><span class='ocrx_word' id='word_1_412' title='bbox 11 2898 18 2904; x_wconf 71' lang='grc'><strong>’</strong></span> <span class='ocrx_word' id='word_1_413' title='bbox 111 2898 148 2958; x_wconf 88' lang='lat' dir='ltr'>da</span> <span class='ocrx_word' id='word_1_414' title='bbox 162 2897 251 2956; x_wconf 90' lang='lat' dir='ltr'>unius</span> <span class='ocrx_word' id='word_1_415' title='bbox 272 2895 373 2954; x_wconf 86' lang='lat' dir='ltr'>uxoris</span> <span class='ocrx_word' id='word_1_416' title='bbox 397 2894 460 2952; x_wconf 92' lang='lat' dir='ltr'>vira</span> <span class='ocrx_word' id='word_1_417' title='bbox 487 2893 569 2964; x_wconf 79' lang='lat' dir='ltr'>(lilz</span> <span class='ocrx_word' id='word_1_418' title='bbox 597 2913 609 2944; x_wconf 78' lang='grc' dir='ltr'>ι</span> <span class='ocrx_word' id='word_1_419' title='bbox 636 2892 714 2950; x_wconf 90' lang='lat' dir='ltr'>luter</span> <span class='ocrx_word' id='word_1_420' title='bbox 729 2892 834 2950; x_wconf 86' lang='lat' dir='ltr'>coelum</span> <span class='ocrx_word' id='word_1_421' title='bbox 857 2899 886 2950; x_wconf 93' lang='lat' dir='ltr'>et</span> <span class='ocrx_word' id='word_1_422' title='bbox 906 2899 960 2949; x_wconf 88' lang='lat' dir='ltr'>ter-</span> <span class='ocrx_word' id='word_1_423' title='bbox 976 2891 997 2948; x_wconf 85' lang='lat' dir='ltr'>C</span> <span class='ocrx_word' id='word_1_424' title='bbox 1014 2893 1142 2951; x_wconf 79' lang='lat' dir='ltr'>dantium</span> <span class='ocrx_word' id='word_1_425' title='bbox 1156 2893 1262 2964; x_wconf 82' lang='lat' dir='ltr'>pluviae</span> <span class='ocrx_word' id='word_1_426' title='bbox 1277 2892 1417 2961; x_wconf 87' lang='lat' dir='ltr'>insinuat,</span> <span class='ocrx_word' id='word_1_427' title='bbox 1442 2899 1582 2963; x_wconf 89' lang='lat' dir='ltr'>tanquam</span> <span class='ocrx_word' id='word_1_428' title='bbox 1612 2899 1681 2949; x_wconf 91' lang='lat' dir='ltr'>tunc</span> <span class='ocrx_word' id='word_1_429' title='bbox 1714 2891 1787 2948; x_wconf 93' lang='lat' dir='ltr'>nihil</span> <span class='ocrx_word' id='word_1_430' title='bbox 1808 2891 1863 2949; x_wconf 92' lang='lat' dir='ltr'>du-</span> 
     </span>
    </p>
   </div>
   <div class='ocr_carea' id='block_1_4' title="bbox 111 2979 1862 3234">
    <p class='ocr_par' dir='ltr' id='par_1_4' title="bbox 111 2979 1862 3234">
     <span class='ocr_line' id='line_1_32' title="bbox 113 2979 1860 3054; baseline -0.005 -9"><span class='ocrx_word' id='word_1_431' title='bbox 113 3001 177 3046; x_wconf 90' lang='lat' dir='ltr'>ram</span> <span class='ocrx_word' id='word_1_432' title='bbox 191 2986 319 3044; x_wconf 89' lang='lat' dir='ltr'>medinm</span> <span class='ocrx_word' id='word_1_433' title='bbox 342 2985 503 3042; x_wconf 83' lang='lat' dir='ltr'>exstruitur</span> <span class='ocrx_word' id='word_1_434' title='bbox 519 2983 744 3050; x_wconf 83' lang='lat' dir='ltr'>firmamentum,</span> <span class='ocrx_word' id='word_1_435' title='bbox 757 2989 785 3039; x_wconf 89' lang='lat' dir='ltr'>et</span> <span class='ocrx_word' id='word_1_436' title='bbox 798 2984 885 3054; x_wconf 84' lang='lat' dir='ltr'>juxta</span> <span class='ocrx_word' id='word_1_437' title='bbox 900 2982 959 3038; x_wconf 89' lang='lat' dir='ltr'>lle·</span> <span class='ocrx_word' id='word_1_438' title='bbox 1016 2983 1096 3041; x_wconf 90' lang='lat' dir='ltr'>bium</span> <span class='ocrx_word' id='word_1_439' title='bbox 1123 2982 1167 3039; x_wconf 90' lang='lat' dir='ltr'>vel</span> <span class='ocrx_word' id='word_1_440' title='bbox 1196 2996 1279 3053; x_wconf 85' lang='lat' dir='ltr'>aquae</span> <span class='ocrx_word' id='word_1_441' title='bbox 1311 2988 1458 3052; x_wconf 80' lang='lat' dir='ltr'>vaporata</span> <span class='ocrx_word' id='word_1_442' title='bbox 1483 2994 1532 3037; x_wconf 91' lang='lat' dir='ltr'>aer</span> <span class='ocrx_word' id='word_1_443' title='bbox 1568 2981 1681 3051; x_wconf 85' lang='lat' dir='ltr'>uspiam</span> <span class='ocrx_word' id='word_1_444' title='bbox 1714 2979 1860 3038; x_wconf 87' lang='lat' dir='ltr'>retineret.</span> 
     </span>
     <span class='ocr_line' id='line_1_33' title="bbox 111 3069 1862 3143; baseline -0.005 -8"><span class='ocrx_word' id='word_1_445' title='bbox 111 3075 203 3135; x_wconf 86' lang='lat' dir='ltr'>braici</span> <span class='ocrx_word' id='word_1_446' title='bbox 238 3075 379 3132; x_wconf 90' lang='lat' dir='ltr'>sermonis</span> <span class='ocrx_word' id='word_1_447' title='bbox 405 3071 610 3143; x_wconf 80' lang='lat' dir='ltr'>etymologiam</span> <span class='ocrx_word' id='word_1_448' title='bbox 639 3071 755 3139; x_wconf 87' lang='lat' dir='ltr'>coelum,</span> <span class='ocrx_word' id='word_1_449' title='bbox 783 3071 811 3127; x_wconf 95' lang='lat' dir='ltr'>id</span> <span class='ocrx_word' id='word_1_450' title='bbox 840 3078 882 3128; x_wconf 88' lang='lat' dir='ltr'>cst</span> <span class='ocrx_word' id='word_1_451' title='bbox 916 3086 960 3126; x_wconf 84' lang='lat' dir='ltr'>sa·</span> <span class='ocrx_word' id='word_1_452' title='bbox 1014 3073 1099 3143; x_wconf 83' lang='lat' dir='ltr'>Aqua</span> <span class='ocrx_word' id='word_1_453' title='bbox 1118 3072 1216 3142; x_wconf 87' lang='lat' dir='ltr'>itaque</span> <span class='ocrx_word' id='word_1_454' title='bbox 1245 3072 1369 3142; x_wconf 86' lang='lat' dir='ltr'>desuper</span> <span class='ocrx_word' id='word_1_455' title='bbox 1397 3071 1427 3127; x_wconf 90' lang='grc' dir='ltr'>ιιι</span> <span class='ocrx_word' id='word_1_456' title='bbox 1455 3069 1583 3142; x_wconf 89' lang='lat' dir='ltr'>pluviam</span> <span class='ocrx_word' id='word_1_457' title='bbox 1615 3070 1738 3137; x_wconf 84' lang='lat' dir='ltr'>labente,</span> <span class='ocrx_word' id='word_1_458' title='bbox 1768 3070 1862 3127; x_wconf 89' lang='lat' dir='ltr'>etob-</span> 
     </span>
     <span class='ocr_line' id='line_1_34' title="bbox 111 3158 1862 3234; baseline -0.004 -11"><span class='ocrx_word' id='word_1_459' title='bbox 111 3168 243 3224; x_wconf 79' lang='lat' dir='ltr'>naiman</span> <span class='ocrx_word' id='word_1_460' title='bbox 269 3162 354 3234; x_wconf 90' lang='lat' dir='ltr'>aquis</span> <span class='ocrx_word' id='word_1_461' title='bbox 381 3161 502 3219; x_wconf 89' lang='lat' dir='ltr'>sortitur</span> <span class='ocrx_word' id='word_1_462' title='bbox 525 3158 710 3226; x_wconf 91' lang='lat' dir='ltr'>vocabulum,</span> <span class='ocrx_word' id='word_1_463' title='bbox 736 3167 768 3216; x_wconf 91' lang='lat' dir='ltr'>ut</span> <span class='ocrx_word' id='word_1_464' title='bbox 792 3173 959 3232; x_wconf 81' lang='lat' dir='ltr'>aquaequae</span> <span class='ocrx_word' id='word_1_465' title='bbox 1013 3161 1117 3219; x_wconf 90' lang='lat' dir='ltr'>strusis</span> <span class='ocrx_word' id='word_1_466' title='bbox 1146 3168 1228 3218; x_wconf 78' lang='lat' dir='ltr'>terrae</span> <span class='ocrx_word' id='word_1_467' title='bbox 1255 3160 1456 3227; x_wconf 77' lang='lat' dir='ltr'>foraminibus,</span> <span class='ocrx_word' id='word_1_468' title='bbox 1482 3168 1589 3217; x_wconf 85' lang='lat' dir='ltr'>terrain</span> <span class='ocrx_word' id='word_1_469' title='bbox 1617 3159 1747 3231; x_wconf 84' lang='lat' dir='ltr'>undique</span> <span class='ocrx_word' id='word_1_470' title='bbox 1775 3159 1862 3230; x_wconf 88' lang='lat' dir='ltr'>aquis</span> 
     </span>
    </p>
   </div>
   <div class='ocr_carea' id='block_1_5' title="bbox 93 3247 957 4030">
    <p class='ocr_par' dir='ltr' id='par_1_5' title="bbox 93 3247 957 4030">
     <span class='ocr_line' id='line_1_35' title="bbox 112 3247 956 3324; baseline -0.009 -12"><span class='ocrx_word' id='word_1_471' title='bbox 112 3268 201 3324; x_wconf 88' lang='lat' dir='ltr'>super</span> <span class='ocrx_word' id='word_1_472' title='bbox 223 3252 309 3310; x_wconf 77' lang='lat' dir='ltr'>caelas</span> <span class='ocrx_word' id='word_1_473' title='bbox 332 3257 401 3307; x_wconf 93' lang='lat' dir='ltr'>sunt</span> <span class='ocrx_word' id='word_1_474' title='bbox 437 3250 468 3305; x_wconf 95' lang='lat' dir='ltr'>in</span> <span class='ocrx_word' id='word_1_475' title='bbox 503 3247 603 3305; x_wconf 89' lang='lat' dir='ltr'>laudes</span> <span class='ocrx_word' id='word_1_476' title='bbox 626 3248 740 3305; x_wconf 85' lang='lat' dir='ltr'>Domini</span> <span class='ocrx_word' id='word_1_477' title='bbox 775 3256 956 3320; x_wconf 86' lang='lat' dir='ltr'>separentur.</span> 
     </span>
     <span class='ocr_line' id='line_1_36' title="bbox 112 3335 957 3408; baseline -0.008 -8"><span class='ocrx_word' id='word_1_478' title='bbox 112 3341 194 3400; x_wconf 87' lang='lat' dir='ltr'>Unde</span> <span class='ocrx_word' id='word_1_479' title='bbox 207 3347 235 3398; x_wconf 90' lang='lat' dir='ltr'>et</span> <span class='ocrx_word' id='word_1_480' title='bbox 247 3338 393 3397; x_wconf 83' lang='lat' dir='ltr'>Ezechiele</span> <span class='ocrx_word' id='word_1_481' title='bbox 407 3335 577 3408; x_wconf 86' lang='lat' dir='ltr'>crystallum</span> <span class='ocrx_word' id='word_1_482' title='bbox 601 3349 688 3407; x_wconf 91' lang='lat' dir='ltr'>super</span> <span class='ocrx_word' id='word_1_483' title='bbox 713 3336 864 3393; x_wconf 87' lang='lat' dir='ltr'>cherubim</span> <span class='ocrx_word' id='word_1_484' title='bbox 879 3336 957 3394; x_wconf 91' lang='lat' dir='ltr'>vide-</span> 
     </span>
     <span class='ocr_line' id='line_1_37' title="bbox 111 3424 956 3497; baseline -0.017 -8"><span class='ocrx_word' id='word_1_485' title='bbox 111 3439 161 3489; x_wconf 89' lang='lat' dir='ltr'>tur</span> <span class='ocrx_word' id='word_1_486' title='bbox 173 3438 336 3497; x_wconf 68' lang='lat' dir='ltr'>extensum,</span> <span class='ocrx_word' id='word_1_487' title='bbox 355 3427 384 3484; x_wconf 95' lang='lat' dir='ltr'>id</span> <span class='ocrx_word' id='word_1_488' title='bbox 397 3434 438 3483; x_wconf 90' lang='lat' dir='ltr'>est</span> <span class='ocrx_word' id='word_1_489' title='bbox 453 3432 608 3496; x_wconf 81' lang='lat' dir='ltr'>compacta</span> <span class='ocrx_word' id='word_1_490' title='bbox 624 3433 651 3482; x_wconf 90' lang='lat' dir='ltr'>et</span> <span class='ocrx_word' id='word_1_491' title='bbox 664 3424 809 3482; x_wconf 86' lang='lat' dir='ltr'>densiores</span> <span class='ocrx_word' id='word_1_492' title='bbox 824 3440 920 3497; x_wconf 85' lang='lat' dir='ltr'>aquae.</span> <span class='ocrx_word' id='word_1_493' title='bbox 941 3447 956 3476; x_wconf 79' lang='grc' dir='ltr'>ι</span> 
     </span>
     <span class='ocr_line' id='line_1_38' title="bbox 109 3514 956 3585; baseline -0.009 -6"><span class='ocrx_word' id='word_1_494' title='bbox 109 3518 236 3579; x_wconf 67' lang='lat' dir='ltr'>Malle</span> <span class='ocrx_word' id='word_1_495' title='bbox 258 3531 357 3574; x_wconf 90' lang='lat' dir='ltr'>rerum</span> <span class='ocrx_word' id='word_1_496' title='bbox 375 3515 506 3573; x_wconf 90' lang='lat' dir='ltr'>naturis:</span> <span class='ocrx_word' id='word_1_497' title='bbox 538 3514 648 3572; x_wconf 88' lang='lat' dir='ltr'>Coelum</span> <span class='ocrx_word' id='word_1_498' title='bbox 676 3514 832 3585; x_wconf 88' lang='lat' dir='ltr'>superioris</span> <span class='ocrx_word' id='word_1_499' title='bbox 854 3514 956 3572; x_wconf 89' lang='lat' dir='ltr'>circuli</span> 
     </span>
     <span class='ocr_line' id='line_1_39' title="bbox 108 3603 956 3678; baseline -0.009 -10"><span class='ocrx_word' id='word_1_500' title='bbox 108 3608 232 3668; x_wconf 86' lang='lat' dir='ltr'>virtutes</span> <span class='ocrx_word' id='word_1_501' title='bbox 259 3605 386 3664; x_wconf 89' lang='lat' dir='ltr'>continet</span> <span class='ocrx_word' id='word_1_502' title='bbox 412 3604 566 3678; x_wconf 80' lang='lat' dir='ltr'>angelicas,</span> <span class='ocrx_word' id='word_1_503' title='bbox 597 3618 665 3677; x_wconf 82' lang='lat' dir='ltr'>quae</span> <span class='ocrx_word' id='word_1_504' title='bbox 684 3603 721 3660; x_wconf 88' lang='lat' dir='ltr'>ad</span> <span class='ocrx_word' id='word_1_505' title='bbox 741 3618 794 3662; x_wconf 89' lang='lat' dir='ltr'>nos</span> <span class='ocrx_word' id='word_1_506' title='bbox 818 3612 956 3662; x_wconf 86' lang='lat' dir='ltr'>exeuntes</span> 
     </span>
     <span class='ocr_line' id='line_1_40' title="bbox 93 3693 956 3767; baseline -0.008 -10"><span class='ocrx_word' id='word_1_507' title='bbox 93 3699 233 3757; x_wconf 56' lang='lat' dir='ltr'>etherea</span> <span class='ocrx_word' id='word_1_508' title='bbox 257 3709 379 3767; x_wconf 89' lang='lat' dir='ltr'>corpora</span> <span class='ocrx_word' id='word_1_509' title='bbox 418 3701 549 3763; x_wconf 90' lang='lat' dir='ltr'>sumunt,</span> <span class='ocrx_word' id='word_1_510' title='bbox 584 3702 617 3751; x_wconf 94' lang='lat' dir='ltr'>ut</span> <span class='ocrx_word' id='word_1_511' title='bbox 653 3693 762 3764; x_wconf 89' lang='lat' dir='ltr'>possint</span> <span class='ocrx_word' id='word_1_512' title='bbox 791 3693 956 3752; x_wconf 89' lang='lat' dir='ltr'>haminibus</span> 
     </span>
     <span class='ocr_line' id='line_1_41' title="bbox 106 3782 954 3854; baseline -0.007 -9"><span class='ocrx_word' id='word_1_513' title='bbox 106 3788 194 3846; x_wconf 87' lang='lat' dir='ltr'>etiam</span> <span class='ocrx_word' id='word_1_514' title='bbox 209 3786 239 3843; x_wconf 96' lang='lat' dir='ltr'>in</span> <span class='ocrx_word' id='word_1_515' title='bbox 249 3785 359 3843; x_wconf 91' lang='lat' dir='ltr'>edenda</span> <span class='ocrx_word' id='word_1_516' title='bbox 384 3784 514 3854; x_wconf 91' lang='lat' dir='ltr'>similari,</span> <span class='ocrx_word' id='word_1_517' title='bbox 529 3783 689 3854; x_wconf 89' lang='lat' dir='ltr'>eademque</span> <span class='ocrx_word' id='word_1_518' title='bbox 707 3783 745 3840; x_wconf 93' lang='lat' dir='ltr'>ibi</span> <span class='ocrx_word' id='word_1_519' title='bbox 767 3797 889 3841; x_wconf 82' lang='lat' dir='ltr'>reversae</span> <span class='ocrx_word' id='word_1_520' title='bbox 903 3782 954 3839; x_wconf 91' lang='lat' dir='ltr'>de-</span> 
     </span>
     <span class='ocr_line' id='line_1_42' title="bbox 107 3872 956 3950; baseline -0.007 -16"><span class='ocrx_word' id='word_1_521' title='bbox 107 3882 231 3950; x_wconf 87' lang='lat' dir='ltr'>ponunt.</span> <span class='ocrx_word' id='word_1_522' title='bbox 244 3875 303 3933; x_wconf 89' lang='grc' dir='ltr'>ιιοι</span> <span class='ocrx_word' id='word_1_523' title='bbox 329 3876 405 3933; x_wconf 88' lang='lat' dir='ltr'>Deus</span> <span class='ocrx_word' id='word_1_524' title='bbox 422 3873 508 3945; x_wconf 90' lang='lat' dir='ltr'>aquis</span> <span class='ocrx_word' id='word_1_525' title='bbox 531 3872 704 3945; x_wconf 82' lang='lat' dir='ltr'>glacialibus</span> <span class='ocrx_word' id='word_1_526' title='bbox 724 3873 956 3944; x_wconf 71' lang='lat' dir='ltr'>temperantque</span> 
     </span>
     <span class='ocr_line' id='line_1_43' title="bbox 106 3959 955 4030; baseline -0.009 -7"><span class='ocrx_word' id='word_1_527' title='bbox 106 3964 246 4023; x_wconf 79' lang='lat' dir='ltr'>interiora</span> <span class='ocrx_word' id='word_1_528' title='bbox 278 3963 466 4022; x_wconf 90' lang='lat' dir='ltr'>succenderet</span> <span class='ocrx_word' id='word_1_529' title='bbox 504 3961 655 4030; x_wconf 91' lang='lat' dir='ltr'>elementa,</span> <span class='ocrx_word' id='word_1_530' title='bbox 697 3962 801 4019; x_wconf 93' lang='lat' dir='ltr'>dehinc</span> <span class='ocrx_word' id='word_1_531' title='bbox 834 3959 955 4018; x_wconf 82' lang='lat' dir='ltr'>interius</span> 
     </span>
    </p>
   </div>
   <div class='ocr_carea' id='block_1_6' title="bbox 1011 3248 1862 3766">
    <p class='ocr_par' dir='ltr' id='par_1_6' title="bbox 1011 3248 1862 3766">
     <span class='ocr_line' id='line_1_44' title="bbox 1013 3248 1862 3320; baseline 0 -14"><span class='ocrx_word' id='word_1_532' title='bbox 1013 3248 1150 3320; x_wconf 91' lang='lat' dir='ltr'>cooperiri</span> <span class='ocrx_word' id='word_1_533' title='bbox 1167 3262 1279 3306; x_wconf 84' lang='lat' dir='ltr'>necessa</span> <span class='ocrx_word' id='word_1_534' title='bbox 1299 3249 1364 3316; x_wconf 87' lang='lat' dir='ltr'>luit,</span> <span class='ocrx_word' id='word_1_535' title='bbox 1390 3251 1464 3306; x_wconf 89' lang='lat' dir='ltr'>sicut</span> <span class='ocrx_word' id='word_1_536' title='bbox 1491 3257 1519 3306; x_wconf 91' lang='lat' dir='ltr'>et</span> <span class='ocrx_word' id='word_1_537' title='bbox 1543 3249 1573 3305; x_wconf 93' lang='lat' dir='ltr'>in</span> <span class='ocrx_word' id='word_1_538' title='bbox 1598 3249 1644 3305; x_wconf 88' lang='lat' dir='ltr'>die</span> <span class='ocrx_word' id='word_1_539' title='bbox 1673 3248 1757 3305; x_wconf 91' lang='lat' dir='ltr'>tertia</span> <span class='ocrx_word' id='word_1_540' title='bbox 1777 3257 1862 3306; x_wconf 86' lang='lat' dir='ltr'>ante-</span> 
     </span>
     <span class='ocr_line' id='line_1_45' title="bbox 1012 3337 1861 3412; baseline 0 -17"><span class='ocrx_word' id='word_1_541' title='bbox 1012 3353 1101 3411; x_wconf 88' lang='lat' dir='ltr'>quam</span> <span class='ocrx_word' id='word_1_542' title='bbox 1134 3337 1189 3395; x_wconf 80' lang='lat' dir='ltr'>illre</span> <span class='ocrx_word' id='word_1_543' title='bbox 1217 3337 1321 3394; x_wconf 78' lang='lat' dir='ltr'>eaedem</span> <span class='ocrx_word' id='word_1_544' title='bbox 1345 3352 1430 3412; x_wconf 88' lang='lat' dir='ltr'>aquae</span> <span class='ocrx_word' id='word_1_545' title='bbox 1453 3338 1601 3396; x_wconf 86' lang='lat' dir='ltr'>inlericres</span> <span class='ocrx_word' id='word_1_546' title='bbox 1626 3337 1655 3394; x_wconf 95' lang='lat' dir='ltr'>in</span> <span class='ocrx_word' id='word_1_547' title='bbox 1678 3352 1771 3395; x_wconf 91' lang='lat' dir='ltr'>unum</span> <span class='ocrx_word' id='word_1_548' title='bbox 1794 3352 1861 3395; x_wconf 92' lang='lat' dir='ltr'>con·</span> 
     </span>
     <span class='ocr_line' id='line_1_46' title="bbox 1012 3426 1860 3501; baseline -0.001 -16"><span class='ocrx_word' id='word_1_549' title='bbox 1012 3434 1205 3501; x_wconf 72' lang='lat' dir='ltr'>preparentur</span> <span class='ocrx_word' id='word_1_550' title='bbox 1223 3427 1318 3484; x_wconf 88' lang='lat' dir='ltr'>lacum</span> <span class='ocrx_word' id='word_1_551' title='bbox 1334 3435 1365 3485; x_wconf 93' lang='lat' dir='ltr'>ut</span> <span class='ocrx_word' id='word_1_552' title='bbox 1394 3434 1545 3499; x_wconf 87' lang='lat' dir='ltr'>appareret</span> <span class='ocrx_word' id='word_1_553' title='bbox 1571 3426 1662 3484; x_wconf 91' lang='lat' dir='ltr'>arida.</span> <span class='ocrx_word' id='word_1_554' title='bbox 1692 3426 1766 3494; x_wconf 83' lang='lat' dir='ltr'>Quid</span> <span class='ocrx_word' id='word_1_555' title='bbox 1792 3441 1860 3500; x_wconf 79' lang='lat' dir='ltr'>ergo</span> 
     </span>
     <span class='ocr_line' id='line_1_47' title="bbox 1011 3516 1861 3589; baseline -0.004 -14"><span class='ocrx_word' id='word_1_556' title='bbox 1011 3517 1160 3589; x_wconf 89' lang='lat' dir='ltr'>suspensio</span> <span class='ocrx_word' id='word_1_557' title='bbox 1180 3516 1228 3573; x_wconf 92' lang='lat' dir='ltr'>illa</span> <span class='ocrx_word' id='word_1_558' title='bbox 1253 3530 1398 3588; x_wconf 86' lang='lat' dir='ltr'>aquarum</span> <span class='ocrx_word' id='word_1_559' title='bbox 1424 3517 1557 3574; x_wconf 90' lang='lat' dir='ltr'>utilitatis</span> <span class='ocrx_word' id='word_1_560' title='bbox 1583 3517 1698 3579; x_wconf 89' lang='lat' dir='ltr'>habeat,</span> <span class='ocrx_word' id='word_1_561' title='bbox 1713 3516 1792 3588; x_wconf 91' lang='lat' dir='ltr'>quod</span> <span class='ocrx_word' id='word_1_562' title='bbox 1807 3530 1861 3574; x_wconf 91' lang='lat' dir='ltr'>nec</span> 
     </span>
     <span class='ocr_line' id='line_1_48' title="bbox 1011 3605 1859 3676; baseline -0.001 -13"><span class='ocrx_word' id='word_1_563' title='bbox 1011 3607 1145 3664; x_wconf 86' lang='lat' dir='ltr'>asanctis</span> <span class='ocrx_word' id='word_1_564' title='bbox 1157 3615 1235 3664; x_wconf 87' lang='lat' dir='ltr'>certa</span> <span class='ocrx_word' id='word_1_565' title='bbox 1254 3605 1395 3664; x_wconf 87' lang='lat' dir='ltr'>sententia</span> <span class='ocrx_word' id='word_1_566' title='bbox 1418 3605 1571 3663; x_wconf 83' lang='lat' dir='ltr'>definitum</span> <span class='ocrx_word' id='word_1_567' title='bbox 1585 3614 1637 3676; x_wconf 89' lang='lat' dir='ltr'>est,</span> <span class='ocrx_word' id='word_1_568' title='bbox 1654 3605 1859 3664; x_wconf 87' lang='lat' dir='ltr'>dltllcillimum</span> 
     </span>
     <span class='ocr_line' id='line_1_49' title="bbox 1011 3694 1859 3766; baseline -0.001 -12"><span class='ocrx_word' id='word_1_569' title='bbox 1011 3696 1111 3754; x_wconf 89' lang='lat' dir='ltr'>disseri</span> <span class='ocrx_word' id='word_1_570' title='bbox 1126 3696 1260 3753; x_wconf 86' lang='lat' dir='ltr'>arbitror.</span> <span class='ocrx_word' id='word_1_571' title='bbox 1288 3695 1341 3752; x_wconf 86' lang='lat' dir='ltr'>Illa</span> <span class='ocrx_word' id='word_1_572' title='bbox 1363 3704 1458 3752; x_wconf 89' lang='lat' dir='ltr'>tamen</span> <span class='ocrx_word' id='word_1_573' title='bbox 1481 3696 1564 3752; x_wconf 91' lang='lat' dir='ltr'>nabis</span> <span class='ocrx_word' id='word_1_574' title='bbox 1583 3695 1760 3766; x_wconf 87' lang='lat' dir='ltr'>probabilior</span> <span class='ocrx_word' id='word_1_575' title='bbox 1778 3694 1859 3753; x_wconf 89' lang='lat' dir='ltr'>vidc-</span> 
     </span>
    </p>
   </div>
   <div class='ocr_carea' id='block_1_7' title="bbox 1010 3789 1859 3863">
    <p class='ocr_par' dir='ltr' id='par_1_7' title="bbox 1010 3789 1859 3863">
     <span class='ocr_line' id='line_1_50' title="bbox 1010 3789 1859 3863; baseline 0 -15"><span class='ocrx_word' id='word_1_576' title='bbox 1010 3797 1060 3848; x_wconf 92' lang='lat' dir='ltr'>tur</span> <span class='ocrx_word' id='word_1_577' title='bbox 1073 3790 1181 3863; x_wconf 90' lang='lat' dir='ltr'>opinio,</span> <span class='ocrx_word' id='word_1_578' title='bbox 1205 3797 1237 3847; x_wconf 94' lang='lat' dir='ltr'>ut</span> <span class='ocrx_word' id='word_1_579' title='bbox 1252 3791 1288 3847; x_wconf 90' lang='lat' dir='ltr'>ab</span> <span class='ocrx_word' id='word_1_580' title='bbox 1313 3791 1368 3847; x_wconf 87' lang='lat' dir='ltr'>hoo</span> <span class='ocrx_word' id='word_1_581' title='bbox 1390 3789 1514 3847; x_wconf 81' lang='lat' dir='ltr'>maxime</span> <span class='ocrx_word' id='word_1_582' title='bbox 1537 3789 1575 3847; x_wconf 89' lang='lat' dir='ltr'>ad</span> <span class='ocrx_word' id='word_1_583' title='bbox 1598 3791 1723 3847; x_wconf 89' lang='lat' dir='ltr'>calorem</span> <span class='ocrx_word' id='word_1_584' title='bbox 1750 3797 1859 3863; x_wconf 90' lang='lat' dir='ltr'>tempe·</span> 
     </span>
    </p>
   </div>
   <div class='ocr_carea' id='block_1_8' title="bbox 1009 3878 1860 4041">
    <p class='ocr_par' dir='ltr' id='par_1_8' title="bbox 1009 3878 1860 4041">
     <span class='ocr_line' id='line_1_51' title="bbox 1009 3878 1860 3952; baseline 0.001 -16"><span class='ocrx_word' id='word_1_585' title='bbox 1009 3880 1135 3936; x_wconf 87' lang='lat' dir='ltr'>randum</span> <span class='ocrx_word' id='word_1_586' title='bbox 1161 3878 1315 3950; x_wconf 90' lang='lat' dir='ltr'>superioris</span> <span class='ocrx_word' id='word_1_587' title='bbox 1339 3879 1416 3952; x_wconf 78' lang='lat' dir='ltr'>ignis</span> <span class='ocrx_word' id='word_1_588' title='bbox 1441 3880 1696 3949; x_wconf 88' lang='lat' dir='ltr'>constituerentur,</span> <span class='ocrx_word' id='word_1_589' title='bbox 1711 3894 1749 3937; x_wconf 91' lang='lat' dir='ltr'>ne</span> <span class='ocrx_word' id='word_1_590' title='bbox 1763 3878 1860 3938; x_wconf 88' lang='lat' dir='ltr'>lervor</span> 
     </span>
     <span class='ocr_line' id='line_1_52' title="bbox 1009 3967 1859 4041; baseline 0 -16"><span class='ocrx_word' id='word_1_591' title='bbox 1009 3967 1057 4026; x_wconf 89' lang='lat' dir='ltr'>ille</span> <span class='ocrx_word' id='word_1_592' title='bbox 1071 3968 1203 4039; x_wconf 90' lang='lat' dir='ltr'>superior</span> <span class='ocrx_word' id='word_1_593' title='bbox 1218 3968 1262 4025; x_wconf 93' lang='lat' dir='ltr'>vel</span> <span class='ocrx_word' id='word_1_594' title='bbox 1290 3968 1383 4025; x_wconf 91' lang='lat' dir='ltr'>nubes</span> <span class='ocrx_word' id='word_1_595' title='bbox 1412 3968 1489 4040; x_wconf 88' lang='lat' dir='ltr'>ipsas</span> <span class='ocrx_word' id='word_1_596' title='bbox 1521 3969 1566 4026; x_wconf 91' lang='lat' dir='ltr'>vel</span> <span class='ocrx_word' id='word_1_597' title='bbox 1588 3982 1680 4041; x_wconf 87' lang='lat' dir='ltr'>aquas</span> <span class='ocrx_word' id='word_1_598' title='bbox 1708 3967 1859 4025; x_wconf 81' lang='lat' dir='ltr'>interiores</span> 
     </span>
    </p>
   </div>
   <div class='ocr_carea' id='block_1_9' title="bbox 67 4038 1859 5380">
    <p class='ocr_par' dir='ltr' id='par_1_9' title="bbox 67 4038 1859 5380">
     <span class='ocr_line' id='line_1_53' title="bbox 106 4038 953 4124; baseline -0.008 -11"><span class='ocrx_word' id='word_1_599' title='bbox 106 4054 211 4113; x_wconf 84' lang='lat' dir='ltr'>coelum</span> <span class='ocrx_word' id='word_1_600' title='bbox 221 4066 397 4124; x_wconf 89' lang='lat' dir='ltr'>nuncupans</span> <span class='ocrx_word' id='word_1_601' title='bbox 412 4051 627 4109; x_wconf 83' lang='lat' dir='ltr'>firmamentum</span> <span class='ocrx_word' id='word_1_602' title='bbox 641 4058 757 4122; x_wconf 90' lang='lat' dir='ltr'>propter</span> <span class='ocrx_word' id='word_1_603' title='bbox 766 4038 953 4109; x_wconf 87' lang='lat' dir='ltr'>sustentatio-</span> 
     </span>
     <span class='ocr_line' id='line_1_54' title="bbox 105 4139 952 4214; baseline -0.006 -13"><span class='ocrx_word' id='word_1_604' title='bbox 105 4157 173 4201; x_wconf 89' lang='lat' dir='ltr'>nem</span> <span class='ocrx_word' id='word_1_605' title='bbox 201 4144 384 4214; x_wconf 89' lang='lat' dir='ltr'>superiorum</span> <span class='ocrx_word' id='word_1_606' title='bbox 407 4154 573 4212; x_wconf 88' lang='lat' dir='ltr'>aquarum;</span> <span class='ocrx_word' id='word_1_607' title='bbox 590 4141 657 4197; x_wconf 91' lang='lat' dir='ltr'>item</span> <span class='ocrx_word' id='word_1_608' title='bbox 681 4154 774 4211; x_wconf 91' lang='lat' dir='ltr'>aquas</span> <span class='ocrx_word' id='word_1_609' title='bbox 799 4154 887 4212; x_wconf 89' lang='lat' dir='ltr'>supcr</span> <span class='ocrx_word' id='word_1_610' title='bbox 902 4139 952 4196; x_wconf 88' lang='lat' dir='ltr'>tir·</span> 
     </span>
     <span class='ocr_line' id='line_1_55' title="bbox 105 4229 1859 4307; baseline 0.002 -17"><span class='ocrx_word' id='word_1_611' title='bbox 105 4240 285 4290; x_wconf 89' lang='lat' dir='ltr'>mamentum</span> <span class='ocrx_word' id='word_1_612' title='bbox 307 4231 415 4302; x_wconf 91' lang='lat' dir='ltr'>positas</span> <span class='ocrx_word' id='word_1_613' title='bbox 442 4229 527 4286; x_wconf 86' lang='lat' dir='ltr'>coelas</span> <span class='ocrx_word' id='word_1_614' title='bbox 548 4229 666 4301; x_wconf 91' lang='lat' dir='ltr'>quidem</span> <span class='ocrx_word' id='word_1_615' title='bbox 685 4229 885 4301; x_wconf 89' lang='lat' dir='ltr'>spiritualibus</span> <span class='ocrx_word' id='word_1_616' title='bbox 899 4229 955 4286; x_wconf 92' lang='lat' dir='ltr'>hu·</span> <span class='ocrx_word' id='word_1_617' title='bbox 970 4246 993 4303; x_wconf 83' lang='lat' dir='ltr'>p</span> <span class='ocrx_word' id='word_1_618' title='bbox 1009 4233 1045 4292; x_wconf 90' lang='lat' dir='ltr'>lis</span> <span class='ocrx_word' id='word_1_619' title='bbox 1070 4234 1206 4306; x_wconf 89' lang='lat' dir='ltr'>appositis</span> <span class='ocrx_word' id='word_1_620' title='bbox 1225 4236 1398 4307; x_wconf 80' lang='lat' dir='ltr'>sanguinem</span> <span class='ocrx_word' id='word_1_621' title='bbox 1418 4236 1571 4294; x_wconf 75' lang='lat' dir='ltr'>extrahere</span> <span class='ocrx_word' id='word_1_622' title='bbox 1595 4236 1707 4305; x_wconf 87' lang='lat' dir='ltr'>volunt,</span> <span class='ocrx_word' id='word_1_623' title='bbox 1737 4235 1859 4294; x_wconf 89' lang='lat' dir='ltr'>inclusis</span> 
     </span>
     <span class='ocr_line' id='line_1_56' title="bbox 105 4317 1858 4398; baseline 0.002 -19"><span class='ocrx_word' id='word_1_624' title='bbox 105 4320 243 4390; x_wconf 81' lang='lat' dir='ltr'>mlliorea,</span> <span class='ocrx_word' id='word_1_625' title='bbox 259 4319 396 4377; x_wconf 87' lang='lat' dir='ltr'>sedamnl</span> <span class='ocrx_word' id='word_1_626' title='bbox 415 4327 550 4377; x_wconf 84' lang='lat' dir='ltr'>creatura</span> <span class='ocrx_word' id='word_1_627' title='bbox 559 4317 702 4390; x_wconf 89' lang='lat' dir='ltr'>corporali</span> <span class='ocrx_word' id='word_1_628' title='bbox 717 4319 888 4389; x_wconf 90' lang='lat' dir='ltr'>superiores.</span> <span class='ocrx_word' id='word_1_629' title='bbox 905 4339 918 4370; x_wconf 76' lang='grc' dir='ltr'>ι</span> <span class='ocrx_word' id='word_1_630' title='bbox 1010 4321 1103 4394; x_wconf 92' lang='lat' dir='ltr'>stupis</span> <span class='ocrx_word' id='word_1_631' title='bbox 1119 4323 1215 4395; x_wconf 82' lang='lat' dir='ltr'>ignem</span> <span class='ocrx_word' id='word_1_632' title='bbox 1248 4322 1419 4394; x_wconf 92' lang='lat' dir='ltr'>immittunt,</span> <span class='ocrx_word' id='word_1_633' title='bbox 1448 4332 1482 4383; x_wconf 91' lang='lat' dir='ltr'>ut</span> <span class='ocrx_word' id='word_1_634' title='bbox 1504 4323 1599 4383; x_wconf 79' lang='lat' dir='ltr'>calore</span> <span class='ocrx_word' id='word_1_635' title='bbox 1614 4325 1689 4398; x_wconf 77' lang='lat' dir='ltr'>ignis</span> <span class='ocrx_word' id='word_1_636' title='bbox 1705 4325 1858 4384; x_wconf 87' lang='lat' dir='ltr'>humorem</span> 
     </span>
     <span class='ocr_line' id='line_1_57' title="bbox 141 4406 1339 4484; baseline -0.001 -15"><span class='ocrx_word' id='word_1_637' title='bbox 141 4409 265 4479; x_wconf 84' lang='lat' dir='ltr'>Quidam</span> <span class='ocrx_word' id='word_1_638' title='bbox 293 4409 330 4466; x_wconf 89' lang='lat' dir='ltr'>ad</span> <span class='ocrx_word' id='word_1_639' title='bbox 353 4409 574 4467; x_wconf 87' lang='lat' dir='ltr'>inundationem</span> <span class='ocrx_word' id='word_1_640' title='bbox 599 4407 703 4465; x_wconf 88' lang='lat' dir='ltr'>diluvii</span> <span class='ocrx_word' id='word_1_641' title='bbox 722 4411 894 4476; x_wconf 86' lang='lat' dir='ltr'>reservatas,</span> <span class='ocrx_word' id='word_1_642' title='bbox 906 4406 956 4464; x_wconf 92' lang='lat' dir='ltr'>alii</span> <span class='ocrx_word' id='word_1_643' title='bbox 1009 4411 1158 4470; x_wconf 89' lang='lat' dir='ltr'>attrahant</span> <span class='ocrx_word' id='word_1_644' title='bbox 1172 4412 1339 4484; x_wconf 78' lang='lat' dir='ltr'>sauguinis.</span> 
     </span>
     <span class='ocr_line' id='line_1_58' title="bbox 104 4496 1858 4577; baseline 0.001 -18"><span class='ocrx_word' id='word_1_645' title='bbox 104 4513 177 4559; x_wconf 84' lang='lat' dir='ltr'>vera</span> <span class='ocrx_word' id='word_1_646' title='bbox 218 4499 324 4558; x_wconf 86' lang='lat' dir='ltr'>rectius</span> <span class='ocrx_word' id='word_1_647' title='bbox 360 4498 397 4555; x_wconf 89' lang='lat' dir='ltr'>ad</span> <span class='ocrx_word' id='word_1_648' title='bbox 435 4499 532 4571; x_wconf 79' lang='lat' dir='ltr'>ignem</span> <span class='ocrx_word' id='word_1_649' title='bbox 567 4497 695 4554; x_wconf 91' lang='lat' dir='ltr'>siderum</span> <span class='ocrx_word' id='word_1_650' title='bbox 737 4496 955 4567; x_wconf 90' lang='lat' dir='ltr'>temperandum</span> <span class='ocrx_word' id='word_1_651' title='bbox 1043 4500 1253 4558; x_wconf 82' lang='lat' dir='ltr'>Etuotandum</span> <span class='ocrx_word' id='word_1_652' title='bbox 1269 4501 1347 4573; x_wconf 93' lang='lat' dir='ltr'>quod</span> <span class='ocrx_word' id='word_1_653' title='bbox 1368 4502 1419 4559; x_wconf 91' lang='lat' dir='ltr'>ubi</span> <span class='ocrx_word' id='word_1_654' title='bbox 1443 4517 1495 4560; x_wconf 91' lang='lat' dir='ltr'>nus</span> <span class='ocrx_word' id='word_1_655' title='bbox 1521 4503 1645 4561; x_wconf 90' lang='lat' dir='ltr'>dicimus</span> <span class='ocrx_word' id='word_1_656' title='bbox 1670 4505 1733 4561; x_wconf 79' lang='lat' dir='ltr'>Fial</span> <span class='ocrx_word' id='word_1_657' title='bbox 1758 4507 1858 4577; x_wconf 68' lang='lat' dir='ltr'>nnnc-</span> 
     </span>
     <span class='ocr_line' id='line_1_59' title="bbox 103 4585 1857 4663; baseline 0 -15"><span class='ocrx_word' id='word_1_658' title='bbox 103 4602 259 4660; x_wconf 83' lang='lat' dir='ltr'>suspensas</span> <span class='ocrx_word' id='word_1_659' title='bbox 285 4587 442 4645; x_wconf 89' lang='lat' dir='ltr'>aliirmant.</span> <span class='ocrx_word' id='word_1_660' title='bbox 459 4587 563 4644; x_wconf 89' lang='lat' dir='ltr'>Beatus</span> <span class='ocrx_word' id='word_1_661' title='bbox 587 4600 655 4643; x_wconf 89' lang='lat' dir='ltr'>vero</span> <span class='ocrx_word' id='word_1_662' title='bbox 682 4585 864 4658; x_wconf 75' lang='lat' dir='ltr'>Augustinus</span> <span class='ocrx_word' id='word_1_663' title='bbox 885 4585 954 4641; x_wconf 90' lang='lat' dir='ltr'>istas</span> <span class='ocrx_word' id='word_1_664' title='bbox 1007 4592 1172 4646; x_wconf 76' lang='lat' dir='ltr'>montania</span> <span class='ocrx_word' id='word_1_665' title='bbox 1198 4590 1286 4645; x_wconf 80' lang='lat' dir='ltr'>media</span> <span class='ocrx_word' id='word_1_666' title='bbox 1308 4607 1456 4663; x_wconf 78' lang='lat' dir='ltr'>aquaram,</span> <span class='ocrx_word' id='word_1_667' title='bbox 1477 4591 1587 4650; x_wconf 84' lang='lat' dir='ltr'>Hebraei</span> <span class='ocrx_word' id='word_1_668' title='bbox 1613 4593 1720 4650; x_wconf 90' lang='lat' dir='ltr'>habent</span> <span class='ocrx_word' id='word_1_669' title='bbox 1735 4609 1742 4647; x_wconf 91' lang='lat'>:</span> <span class='ocrx_word' id='word_1_670' title='bbox 1760 4595 1857 4650; x_wconf 81' lang='lat' dir='ltr'>sitac-</span> 
     </span>
     <span class='ocr_line' id='line_1_60' title="bbox 67 4673 1856 4757; baseline 0.003 -21"><span class='ocrx_word' id='word_1_671' title='bbox 67 4750 71 4757; x_wconf 20' lang='grc' dir='ltr'>ι</span> <span class='ocrx_word' id='word_1_672' title='bbox 102 4677 253 4751; x_wconf 91' lang='lat' dir='ltr'>opiniones</span> <span class='ocrx_word' id='word_1_673' title='bbox 262 4677 484 4748; x_wconf 85' lang='lat' dir='ltr'>praetermittens</span> <span class='ocrx_word' id='word_1_674' title='bbox 507 4677 541 4732; x_wconf 90' lang='lat' dir='ltr'>de</span> <span class='ocrx_word' id='word_1_675' title='bbox 552 4675 639 4746; x_wconf 91' lang='lat' dir='ltr'>aqnis</span> <span class='ocrx_word' id='word_1_676' title='bbox 662 4673 718 4731; x_wconf 90' lang='lat' dir='ltr'>illis</span> <span class='ocrx_word' id='word_1_677' title='bbox 744 4674 952 4744; x_wconf 87' lang='lat' dir='ltr'>superioribus,</span> <span class='ocrx_word' id='word_1_678' title='bbox 1007 4683 1093 4736; x_wconf 79' lang='lat' dir='ltr'>lensia</span> <span class='ocrx_word' id='word_1_679' title='bbox 1108 4681 1186 4748; x_wconf 66' lang='grc' dir='ltr'>ιἰιῐια</span> <span class='ocrx_word' id='word_1_680' title='bbox 1208 4695 1315 4746; x_wconf 86' lang='lat' dir='ltr'>aqnas;</span> <span class='ocrx_word' id='word_1_681' title='bbox 1338 4681 1392 4737; x_wconf 91' lang='lat' dir='ltr'>hoc</span> <span class='ocrx_word' id='word_1_682' title='bbox 1420 4688 1463 4737; x_wconf 89' lang='lat' dir='ltr'>cst</span> <span class='ocrx_word' id='word_1_683' title='bbox 1491 4682 1677 4739; x_wconf 89' lang='lat' dir='ltr'>intervallum</span> <span class='ocrx_word' id='word_1_684' title='bbox 1704 4698 1763 4754; x_wconf 90' lang='lat' dir='ltr'>quo</span> <span class='ocrx_word' id='word_1_685' title='bbox 1785 4683 1856 4755; x_wconf 80' lang='lat' dir='ltr'>ipsae</span> 
     </span>
     <span class='ocr_line' id='line_1_61' title="bbox 101 4762 1857 4841; baseline 0.002 -15"><span class='ocrx_word' id='word_1_686' title='bbox 101 4774 204 4826; x_wconf 88' lang='lat' dir='ltr'>utrum</span> <span class='ocrx_word' id='word_1_687' title='bbox 224 4766 355 4824; x_wconf 86' lang='lat' dir='ltr'>videlicet</span> <span class='ocrx_word' id='word_1_688' title='bbox 368 4765 505 4838; x_wconf 79' lang='lat' dir='ltr'>glaciales</span> <span class='ocrx_word' id='word_1_689' title='bbox 518 4765 576 4822; x_wconf 90' lang='lat' dir='ltr'>sint</span> <span class='ocrx_word' id='word_1_690' title='bbox 594 4764 638 4821; x_wconf 93' lang='lat' dir='ltr'>vel</span> <span class='ocrx_word' id='word_1_691' title='bbox 652 4777 721 4832; x_wconf 91' lang='lat' dir='ltr'>nan,</span> <span class='ocrx_word' id='word_1_692' title='bbox 733 4763 777 4820; x_wconf 92' lang='lat' dir='ltr'>vel</span> <span class='ocrx_word' id='word_1_693' title='bbox 794 4777 868 4834; x_wconf 91' lang='lat' dir='ltr'>quas</span> <span class='ocrx_word' id='word_1_694' title='bbox 882 4762 911 4819; x_wconf 91' lang='lat' dir='ltr'>iu</span> <span class='ocrx_word' id='word_1_695' title='bbox 923 4777 953 4820; x_wconf 87' lang='lat' dir='ltr'>se</span> <span class='ocrx_word' id='word_1_696' title='bbox 1006 4767 1179 4826; x_wconf 90' lang='lat' dir='ltr'>abinvicem</span> <span class='ocrx_word' id='word_1_697' title='bbox 1197 4768 1226 4825; x_wconf 95' lang='lat' dir='ltr'>in</span> <span class='ocrx_word' id='word_1_698' title='bbox 1246 4776 1417 4841; x_wconf 90' lang='lat' dir='ltr'>perpetuum</span> <span class='ocrx_word' id='word_1_699' title='bbox 1436 4779 1605 4841; x_wconf 89' lang='lat' dir='ltr'>separentur</span> <span class='ocrx_word' id='word_1_700' title='bbox 1627 4785 1663 4828; x_wconf 90' lang='lat' dir='ltr'>ne</span> <span class='ocrx_word' id='word_1_701' title='bbox 1678 4787 1708 4828; x_wconf 90' lang='lat' dir='ltr'>se</span> <span class='ocrx_word' id='word_1_702' title='bbox 1731 4771 1857 4830; x_wconf 87' lang='lat' dir='ltr'>ulterius</span> 
     </span>
     <span class='ocr_line' id='line_1_62' title="bbox 102 4851 1855 4930; baseline 0 -14"><span class='ocrx_word' id='word_1_703' title='bbox 102 4855 227 4916; x_wconf 84' lang='lat' dir='ltr'>babeant</span> <span class='ocrx_word' id='word_1_704' title='bbox 241 4856 391 4924; x_wconf 89' lang='lat' dir='ltr'>utilitates,</span> <span class='ocrx_word' id='word_1_705' title='bbox 407 4856 466 4912; x_wconf 87' lang='lat' dir='ltr'>ait:</span> <span class='ocrx_word' id='word_1_706' title='bbox 481 4877 496 4907; x_wconf 82' lang='grc' dir='ltr'>ι</span> <span class='ocrx_word' id='word_1_707' title='bbox 511 4854 587 4910; x_wconf 84' lang='lat' dir='ltr'>Saue</span> <span class='ocrx_word' id='word_1_708' title='bbox 607 4852 709 4926; x_wconf 88' lang='lat' dir='ltr'>quales</span> <span class='ocrx_word' id='word_1_709' title='bbox 724 4852 764 4909; x_wconf 92' lang='lat' dir='ltr'>ibi</span> <span class='ocrx_word' id='word_1_710' title='bbox 779 4866 863 4924; x_wconf 80' lang='lat' dir='ltr'>aque</span> <span class='ocrx_word' id='word_1_711' title='bbox 882 4851 950 4922; x_wconf 92' lang='lat' dir='ltr'>sint,</span> <span class='ocrx_word' id='word_1_712' title='bbox 1004 4856 1191 4930; x_wconf 79' lang='lat' dir='ltr'>contingant:</span> <span class='ocrx_word' id='word_1_713' title='bbox 1215 4858 1290 4916; x_wconf 92' lang='lat' dir='ltr'>sicut</span> <span class='ocrx_word' id='word_1_714' title='bbox 1315 4857 1457 4930; x_wconf 91' lang='lat' dir='ltr'>scriptum</span> <span class='ocrx_word' id='word_1_715' title='bbox 1482 4866 1543 4917; x_wconf 92' lang='lat' dir='ltr'>est:</span> <span class='ocrx_word' id='word_1_716' title='bbox 1576 4858 1734 4916; x_wconf 75' lang='lat' dir='ltr'>Extendens</span> <span class='ocrx_word' id='word_1_717' title='bbox 1760 4860 1855 4917; x_wconf 83' lang='lat' dir='ltr'>eclam</span> 
     </span>
     <span class='ocr_line' id='line_1_63' title="bbox 101 4942 1852 5021; baseline 0 -17"><span class='ocrx_word' id='word_1_718' title='bbox 101 4944 260 5018; x_wconf 87' lang='lat' dir='ltr'>qaosvead</span> <span class='ocrx_word' id='word_1_719' title='bbox 275 4960 348 5004; x_wconf 90' lang='lat' dir='ltr'>usus</span> <span class='ocrx_word' id='word_1_720' title='bbox 362 4952 525 5013; x_wconf 81' lang='lat' dir='ltr'>reservatae,</span> <span class='ocrx_word' id='word_1_721' title='bbox 537 4943 672 5001; x_wconf 85' lang='lat' dir='ltr'>Conditor</span> <span class='ocrx_word' id='word_1_722' title='bbox 688 4942 876 5013; x_wconf 90' lang='lat' dir='ltr'>ipsauavcrit,</span> <span class='ocrx_word' id='word_1_723' title='bbox 891 4957 952 5000; x_wconf 89' lang='lat' dir='ltr'>esse</span> <span class='ocrx_word' id='word_1_724' title='bbox 1004 4947 1077 5002; x_wconf 82' lang='lat' dir='ltr'>sicat</span> <span class='ocrx_word' id='word_1_725' title='bbox 1088 4947 1205 5020; x_wconf 83' lang='lat' dir='ltr'>pallem3</span> <span class='ocrx_word' id='word_1_726' title='bbox 1222 4949 1270 5014; x_wconf 86' lang='lat' dir='ltr'>qai</span> <span class='ocrx_word' id='word_1_727' title='bbox 1283 4950 1351 5016; x_wconf 72' lang='lat' dir='ltr'>tenir</span> <span class='ocrx_word' id='word_1_728' title='bbox 1367 4951 1446 5020; x_wconf 82' lang='lat' dir='ltr'>aquis</span> <span class='ocrx_word' id='word_1_729' title='bbox 1460 4951 1604 5019; x_wconf 81' lang='lat' dir='ltr'>superiora</span> <span class='ocrx_word' id='word_1_730' title='bbox 1616 4950 1685 5019; x_wconf 67' lang='lat' dir='ltr'>eins.</span> <span class='ocrx_word' id='word_1_731' title='bbox 1695 4948 1782 5021; x_wconf 85' lang='lat' dir='ltr'>(Psal.</span> <span class='ocrx_word' id='word_1_732' title='bbox 1794 4965 1852 5018; x_wconf 85' lang='lat' dir='ltr'>cur,</span> 
     </span>
     <span class='ocr_line' id='line_1_64' title="bbox 101 5029 1855 5108; baseline 0.001 -15"><span class='ocrx_word' id='word_1_733' title='bbox 101 5043 200 5093; x_wconf 67' lang='lat' dir='ltr'>nmen</span> <span class='ocrx_word' id='word_1_734' title='bbox 212 5048 261 5092; x_wconf 87' lang='lat' dir='ltr'>aas</span> <span class='ocrx_word' id='word_1_735' title='bbox 275 5034 314 5091; x_wconf 94' lang='lat' dir='ltr'>ibi</span> <span class='ocrx_word' id='word_1_736' title='bbox 329 5035 479 5106; x_wconf 87' lang='lat' dir='ltr'>Scriptura</span> <span class='ocrx_word' id='word_1_737' title='bbox 492 5041 613 5091; x_wconf 89' lang='lat' dir='ltr'>testante</span> <span class='ocrx_word' id='word_1_738' title='bbox 631 5031 705 5089; x_wconf 93' lang='lat' dir='ltr'>nulli</span> <span class='ocrx_word' id='word_1_739' title='bbox 719 5029 843 5089; x_wconf 93' lang='lat' dir='ltr'>dubium</span> <span class='ocrx_word' id='word_1_740' title='bbox 865 5040 918 5089; x_wconf 86' lang='lat' dir='ltr'>est.</span> <span class='ocrx_word' id='word_1_741' title='bbox 934 5053 950 5083; x_wconf 72' lang='grc' dir='ltr'>ι</span> <span class='ocrx_word' id='word_1_742' title='bbox 1003 5037 1043 5108; x_wconf 77' lang='lat' dir='ltr'>t).</span> <span class='ocrx_word' id='word_1_743' title='bbox 1059 5037 1096 5095; x_wconf 86' lang='lat' dir='ltr'>Et</span> <span class='ocrx_word' id='word_1_744' title='bbox 1121 5036 1207 5094; x_wconf 88' lang='lat' dir='ltr'>alibi:</span> <span class='ocrx_word' id='word_1_745' title='bbox 1234 5038 1405 5106; x_wconf 76' lang='lat' dir='ltr'>corrqrepans</span> <span class='ocrx_word' id='word_1_746' title='bbox 1428 5039 1498 5093; x_wconf 81' lang='lat' dir='ltr'>sicul</span> <span class='ocrx_word' id='word_1_747' title='bbox 1526 5041 1555 5092; x_wconf 81' lang='lat' dir='ltr'>ln</span> <span class='ocrx_word' id='word_1_748' title='bbox 1570 5043 1631 5094; x_wconf 84' lang='lat' dir='ltr'>alre</span> <span class='ocrx_word' id='word_1_749' title='bbox 1653 5055 1740 5106; x_wconf 84' lang='lat' dir='ltr'>aquas</span> <span class='ocrx_word' id='word_1_750' title='bbox 1767 5042 1855 5095; x_wconf 77' lang='lat' dir='ltr'>maris</span> 
     </span>
     <span class='ocr_line' id='line_1_65' title="bbox 100 5120 1855 5200; baseline 0.001 -17"><span class='ocrx_word' id='word_1_751' title='bbox 100 5121 183 5192; x_wconf 81' lang='lat' dir='ltr'>Quod</span> <span class='ocrx_word' id='word_1_752' title='bbox 197 5138 266 5194; x_wconf 80' lang='lat' dir='ltr'>ergo</span> <span class='ocrx_word' id='word_1_753' title='bbox 281 5131 381 5180; x_wconf 91' lang='lat' dir='ltr'>tantus</span> <span class='ocrx_word' id='word_1_754' title='bbox 395 5124 494 5181; x_wconf 89' lang='lat' dir='ltr'>doctor</span> <span class='ocrx_word' id='word_1_755' title='bbox 508 5122 590 5195; x_wconf 90' lang='lat' dir='ltr'>quasi</span> <span class='ocrx_word' id='word_1_756' title='bbox 611 5121 733 5179; x_wconf 92' lang='lat' dir='ltr'>dubium</span> <span class='ocrx_word' id='word_1_757' title='bbox 752 5120 806 5179; x_wconf 91' lang='lat' dir='ltr'>sibi</span> <span class='ocrx_word' id='word_1_758' title='bbox 821 5121 948 5193; x_wconf 88' lang='lat' dir='ltr'>reliquit,</span> <span class='ocrx_word' id='word_1_759' title='bbox 1005 5124 1091 5197; x_wconf 79' lang='lat' dir='ltr'>(Paul.</span> <span class='ocrx_word' id='word_1_760' title='bbox 1105 5140 1200 5194; x_wconf 80' lang='lat' dir='ltr'>xrxu,</span> <span class='ocrx_word' id='word_1_761' title='bbox 1220 5125 1262 5197; x_wconf 84' lang='lat'>7).</span> <span class='ocrx_word' id='word_1_762' title='bbox 1284 5126 1334 5182; x_wconf 92' lang='lat' dir='ltr'>llla</span> <span class='ocrx_word' id='word_1_763' title='bbox 1349 5126 1439 5198; x_wconf 82' lang='lat' dir='ltr'>igitur</span> <span class='ocrx_word' id='word_1_764' title='bbox 1468 5126 1607 5195; x_wconf 82' lang='lat' dir='ltr'>extensio,</span> <span class='ocrx_word' id='word_1_765' title='bbox 1632 5141 1692 5200; x_wconf 92' lang='lat' dir='ltr'>qna</span> <span class='ocrx_word' id='word_1_766' title='bbox 1718 5128 1855 5200; x_wconf 89' lang='lat' dir='ltr'>superia-</span> 
     </span>
     <span class='ocr_line' id='line_1_66' title="bbox 101 5210 1854 5288; baseline 0.004 -20"><span class='ocrx_word' id='word_1_767' title='bbox 101 5211 249 5269; x_wconf 82' lang='lat' dir='ltr'>ailirmare</span> <span class='ocrx_word' id='word_1_768' title='bbox 259 5211 342 5269; x_wconf 90' lang='lat' dir='ltr'>nobis</span> <span class='ocrx_word' id='word_1_769' title='bbox 357 5212 626 5284; x_wconf 81' lang='lat' dir='ltr'>arrogantissimum</span> <span class='ocrx_word' id='word_1_770' title='bbox 639 5211 768 5269; x_wconf 88' lang='lat' dir='ltr'>videtur.</span> <span class='ocrx_word' id='word_1_771' title='bbox 785 5210 867 5279; x_wconf 85' lang='lat' dir='ltr'>Quod</span> <span class='ocrx_word' id='word_1_772' title='bbox 880 5226 950 5269; x_wconf 90' lang='lat' dir='ltr'>vera</span> <span class='ocrx_word' id='word_1_773' title='bbox 1003 5229 1049 5273; x_wconf 91' lang='lat' dir='ltr'>res</span> <span class='ocrx_word' id='word_1_774' title='bbox 1066 5222 1094 5273; x_wconf 90' lang='lat' dir='ltr'>et</span> <span class='ocrx_word' id='word_1_775' title='bbox 1108 5213 1259 5273; x_wconf 83' lang='lat' dir='ltr'>interiores</span> <span class='ocrx_word' id='word_1_776' title='bbox 1274 5230 1359 5288; x_wconf 79' lang='lat' dir='ltr'>nque</span> <span class='ocrx_word' id='word_1_777' title='bbox 1377 5223 1559 5286; x_wconf 83' lang='lat' dir='ltr'>separantur,</span> <span class='ocrx_word' id='word_1_778' title='bbox 1572 5217 1656 5288; x_wconf 92' lang='lat' dir='ltr'>quasi</span> <span class='ocrx_word' id='word_1_779' title='bbox 1667 5216 1854 5288; x_wconf 89' lang='lat' dir='ltr'>pellisinter-</span> 
     </span>
     <span class='ocr_line' id='line_1_67' title="bbox 99 5300 1854 5380; baseline 0.003 -21"><span class='ocrx_word' id='word_1_780' title='bbox 99 5300 236 5359; x_wconf 88' lang='lat' dir='ltr'>nanuulli</span> <span class='ocrx_word' id='word_1_781' title='bbox 251 5300 360 5372; x_wconf 90' lang='lat' dir='ltr'>opinati</span> <span class='ocrx_word' id='word_1_782' title='bbox 374 5309 443 5360; x_wconf 90' lang='lat' dir='ltr'>sunt</span> <span class='ocrx_word' id='word_1_783' title='bbox 468 5315 517 5360; x_wconf 88' lang='lat' dir='ltr'>aas</span> <span class='ocrx_word' id='word_1_784' title='bbox 543 5300 586 5359; x_wconf 94' lang='lat' dir='ltr'>ibi</span> <span class='ocrx_word' id='word_1_785' title='bbox 612 5301 783 5362; x_wconf 87' lang='lat' dir='ltr'>constitutas</span> <span class='ocrx_word' id='word_1_786' title='bbox 810 5308 838 5361; x_wconf 90' lang='lat' dir='ltr'>et</span> <span class='ocrx_word' id='word_1_787' title='bbox 858 5314 962 5373; x_wconf 47' lang='lat' dir='ltr'>resera</span> <span class='ocrx_word' id='word_1_788' title='bbox 999 5303 1099 5376; x_wconf 86' lang='lat' dir='ltr'>jacens</span> <span class='ocrx_word' id='word_1_789' title='bbox 1113 5303 1262 5364; x_wconf 81' lang='lat' dir='ltr'>interiores</span> <span class='ocrx_word' id='word_1_790' title='bbox 1280 5319 1373 5378; x_wconf 88' lang='lat' dir='ltr'>aquas</span> <span class='ocrx_word' id='word_1_791' title='bbox 1393 5312 1534 5380; x_wconf 87' lang='lat' dir='ltr'>tanquam</span> <span class='ocrx_word' id='word_1_792' title='bbox 1556 5314 1650 5366; x_wconf 92' lang='lat' dir='ltr'>utrem</span> <span class='ocrx_word' id='word_1_793' title='bbox 1664 5307 1812 5367; x_wconf 88' lang='lat' dir='ltr'>concludit</span> <span class='ocrx_word' id='word_1_794' title='bbox 1826 5314 1854 5365; x_wconf 92' lang='lat' dir='ltr'>et</span> 
     </span>
    </p>
   </div>
   <div class='ocr_carea' id='block_1_10' title="bbox 1008 4057 1859 4218">
    <p class='ocr_par' dir='ltr' id='par_1_10' title="bbox 1008 4057 1859 4218">
     <span class='ocr_line' id='line_1_68' title="bbox 1008 4057 1859 4130; baseline -0.001 -14"><span class='ocrx_word' id='word_1_795' title='bbox 1008 4057 1126 4116; x_wconf 89' lang='lat' dir='ltr'>omnino</span> <span class='ocrx_word' id='word_1_796' title='bbox 1153 4057 1320 4127; x_wconf 90' lang='lat' dir='ltr'>attraheret,</span> <span class='ocrx_word' id='word_1_797' title='bbox 1342 4073 1410 4114; x_wconf 89' lang='lat' dir='ltr'>curn</span> <span class='ocrx_word' id='word_1_798' title='bbox 1430 4059 1466 4114; x_wconf 89' lang='lat' dir='ltr'>sit</span> <span class='ocrx_word' id='word_1_799' title='bbox 1499 4057 1542 4114; x_wconf 90' lang='lat' dir='ltr'>vis</span> <span class='ocrx_word' id='word_1_800' title='bbox 1573 4057 1649 4130; x_wconf 78' lang='lat' dir='ltr'>ignis</span> <span class='ocrx_word' id='word_1_801' title='bbox 1682 4057 1859 4115; x_wconf 88' lang='lat' dir='ltr'>naturaliter</span> 
     </span>
     <span class='ocr_line' id='line_1_69' title="bbox 1010 4145 1859 4218; baseline -0.001 -14"><span class='ocrx_word' id='word_1_802' title='bbox 1010 4145 1161 4204; x_wconf 84' lang='lat' dir='ltr'>attractiva</span> <span class='ocrx_word' id='word_1_803' title='bbox 1178 4146 1326 4203; x_wconf 89' lang='lat' dir='ltr'>humoris:</span> <span class='ocrx_word' id='word_1_804' title='bbox 1344 4147 1421 4204; x_wconf 92' lang='lat' dir='ltr'>uude</span> <span class='ocrx_word' id='word_1_805' title='bbox 1434 4155 1463 4203; x_wconf 93' lang='lat' dir='ltr'>et</span> <span class='ocrx_word' id='word_1_806' title='bbox 1475 4146 1649 4218; x_wconf 88' lang='lat' dir='ltr'>phlebotomi</span> <span class='ocrx_word' id='word_1_807' title='bbox 1674 4162 1741 4206; x_wconf 91' lang='lat' dir='ltr'>cum</span> <span class='ocrx_word' id='word_1_808' title='bbox 1756 4160 1859 4205; x_wconf 90' lang='lat' dir='ltr'>vascu-</span> 
     </span>
    </p>
   </div>
   <div class='ocr_carea' id='block_1_11' title="bbox 136 5437 727 5555">
    <p class='ocr_par' dir='ltr' id='par_1_11' title="bbox 136 5437 727 5555">
     <span class='ocr_line' id='line_1_70' title="bbox 136 5437 727 5555; baseline 0.008 -22"><span class='ocrx_word' id='word_1_809' title='bbox 136 5475 193 5552; x_wconf 77' lang='grc' dir='ltr'>ιιι)</span> <span class='ocrx_word' id='word_1_810' title='bbox 206 5475 313 5540; x_wconf 66' lang='lat' dir='ltr'>sarni.</span> <span class='ocrx_word' id='word_1_811' title='bbox 328 5484 398 5539; x_wconf 83' lang='lat' dir='ltr'>am.</span> <span class='ocrx_word' id='word_1_812' title='bbox 411 5475 518 5555; x_wconf 79' lang='lat' dir='ltr'>xxm,</span> <span class='ocrx_word' id='word_1_813' title='bbox 532 5479 586 5542; x_wconf 85' lang='grc' dir='ltr'>ιιι.</span> <span class='ocrx_word' id='word_1_814' title='bbox 601 5479 662 5541; x_wconf 87' lang='grc' dir='ltr'>ιιι.</span> <span class='ocrx_word' id='word_1_815' title='bbox 723 5437 727 5444; x_wconf 70' lang='grc'><strong>’</strong></span> 
     </span>
    </p>
   </div>
   <div class='ocr_carea' id='block_1_12' title="bbox 0 0 1906 5962">
    <p class='ocr_par' dir='ltr' id='par_1_12' title="bbox 0 0 1906 5962">
     <span class='ocr_line' id='line_1_71' title="bbox 0 0 1906 5962; baseline 0 6"><span class='ocrx_word' id='word_1_816' title='bbox 0 0 1906 5962; x_wconf 95' lang='lat' dir='ltr'> </span> 
     </span>
    </p>
   </div>
  </div>
 </body>
</html>
