3804 5962
101 92 125 143 it
575 84 735 143 nlsssltr.
759 86 804 141 iili
822 82 904 142 Vl‘l'A
922 85 966 143 ΕΤ
983 82 1139 143 scatens
1155 85 1354 144 sammai.
1816 90 1852 146 i!

99 216 300 276 rererteretar,
323 208 415 280 ipsam
440 208 570 281 lejusaae
591 222 704 267 sorores
732 209 859 268 consiliis
887 212 948 268 suis
963 213 987 266 ll
1003 226 1060 283 aue
1073 209 1146 267 airis
1159 210 1306 269 nobilibus
1314 211 1526 339 (presentibus,
1541 210 1613 268 albii
1628 216 1726 295 essetne
1744 211 1851 291 populo

1002 284 1199 339 metuendum.
1219 282 1262 339 Ob
1283 296 1313 338 se
1334 298 1363 365 is‘
1379 283 1541 364 apostolicae
1565 290 1756 340 reverentiam
1771 284 1852 341 Aba·

98 284 263 352 adjuturus.
287 281 366 338 istud
388 283 505 338 crimini
526 281 578 353 ipsi
602 281 752 337 vertebant
775 282 946 340 obtrectato-

97 368 137 411 res
160 353 294 423 pessimi,
319 354 370 423 aui
396 354 524 422 pristinae
546 352 703 423 voluptatis
725 353 865 410 desiderio
881 368 945 410 car-

97 426 214 493 antique
237 425 331 480 amori
354 424 521 480 tribuebant
548 426 626 495 quod
650 438 686 479 cx
706 424 795 480 solius
818 426 947 495 impulsu

96 498 245 552 charitatis
260 496 417 552 factitabat.
433 495 495 562 Qua
514 496 548 551 de
563 510 593 550 re
616 496 744 563 graviter
759 496 948 567 conqueritur

95 568 144 623 suli
165 566 257 622 dacin
278 568 383 638 prioris
400 567 526 636 epistolae
540 566 576 621 ail
596 566 733 627 amicum,
751 568 799 623 irbi
814 575 841 623 et
857 568 948 623 mavi·

96 652 169 694 mam
186 652 220 692 se
242 637 467 695 consolationem
488 638 647 707 percepisse
672 636 816 707 signidem
834 653 870 694 ex
890 639 947 694 illis

95 710 118 765 S.
136 709 310 777 llieronymi
327 709 425 765 verbis
438 710 473 764 ad
491 710 614 763 Asellam
629 708 800 775 opisiilnas,
816 710 948 765 scriben-

95 784 141 836 tis:
153 780 237 834 ll'ibi'l
247 781 316 834 milii
330 780 459 847 objicitur
473 781 527 835 nisi
537 795 620 834 sceris
629 795 704 833 rarus
715 785 740 833 ct
750 781 947 850 bocniiapuam

95 852 270 917 alpiecretiir.
300 852 355 904 nisi
377 868 439 905 cciiii
472 852 687 917 Hierosolymam
710 851 797 905 Paula
824 856 949 922 proficis·

94 926 173 975 ritrir.
201 924 362 991 Antequam
385 924 496 976 domum
519 924 627 977 Satricae
657 923 747 976 l'iralae
774 938 890 987 nossem,
908 928 949 977 to·

95 997 147 1046 tias
172 996 205 1047 in
227 1008 273 1047 me
290 993 365 1046 urbis
391 993 487 1047 studia
514 994 709 1058 cavasanabaril,
737 997 858 1048 omilium
878 1010 948 1064 patae

90 1066 212 1133 judicio,
240 1065 344 1131 diaulia
367 1080 472 1118 sunimo
507 1066 656 1119 sacerdotio
683 1065 855 1119 decerncbiir.
894 1065 949 1121 Sed

1003 354 1101 411 lardus
1120 354 1261 423 pontilicis
1285 366 1406 410 maximi
1423 354 1534 425 judicio
1560 362 1726 410 reservatus
1746 362 1790 411 est
1811 354 1852 411 ni·

1002 426 1101 495 hiique
1125 427 1153 480 in
1179 425 1241 495 eius
1262 438 1412 494 personam
1432 439 1450 481 a
1471 425 1605 482 Patribus
1627 434 1767 482 statatum
1783 424 1846 482 tait.

1003 499 1107 553 l'erum
1135 496 1326 565 appellatione
1347 510 1406 552 uon
1433 496 1574 565 obstante,
1597 510 1689 567 prava
1716 496 1753 553 ab
1779 494 1849 565 ipsis

1003 576 1103 638 pirtata
1127 568 1203 624 illius
1225 568 1360 635 dogmata
1381 566 1635 638 danamarcam
1656 568 1691 623 ile
1711 566 1849 623 erunibus

1002 639 1169 694 relationem
1186 638 1221 693 ad
1242 639 1439 694 innocentium
1464 641 1488 694 ll
1506 640 1656 703 miseruut,
1680 639 1849 708 ipsum'ar·

1003 719 1102 781 pentes
1123 716 1155 764 ιιι
1185 722 1236 777 pro
1257 708 1302 764 sui
1327 708 1468 779 primatus
1489 709 1583 766 allicio
1605 722 1717 766 errores
1741 706 1849 779 pariter

1003 782 1152 836 dainnaret
1172 788 1259 848 aliiue
1283 780 1453 836 contumata
1476 780 1577 851 synodi
1595 782 1738 837 sentemia
1761 792 1849 836 nova-

1003 862 1093 907 torem
1119 851 1262 906 bominem
1287 859 1438 907 coerceret.
1470 853 1529 907 ista
1547 860 1680 908 constant
1704 864 1742 907 ex
1766 850 1848 909 Gau-

1004 923 1076 978 lridn
1100 921 1311 977 claravallensi
1349 922 1489 978 monacho
1514 922 1543 978 in
1565 923 1630 978 Vita
1652 922 1680 979 S.
1708 920 1849 979 bernardi

1004 994 1053 1049 lib.
1074 1008 1114 1053 iu,
1134 1007 1197 1061 cap.
1224 995 1250 1056 ιι,
1275 999 1302 1047 et
1323 1006 1360 1047 ex
1378 992 1480 1049 littoue
1507 993 1692 1063 Frisingensi,
1717 993 1768 1049 lib.
1787 994 1850 1049 itte

1003 1067 1086 1131 pestis
1100 1065 1234 1119 Fridrrict
1252 1066 1434 1132 imperatoris,
1462 1077 1525 1133 cap.
1549 1065 1594 1130 48,
1620 1065 1669 1120 ubi
1693 1064 1779 1120 etiam
1798 1076 1850 1121 ex·

96 1138 145 1188 scia
161 1152 217 1205 per
236 1136 334 1189 bonnm
358 1142 383 1189 et
404 1138 505 1189 malam
521 1138 625 1202 samam
645 1138 789 1204 peruenire
808 1137 846 1191 ati
863 1152 948 1204 repra

96 1209 234 1261 calar-am.
253 1207 311 1262 ista
329 1207 468 1262 discimus
484 1221 519 1261 ex
535 1207 597 1276 ipso
612 1207 763 1262 abaelardo
784 1208 814 1263 in
828 1208 949 1279 epistola
1004 1208 1042 1277 pi,
1077 1206 1208 1261 tasselini
1239 1204 1462 1272 Siressioucnsis,
1496 1205 1631 1262 Gaulredi
1656 1205 1851 1263 calalaunen-

96 1279 235 1333 bistorica
253 1278 290 1333 de
303 1277 517 1334 calamitatibus
529 1280 589 1333 suis
604 1278 640 1333 ad
654 1282 791 1333 arcticum.
1003 1279 1042 1334 sis
1063 1285 1092 1332 et
1115 1276 1203 1332 Alvisi
1228 1276 1422 1332 atrabatensis
1444 1276 1643 1346 episcoporum
1659 1276 1695 1332 ad
1711 1278 1851 1333 innoeen-

127 1349 249 1405 Deserto
275 1352 374 1419 itaque
396 1350 634 1404 alibatieisaucti
657 1348 775 1406 Gildasii
798 1348 947 1419 regimine,
1003 1350 1066 1406 tiun
1091 1350 1128 1413 ll,
1164 1361 1230 1417 aira
1255 1347 1368 1404 brevem
1396 1360 1491 1403 cause
1519 1347 1662 1404 Abaelardi
1698 1346 1851 1418 expositio

98 1422 123 1475 ia
145 1434 311 1490 quemnam
339 1419 436 1475 lacurn
462 1434 523 1475 sese
551 1423 689 1490 receperit
709 1434 765 1476 uon
784 1422 855 1476 salis
881 1435 948 1475 con·
1004 1435 1068 1475 nem
1084 1426 1112 1474 et
1126 1418 1225 1487 synodi
1247 1428 1325 1483 aesta
1339 1418 1548 1487 complectitur,
1566 1420 1595 1473 iu
1608 1432 1668 1487 aaa
1686 1417 1849 1488 inquinat:

98 1499 164 1551 stat:
192 1490 244 1545 sed
272 1490 442 1561 ubicunque
473 1492 598 1547 locorum
632 1492 801 1547 abaelardus
827 1492 946 1557 exstitit,
964 1508 984 1562 p
1004 1493 1100 1547 Petras
1121 1488 1282 1543 dbaetarmis
1307 1488 1469 1546 christiane
1491 1490 1697 1559 pdeimeritiim
1720 1502 1852 1544 enomere

98 1562 253 1631 ubiaucin
286 1576 353 1617 eum
371 1562 497 1618 excitata
520 1563 635 1617 luridae
653 1562 776 1633 procella
802 1562 947 1618 homiuem
1002 1564 1112 1621 nititur,
1135 1562 1200 1614 ditm
1223 1566 1308 1615 totum
1331 1561 1405 1631 quod
1426 1562 1499 1615 liciis
1520 1566 1570 1626 est,
1600 1561 1719 1615 bumana
1745 1562 1853 1614 ratione

98 1635 174 1688 iuiris
189 1632 307 1688 attrivit
322 1633 567 1703 impressionibus.
586 1632 658 1688 Sunt
676 1635 726 1704 qui
745 1641 849 1704 putant
862 1635 948 1689 Abte·
1002 1633 1157 1687 arbitratur
1171 1647 1199 1685 se
1211 1646 1291 1700 passe
1305 1633 1537 1700 comprehendere.
1553 1632 1687 1688 dsceitrltt
1706 1644 1793 1697 usque
1814 1628 1853 1683 aii

99 1704 224 1768 lardum,
246 1704 287 1759 ita
299 1711 444 1759 extorrem
459 1712 487 1760 et
500 1703 665 1775 expulsum,
682 1705 737 1759 sub
756 1713 887 1761 extrema
900 1705 948 1759 vi·
1001 1706 1078 1759 coelas
1093 1708 1119 1757 ct
1134 1703 1271 1757 descendit
1287 1718 1373 1768 usqae
1386 1703 1424 1757 ad
1436 1703 1559 1771 abyssos.
1576 1703 1655 1759 Ntbil
1668 1706 1709 1757 est
1724 1701 1799 1773 quod
1811 1700 1853 1756 la·

99 1784 127 1829 te
143 1786 282 1842 tempera
302 1775 415 1831 scliolas
436 1776 624 1845 resumpsisse
640 1776 759 1831 lutetiae
775 1791 782 1830 :
799 1775 884 1846 cujus
907 1774 948 1831 rel
1002 1779 1136 1841 lcateum,
1150 1776 1244 1829 sivein
1254 1774 1549 1843 protunduminscrni,
1560 1776 1851 1829 stoeineacelsumsii·

99 1847 180 1901 adem
211 1846 307 1901 lacere
339 1846 455 1901 videtur
482 1847 606 1902 loannes
640 1846 869 1913 Sarisberieusis,
896 1845 948 1917 qul
998 1862 1063 1917 pra.
1080 1848 1222 1901 Homoest
1241 1861 1357 1913 mirpnai
1373 1842 1852 1915 irioaiitissuis,disputariailetide

97 1918 170 1972 adiio
191 1930 275 1973 anuo
300 1918 367 1971 tiss
386 1917 537 1988 grinnasio
560 1918 724 1981 parisiensi,
742 1917 782 1973 ait
804 1933 835 1973 se
848 1926 950 1974 coutu-
1002 1923 1098 1973 cantra
1115 1918 1208 1985 tidem,
1223 1917 1400 1971 embolimsis
1413 1920 1521 1985 maenis
1542 1921 1568 1969 et
1584 1916 1756 1970 mirabilibus
1771 1926 1854 1983 saper

98 1988 159 2043 iisse
186 1988 225 2043 ad
254 1988 472 2056 peripateticum
501 1989 673 2053 Palatinum,
695 2003 753 2059 quo
770 1988 885 2044 nomine
900 1988 951 2045 Pe·
1002 2005 1039 2054 se,
1055 1994 1192 2043 scrutator·
1208 1989 1372 2055 dliijcslata's,
1388 1988 1520 2042 heresum
1538 1986 1698 2053 fabricator.
1714 1986 1784 2040 ilum
1796 1984 1854 2039 du·

98 2068 172 2113 trum
200 2059 390 2115 ilbaelardurn
412 2059 559 2129 indigitari
578 2060 768 2119 arbitrantur.
786 2060 843 2115 ima
863 2059 950 2115 lerina
1003 2059 1300 2126 durafeceratli'briim
1316 2062 1464 2113 Dcsnaeta
1481 2060 1626 2121 Trinitate,
1642 2056 1853 2125 sedsublepato

98 2138 209 2185 canstat
230 2144 270 2185 ex
294 2144 360 2185 mss.
387 2130 535 2186 codicibus
559 2130 714 2187 l'ictorinis
732 2143 760 2186 ct
785 2132 950 2201 allisanus
1006 2133 1131 2186 ltoinanae
1144 2130 1587 2197 Ecclesiaei'pneeirnmiaatusest,
1605 2132 1797 2194 paiainoenta
1811 2129 1854 2182 est

98 2202 191 2256 statim
223 2200 403 2257 verbotenus
429 2202 592 2257 alienemus.
618 2202 749 2273 beatique
773 2202 879 2257 diserte
909 2216 950 2257 sic
1002 2204 1071 2256 meo
1086 2203 1230 2270 iniquitas.
1248 2201 1409 2255 lltalcilctas
1424 2203 1474 2269 qui
1496 2200 1756 2269 reedificata-ainos
1774 2198 1853 2252 Jem-

100 2288 160 2328 ium
203 2270 333 2342 appellat
365 2272 611 2340 sarisberiensis,
639 2273 712 2328 libio
737 2288 756 2328 u
784 2274 948 2341 lietalopici,
1003 2274 1060 2328 cbo.
1077 2274 1205 2328 sorrecis
1225 2287 1243 2324 a
1258 2275 1371 2326 mortuis
1392 2271 1461 2326 liber
1484 2271 1531 2326 ille
1547 2278 1646 2326 etcum
1661 2270 1854 2326 camellorum

99 2358 155 2413 rap.
181 2345 227 2405 li,
246 2344 296 2399 ubi
312 2344 347 2398 ile
363 2343 577 2400 universalibus
599 2344 700 2415 logicis
715 2345 803 2400 verba
818 2345 947 2400 taciens:
1003 2346 1117 2399 naereses
1138 2359 1197 2415 qiiae
1223 2342 1391 2397 dormierant
1413 2350 1593 2397 siirreoerant
1613 2348 1639 2398 et
1662 2342 1855 2411 apparuerant

102 2416 126 2467 ln
141 2416 193 2469 liae
209 2416 351 2483 opinione,
376 2414 483 2485 inquit,
499 2414 680 2485 deprehensus
695 2420 735 2469 est
752 2418 949 2485 peripateticus
1003 2416 1107 2469 multis.
1128 2418 1247 2480 benimtc
1269 2414 1331 2483 jam
1352 2414 1477 2469 retendit
1489 2414 1617 2484 palmites
1635 2428 1698 2469 suos
1715 2426 1802 2483 usaue
1815 2408 1855 2466 aii

101 2486 242 2539 Palatinus
273 2486 438 2540 Abalarilus
467 2493 566 2553 noster,
596 2491 644 2558 qai
666 2489 763 2541 multos
791 2489 905 2557 reliquit
925 2491 952 2540 et
1003 2502 1079 2541 mare
1103 2492 1129 2542 ct
1149 2501 1236 2552 usaue
1251 2486 1411 2541 adllomem
1427 2488 1596 2555 propapines
1615 2486 1685 2553 ejus.
1709 2486 1772 2540 llaec
1794 2481 1855 2551 plo·

101 2558 185 2609 «idlae
200 2556 315 2625 quidem
337 2558 406 2611 ulios
421 2556 503 2611 liitbet
524 2558 607 2626 liujus
626 2559 808 2627 professionis
835 2563 950 2613 sectato·
1003 2561 1087 2611 riiitie
1112 2559 1230 2612 bominis
1251 2558 1338 2623 illius,
1356 2572 1409 2623 auo
1433 2556 1502 2612 liber
1520 2572 1586 2611 saus
1605 2558 1636 2611 in
1659 2558 1738 2611 curia
1758 2557 1853 2611 liema-

100 2644 136 2681 re<
149 2634 177 2682 et
191 2634 287 2682 testis.
308 2627 418 2684 Nullibi
438 2636 534 2684 tamen
550 2629 610 2698 ipse
625 2629 725 2684 scribit
744 2644 774 2683 sc
793 2629 949 2698 repetiisse,
1003 2645 1041 2683 na
1067 2627 1148 2683 babet
1167 2629 1214 2682 ulii
1237 2632 1321 2696 caput
1343 2642 1423 2682 suum
1447 2630 1578 2694 reclinet;
1601 2628 1664 2681 lii'ac
1683 2628 1854 2693 confortatus

100 2707 155 2768 post
176 2698 374 2759 Paracletum.
392 2697 505 2755 scholas
527 2699 708 2756 Parisienses.
736 2699 789 2755 Seii
818 2707 883 2756 utut
903 2702 950 2764 sit,
1004 2705 1030 2754 et
1052 2704 1227 2768 confirmatus
1254 2704 1295 2753 est
1317 2714 1393 2753 error
1413 2698 1498 2753 iltius.
1520 2699 1639 2754 Proinde
1667 2713 1728 2753 cam
1752 2696 1856 2767 pilaria

99 2772 193 2825 varias
215 2770 332 2826 taudem
358 2769 405 2827 ille
425 2769 601 2826 calamitates
625 2784 787 2841 perpessus,
811 2770 840 2826 in
865 2769 952 2827 Seno·
967 2802 988 2858 C
1003 2770 1136 2840 predicat
1163 2770 1274 2823 verbnm
1304 2773 1461 2837 inipiiitatis
1494 2784 1697 2839 usquequaque.
1728 2770 1856 2838 Propter·

100 2842 176 2895 neusl
194 2840 317 2896 deinum
338 2842 472 2907 coucilia,
487 2855 563 2899 anuo
581 2844 658 2907 illd,
676 2856 728 2911 pro
747 2841 881 2898 haerctico
898 2843 949 2897 ba·
1005 2859 1038 2897 eit
1057 2858 1118 2895 curn
1133 2845 1162 2895 in
1190 2845 1334 2909 conspecta
1356 2843 1541 2909 episcoporum
1562 2855 1644 2907 snper
1663 2841 1705 2893 liis
1721 2854 1782 2893 eum
1805 2850 1856 2891 or·

100 2912 173 2968 lilius
188 2920 245 2967 est.
274 2912 333 2967 linc
353 2925 423 2968 saue
440 2913 548 2969 vulnus
562 2914 600 2969 ali
621 2913 767 2969 bernarde
781 2921 882 2968 contra
897 2916 951 2970 Pe·
1005 2917 1099 2982 palmet
1135 2913 1218 2967 alliis
1259 2911 1476 2967 t'loraeiutlensis
1511 2912 1566 2965 zela
1584 2911 1705 2980 justitio
1737 2912 1764 2963 et
1790 2906 1856 2991 pilei

99 2992 173 3039 trum
194 2982 381 3039 abaelardum
399 2993 569 3040 renovatum
593 2999 649 3040 non
664 2992 747 3047 esset,
764 2983 819 3039 nisi
838 2985 951 3040 stabilias
1006 2990 1140 3050 armatus,
1159 2985 1204 3039 illa
1225 2998 1273 3038 aec
1296 2985 1427 3049 consciens
1447 2988 1486 3036 est
1509 2998 1556 3036 nec
1570 2983 1691 3050 aepaait,
1705 2978 1754 3035 scil
1768 2994 1786 3035 n
1798 2978 1854 3046 dte,

1003 1137 1083 1191 liibet
1114 1136 1261 1203 epistolam
1293 1134 1441 1189 Sanisonis
1472 1135 1621 1191 deniensis
1658 1135 1850 1205 arcniepisco·

99 3056 204 3109 iarum
230 3063 347 3121 apertas
361 3062 432 3110 tune
456 3055 601 3112 babuissct
617 3071 625 3110 ι
642 3058 719 3127 quod
736 3056 885 3111 insinuare
904 3055 952 3111 vl-

99 3127 181 3181 detur
203 3125 308 3181 Petras
324 3126 414 3182 abbas
440 3127 636 3183 Cluumcensis
658 3127 687 3183 in
706 3128 825 3198 epstola
847 3141 901 3182 sua
915 3127 952 3182 ad

99 3198 305 3252 innocentium
321 3198 358 3262 ll,
379 3198 540 3254 lininauum
564 3198 737 3268 piiuiiliceui,
755 3198 950 3267 inipiieusPe·

99 3276 173 3323 trum
200 3269 390 3324 Abaeiarduni
415 3270 520 3324 scitalas
542 3277 569 3324 et
594 3270 689 3325 stadia
710 3270 864 3339 reliquisse,
881 3272 951 3325 ditm

100 3341 130 3393 al
154 3340 352 3395 cluniacense
374 3342 577 3397 monasterium
600 3342 657 3396 illic
682 3355 840 3396 rumisuius
865 3356 954 3398 seces·

101 3420 148 3478 st:
176 3410 260 3465 uuile
282 3410 422 3466 uincludo
447 3422 513 3467 aute
534 3413 608 3467 istud
636 3422 749 3481 tempus
773 3411 886 3467 scholas
909 3427 954 3468 us·

101 3481 208 3551 quead
239 3495 353 3538 aunum
378 3482 459 3538 illum
491 3485 556 3538 ltili
581 3483 717 3540 babuisse
748 3494 954 3553 apertasque

101 3554 211 3607 iteratae
236 3552 267 3607 in
291 3566 358 3607 euin
380 3555 582 3610 commotionis
604 3556 783 3609 occasionem
807 3554 954 3610 Beriiaido

101 3623 281 3679 clarevallis
314 3623 410 3678 abbati
440 3624 580 3680 dederint.
608 3626 723 3679 lntcri'm
749 3642 767 3679 a
794 3625 870 3679 nabis
902 3625 955 3679 oil-

102 3696 233 3760 mnnitus‚
249 3698 339 3761 manis
357 3702 449 3748 autem
470 3712 488 3749 a
509 3698 563 3749 lbra
582 3702 612 3750 ut
637 3696 771 3751 civilimris
787 3701 955 3767 inspiratus,

103 3764 225 3818 dimissis
249 3765 406 3819 scholarum
420 3772 446 3819 et
466 3768 621 3821 studiorum
640 3768 818 3833 tumultibus,
843 3771 872 3821 in
889 3770 954 3825 Clu·

103 3838 179 3889 nisam
193 3841 287 3890 cestro
300 3838 355 3890 sibi
366 3843 525 3905 perpetuam
540 3844 707 3893 reensionem
721 3840 810 3905 clepit.

135 3908 211 3962 Cum
236 3920 317 3977 erga,
345 3909 442 3964 relicta
461 3909 621 3973 britannia,
641 3911 754 3967 ecbolas
781 3919 884 3965 iterum
910 3910 957 3966 Pe

103 3984 164 4033 trus
179 3979 353 4035 abaelardus
380 3980 549 4049 aperuisset,
576 3984 680 4036 iteruin
705 3988 806 4037 contra
828 3996 858 4036 so
882 3989 955 4036 teni·

105 4058 248 4121 pestatem
276 4064 335 4105 nou
360 4052 499 4107 modicam
523 4052 660 4109 ordinum
682 4066 823 4108 uovorum
848 4052 956 4121 auibus

107 4120 238 4175 intensus
275 4129 344 4183 erat,
379 4122 528 4183 excitavit.
569 4123 800 4180 cisterciensium
830 4122 894 4179 dico
924 4137 958 4178 ac

1006 3056 1093 3111 eloco
1113 3060 1139 3110 el
1152 3056 1246 3123 iudae
1265 3069 1345 3123 quem
1365 3056 1425 3125 ipse
1439 3054 1492 3107 silit
1505 3055 1634 3122 clepunt,
1657 3055 1718 3107 siae
1733 3051 1855 3115 laesione,

1006 3129 1065 3182 sine
1087 3141 1255 3193 precamine,
1284 3129 1314 3179 ut
1351 3128 1529 3195 prolcnparct
1553 3125 1739 3190 iniquitatem,
1766 3120 1857 3177 adam

1007 3197 1191 3266 apiastolienin
1221 3198 1385 3266 appellavit.
1412 3199 1542 3266 Episcopi
1563 3198 1614 3269 qui
1636 3200 1748 3264 propter
1761 3192 1812 3249 bae
1825 3194 1858 3245 ia

1007 3285 1093 3324 unum
1120 3274 1422 3329 contemnendane
1447 3270 1611 3323 denimentis
1628 3266 1790 3334 defecatos,
1813 3264 1859 3319 nl·

1008 3342 1048 3395 bil
1072 3344 1101 3393 in
1122 3355 1265 3408 praesorium
1286 3340 1345 3406 ejus
1368 3347 1499 3407 camaram
1529 3338 1577 3394 seil
1604 3335 1792 3392 tantummodo
1815 3348 1860 3391 ca·

1008 3412 1099 3482 pilula
1121 3426 1139 3463 a
1158 3414 1261 3466 sanetis
1286 3412 1350 3465 olim
1382 3411 1511 3465 Patribus
1543 3410 1722 3465 condemnata
1747 3404 1860 3462 medid-

1008 3484 1067 3538 nuti
1084 3485 1255 3547 necessitate,
1278 3498 1312 3535 ne
1330 3481 1441 3536 morbus
1468 3486 1585 3549 superet,
1614 3478 1855 3547 abiudicanerunt.

1008 3554 1079 3620 Quia
1098 3568 1160 3621 erpa
1183 3553 1260 3607 bomo
1284 3553 1330 3607 ille
1357 3552 1562 3607 multitudinem
1587 3551 1673 3606 trabit
1696 3554 1760 3619 post
1785 3563 1815 3605 se
1832 3552 1860 3603 el

1006 3625 1141 3695 populum
1162 3624 1242 3678 babet
1271 3626 1321 3693 qui
1342 3624 1396 3677 sibi
1420 3623 1524 3687 eradiat,
1553 3637 1659 3679 necesse
1680 3626 1721 3678 est
1743 3624 1774 3676 ut
1796 3620 1860 3674 buia

1009 3697 1100 3751 morbo
1133 3696 1215 3752 celeri
1247 3695 1383 3749 medicina
1411 3697 1569 3761 occurratis,
1598 3702 1651 3750 etc.
1676 3694 1859 3749 Processimus

1009 3784 1056 3821 nos
1080 3770 1110 3820 in
1133 3767 1182 3821 lioc
1216 3767 1333 3833 arpolia,
1355 3781 1496 3832 ditansque
1535 3767 1598 3820 ausi
1626 3778 1732 3820 sumas.
1760 3764 1859 3829 Ίιιιιιιι,

1010 3839 1163 3892 beatissime
1185 3839 1276 3894 Pater.
1297 3840 1336 3892 est
1360 3836 1393 3890 ile
1418 3842 1509 3891 catere
1531 3836 1684 3904 prouidere,
1708 3850 1742 3890 ne
1763 3835 1860 3905 aliqua

1008 3912 1158 3980 prauitatis
1190 3908 1320 3962 baereticae
1352 3909 1460 3962 macula
1480 3908 1559 3961 decor
1581 3907 1709 3960 Ecclesia
1730 3906 1861 3959 malami-

1010 3988 1100 4035 netur.
1131 3979 1195 4035 Tibi
1222 3980 1363 4033 commisso
1391 3982 1430 4032 est
1467 3992 1567 4048 sponsa
1596 3976 1709 4045 Christi,
1733 3990 1749 4031 o
1774 3976 1862 4030 amice

1011 4051 1132 4122 Sparsi!
1163 4052 1250 4105 Τιιιιιιι
1286 4053 1326 4103 ast
1353 4048 1473 4103 eamdem
1496 4052 1545 4103 uni
1574 4051 1633 4102 oira
1659 4048 1794 4115 nerninem
1818 4060 1862 4101 ca·

1011 4130 1082 4179 stam
1104 4122 1231 4178 celtibera
1250 4121 1367 4178 cbristo.
1394 4121 1486 4185 Quam
1508 4133 1526 4175 a
1547 4118 1694 4176 Bernardo
1717 4115 1862 4175 abaelardi

106 4190 436 4255 Praemonstratensium,
453 4208 526 4265 quos
541 4194 569 4249 in
587 4195 708 4263 publicis
732 4193 836 4250 seliolis
860 4194 958 4249 irride·
1012 4194 1179 4251 adversario
1209 4193 1345 4264 scriptam
1376 4205 1437 4249 esse
1465 4192 1622 4264 Epistolam
1651 4188 1744 4262 stylus
1767 4188 1862 4261 lequi-

107 4262 153 4317 bat
180 4262 449 4334 subsannabatque.
474 4265 622 4322 Exstincto
650 4266 739 4335 igitur
766 4265 837 4321 Petri
856 4265 957 4320 Leonis
972 4256 996 4311 D
1012 4273 1070 4322 tur.

105 4333 273 4401 schismate,
294 4347 373 4390 anuo
398 4336 476 4403 litii,
493 4346 613 4407 urgente
635 4335 813 4405 potissimum
830 4336 958 4391 Bernar-

106 4403 142 4457 do
165 4404 345 4461 claraevallis
369 4406 481 4474 abbate,
507 4407 660 4462 concilium
692 4407 811 4463 Senouis
833 4407 957 4463 celebra·

107 4483 169 4529 tum
187 4483 231 4531 est
252 4476 283 4530 iu
306 4488 396 4532 causa
417 4478 492 4533 Petri
515 4478 668 4543 Abalardi,
685 4479 735 4549 qui
750 4492 846 4533 eoram
863 4478 957 4534 anelii·

105 4546 242 4615 episcopo
265 4546 421 4604 Senouensi
443 4549 479 4604 ab
515 4549 688 4605 adversariis
714 4551 776 4605 suis
798 4557 958 4605 conventus

105 4630 138 4671 ac
154 4616 236 4697 velut
251 4616 396 4675 haereseon
412 4628 537 4676 assertor
554 4620 660 4690 passim
671 4618 848 4689 diliainatus,
861 4621 958 4690 ipsum

104 4695 275 4769 rogarit-iat
286 4703 369 4745 suam
384 4699 543 4761 exponeret
557 4692 717 4747 doctrinam
731 4699 759 4746 et
777 4692 814 4747 ab
830 4692 957 4748 bostium

102 4760 262 4814 calumniis
275 4769 304 4815 ot
321 4760 532 4829 obiectionibus
545 4762 694 4818 vindicare
712 4764 741 4817 in
758 4764 873 4831 publico
888 4778 957 4818 eon-

103 4844 187 4885 sessu
209 4830 265 4885 sibl
290 4832 394 4887 liceret.
426 4834 467 4889 dd
502 4833 645 4903 synodum
675 4834 839 4890 Bernartius
867 4834 958 4891 abbas

102 4900 336 4957 claraevallensis
360 4903 501 4961 inritatus
524 4906 653 4972 accessit,
684 4912 716 4961 ut
742 4905 885 4961 dbaelarili
913 4918 957 4961 er-

103 4985 185 5027 rores
207 4971 378 5051 conlutaret.
407 4974 520 5032 Statura
542 4976 589 5031 die
615 4975 733 5032 adiuero
764 4976 902 5046 praesules
928 4983 957 5033 et

100 5044 159 5098 viri
180 5042 319 5099 ordinum
345 5048 475 5103 omnium
501 5046 607 5102 eruditi
630 5046 868 5118 celeberrimique
891 5062 957 5103 can-

101 5126 224 5183 grcssus
246 5117 325 5170 testis
347 5116 465 5175 tuturus
482 5117 646 5173 ludovicus
673 5119 731 5177 l'll.
750 5118 957 5175 christianissi-

102 5199 169 5239 mus
188 5185 425 5266 rex.·ilbzelarda
452 5196 546 5245 stante
566 5202 664 5245 cerain
692 5190 818 5258 syuodo,
845 5190 956 5260 prelata

100 5264 172 5311 sunt
197 5256 328 5325 capitula
349 5272 386 5314 ex
413 5260 504 5330 ipsius
524 5259 606 5316 libris
624 5268 774 5331 execrpla;
796 5276 863 5332 aare
885 5262 955 5317 dum

100 5326 284 5407 legerentur,
308 5330 428 5386 coucilia
449 5344 480 5387 sa
503 5331 681 5388 subduxisse
708 5333 825 5399 dieitur,
854 5333 955 5388 liema-

100 5412 172 5481 num
184 5397 352 5479 poratilicem
365 5402 513 5472 appellans
528 5418 535 5459 :
551 5403 628 5473 quod
644 5401 812 5460 incredibile
828 5403 954 5460 videtur.

99 5469 262 5551 seditroms
281 5470 428 5541 popularis
451 5482 530 5531 metu
553 5478 650 5544 ipsum
671 5474 830 5545 appellasse
855 5474 955 5532 scribit

98 5538 164 5597 Otto
185 5540 284 5597 Frisiu
323 5542 392 5611 usis,
411 5544 489 5616 qood
509 5558 699 5677 neffiuaqaam
722 5546 876 5603 verisimile
889 5551 952 5603 est:

98 5624 166 5670 cam
187 5624 261 5685 rege
307 5612 453 5687 siliarum,
476 5616 552 5675 ibeo
573 5617 638 5676 aliie
664 5617 776 5688 comite,
801 5616 952 5690 plurimis-

1048 4338 1208 4393 liamnalus
1232 4334 1347 4404 iterum,
1375 4348 1452 4391 anuo
1482 4334 1550 4390 ιι-ιι)
1580 4333 1609 4388 ιι
1630 4331 1752 4390 concilio
1773 4329 1862 4389 Seno·

1012 4408 1094 4463 uensi
1123 4408 1223 4464 Petrus
1257 4408 1437 4467 abaelardus.
1477 4404 1667 4476 appellatione
1696 4404 1733 4461 ad
1761 4402 1862 4460 &dem

1012 4477 1196 4548 apostolicam
1231 4478 1416 4548 interposita,
1448 4478 1566 4533 Romam
1600 4476 1788 4557 prolecturus
1811 4485 1863 4544 per

1012 4550 1184 4607 Cluniacum
1201 4550 1324 4615 transiit,
1343 4550 1394 4605 ubi
1417 4556 1477 4604 tam
1501 4546 1618 4604 lortuito
1645 4546 1735 4602 abbas
1757 4544 1861 4601 cumr·

1012 4622 1116 4678 ciensis
1135 4635 1201 4676 eum
1225 4622 1307 4677 Petro
1331 4618 1496 4677 Venerabili
1511 4619 1637 4675 advenit.
1663 4617 1725 4672 lllic
1740 4627 1815 4687 ¹erpo
1828 4614 1865 4671 ile

1013 4706 1082 4762 paee
1107 4691 1181 4747 iuter
1200 4691 1378 4748 bernardum
1401 4692 1535 4747 abbatem
1556 4686 1734 4745 claravallis
1758 4698 1793 4743 ac
1812 4686 1865 4742 Pe·

1013 4772 1090 4819 trum
1105 4763 1289 4819 abaelardum
1307 4761 1657 4832 actumcstprocuraada.
1677 4758 1865 4829 llisergotsr·

1012 4835 1147 4903 gentibus
1161 4834 1289 4900 arbitris,
1306 4836 1406 4891 Petrus
1416 4834 1445 4888 io
1460 4832 1643 4889 concordiam
1658 4842 1725 4887 cuin
1741 4828 1864 4887 Bernar-

1011 4907 1047 4961 do
1059 4905 1151 4973 rediit,
1163 4907 1215 4976 qui
1231 4907 1367 4976 quamvis
1379 4903 1465 4961 mmet
1478 4912 1567 4975 atque
1576 4903 1681 4959 iterum
1697 4901 1726 4957 iu
1736 4897 1866 4983 eouclliis

1012 4977 1151 5033 hereseos
1173 4977 1338 5044 damnatus,
1363 4974 1448 5032 bilari
1467 4981 1565 5030 tamen
1581 4973 1680 5030 animo
1699 4985 1733 5028 ac
1753 4970 1866 5029 iubenti

1012 5048 1041 5103 iu
1066 5047 1254 5104 Cluniaoense
1278 5047 1441 5104 cianobium
1472 5044 1617 5101 admissus
1640 5045 1676 5101 ad
1700 5042 1866 5100 societatem

1010 5126 1062 5174 est.
1080 5119 1175 5190 liujus
1191 5120 1228 5177 rei
1257 5127 1354 5175 testem
1385 5120 1499 5173 Petrum
1525 5117 1619 5185 ipsum
1644 5113 1866 5172 Cluniaeeusem

1010 5190 1143 5247 abbatom
1170 5191 1199 5247 in
1224 5190 1344 5261 epistola
1367 5190 1403 5245 ad
1429 5188 1628 5243 innocentium
1648 5188 1685 5249 ll,
1708 5198 1759 5254 pro
1784 5184 1867 5241 Petro

1010 5263 1161 5318 abaelardo
1177 5261 1278 5324 relero,
1300 5260 1385 5331 cujus
1407 5259 1453 5315 liic
1471 5266 1553 5315 tenor
1576 5266 1641 5314 est:
1661 5259 1795 5325 napata
1814 5258 1864 5312 Pe·

1009 5338 1080 5394 trus,
1098 5335 1240 5401 sapientiae
1257 5338 1360 5401 cestra,
1384 5339 1414 5386 ut
1427 5330 1516 5397 credo,
1541 5332 1642 5400 optimc
1664 5334 1755 5397 notus,
1775 5340 1866 5400 nuper

1008 5421 1027 5459 a
1055 5406 1173 5458 Frartcia
1192 5408 1304 5458 cerateas
1334 5420 1385 5474 per
1417 5404 1576 5459 Glaiiiocum
1604 5402 1755 5455 transitum
1783 5400 1863 5471 [ecit.

1009 5474 1189 5541 Quaesicimus
1213 5490 1267 5545 pito
1290 5476 1428 5541 testamen
1452 5478 1599 5542 praeatum
1622 5486 1651 5526 sc
1672 5474 1866 5531 uexationibus

1009 5546 1189 5613 quorumdam
1208 5549 1256 5617 qui
1269 5546 1335 5613 sibi,
1350 5546 1424 5613 qaoit
1441 5544 1521 5601 valde
1543 5542 1718 5612 abdomini,
1738 5543 1862 5607 &refici

1009 5633 1105 5674 nomen
1118 5617 1303 5693 imponebant,
1331 5618 1502 5689 Maiestatem
1522 5614 1700 5691 apostolicam
1720 5630 1751 5675 se
1763 5616 1860 5699 appet-
