3804 5962
138 145 190 222 apt
455 156 560 213 PETRI
578 155 767 212 ABAELARDI
786 155 860 211 OPP.
882 155 972 210 l’llllS
991 156 1027 210 ll.
1045 156 1228 214 SERMONES
1248 159 1290 213 ET
1309 159 1427 216 ttt'b'st.
1448 162 1565 216 ascet.
1830 169 1883 220 tob

136 291 172 350 sit
187 287 355 352 translatus,
380 282 453 340 sicut
472 279 688 338 Ecclesiasticus
710 292 828 350 quoque
853 279 981 335 meminit
997 287 1020 336 a
1036 283 1186 353 quaeritur.
1203 285 1295 354 ipsam
1313 285 1581 357 quippejustitiaiu,
1597 289 1682 360 enjus
1697 291 1751 345 lioc
1764 292 1882 362 signnm

137 380 229 449 (ιιιιι,
254 376 308 448 ιι),
329 382 356 431 ιι
375 371 501 430 Isidorus
519 373 556 425 lle
569 375 631 424 ortu
652 374 676 423 et
696 367 770 422 obitu
790 369 902 423 Putrem
925 366 980 438 (80)
1035 386 1096 429 esse
1110 373 1260 442 Apostolus
1284 375 1335 443 eit,
1359 389 1442 445 aeque
1458 375 1486 430 in
1507 379 1626 444 caeteris,
1652 387 1684 434 ut
1704 380 1882 447 dictumest,

136 468 182 526 liis
210 465 310 523 asserit
346 460 464 518 verbis:
496 458 611 514 llenocli
646 457 752 514 meruit
780 456 809 512 in
837 470 904 512 euin
937 456 980 513 lo·
1035 460 1110 517 sieut
1136 462 1163 515 in
1184 461 1341 522 Abraham.
1369 465 1745 532 constatexstitissetltcm.
1772 470 1880 537 iv,3):

134 571 202 617 eum
223 550 382 618 {transferri
413 549 520 615 virens,
555 547 632 603 unde
662 545 756 603 lueret
789 547 980 615 protoplastus
1033 558 1204 606 nontamen
1235 551 1272 606 ad
1305 550 1358 607 lion
1384 551 1500 624 siguum
1536 567 1584 609 cos
1608 557 1779 624 constringit
1808 570 1881 624 prae.

135 643 285 718 expulsus,
324 640 354 695 in
386 634 661 693 consummationem
697 635 798 690 mundi
827 634 980 690 restituens
1033 645 1158 707 ceptum,
1181 636 1229 694 sed
1251 638 1355 706 solum,
1379 651 1411 696 ιιι
1433 641 1571 707 diximus,
1587 641 1734 698 Abraham
1750 658 1816 700 cnm
1833 658 1881 700 se-

134 749 201 793 oum
228 732 290 789 illia
316 726 445 785 mortalis
473 723 539 780 vite
575 722 776 780 conditionem.
803 722 886 783 itlius
911 736 979 779 vero
1034 725 1189 793 minesuo,
1211 726 1253 782 vel
1272 727 1308 782 ed
1332 729 1633 797 possessionemsuem
1660 734 1878 801 pertinentibus.

132 837 199 881 oum
214 828 273 879 tote
287 819 370 876 domo
384 829 449 881 sua,
473 813 501 870 id
516 822 557 870 est
572 812 673 882 Noe,a
696 811 809 869 diluvio
829 811 976 879 liberatus,
1033 814 1106 870 ilinc
1127 817 1202 871 enim
1225 816 1364 886 seriptum
1386 827 1437 884 est,
1468 818 1588 875 Domino
1607 820 1644 875 ad
1669 820 1815 878 Abraham
1840 822 1880 877 di·

130 913 161 970 in
175 907 364 970 seminarium
386 905 507 961 humani
530 903 642 974 generis
663 901 740 958 solus
763 901 904 957 reservari
921 913 977 956 me·
1031 912 1131 959 cente:
1150 905 1277 960 Statuam
1296 910 1407 974 quactum
1429 921 1517 961 meum
1538 910 1610 962 inter
1630 924 1681 977 me,
1700 918 1765 976 etc,
1787 915 1813 965 et
1833 916 1880 964 in-

129 999 268 1060 tuition
284 992 530 1068 quoquegeniitis
549 991 696 1057 sauctitas,
714 1003 800 1061 quem
817 988 900 1060 longe
916 995 978 1060 post
1033 995 1073 1046 ter
1088 1006 1177 1047 semea
1198 998 1274 1049 tuum
1291 1000 1353 1063 post
1378 1001 1402 1050 te
1422 999 1451 1050 tn
1474 997 1692 1065 penei-attonitus
1709 1003 1767 1054 suis
1780 1000 1882 1066 tedere

129 1089 278 1148 Abraham
307 1089 416 1142 constat
432 1080 584 1147 exstitisse,
612 1079 684 1135 adeo
719 1077 867 1134 llominico
895 1077 977 1134 testi·
1030 1082 1207 1148 sempitrnum
1225 1086 1256 1135 ut
1275 1084 1328 1137 sim
1344 1086 1414 1138 Deus
1436 1088 1509 1152 tuus,
1530 1090 1556 1140 et
1576 1089 1686 1141 seminis
1701 1090 1743 1143 tui
1763 1093 1824 1156 post
1843 1095 1878 1142 te.

127 1176 224 1237 monio
249 1172 478 1236 commendatur,
506 1176 538 1226 ut
562 1167 676 1224 nonsit
703 1167 729 1223 ei
756 1169 798 1221 vir
825 1165 927 1222 similis
946 1165 975 1222 in
1032 1167 1158 1236 Dotoque
1188 1171 1239 1223 tibi
1266 1175 1290 1225 ct
1313 1174 1410 1226 semini
1443 1178 1488 1227 tuo
1523 1179 1624 1229 terram
1650 1180 1879 1243 percunctationis

127 1265 333 1337 torcellani,
356 1264 393 1329 8),
415 1258 602 1315 nimirumeo
627 1255 976 1327 temporequomuttide
1033 1257 1201 1327 circuitiones.
1225 1273 1291 1327 xiii,
1311 1261 1348 1331 ι).
1369 1261 1405 1317 Et
1427 1275 1553 1319 rursus:
1587 1266 1622 1320 dt
1645 1270 1674 1318 tu
1701 1281 1764 1332 erqo
1791 1273 1879 1321 custa-

128 1353 334 1412 illiislllitaltae
346 1354 406 1423 jam
421 1345 584 1405 circumcisi
604 1354 783 1415 supererant.
806 1343 898 1407 Quem
912 1344 976 1414 qni·
1032 1345 1090 1400 dics
1109 1353 1222 1415 pactum
1243 1363 1341 1415 meum,
1368 1356 1394 1405 et
1419 1366 1506 1406 semen
1534 1357 1610 1407 tuum
1637 1359 1699 1422 pest
1723 1360 1748 1409 te
1772 1357 1802 1409 iii
1831 1372 1876 1423 pp.

127 1445 192 1502 dem
213 1444 260 1500 lex
285 1440 435 1506 naturalis,
460 1437 576 1494 sicutet
602 1431 836 1505 pterosqueatics
855 1432 975 1504 gentiles
1030 1438 1218 1491 curationibus
1265 1440 1333 1493 suis.
1380 1441 1436 1496 lloc
1473 1447 1523 1508 est,
1582 1444 1655 1513 quoii
1700 1445 1877 1501 obseruabitis

126 1533 226 1588 verius
242 1526 422 1601 J'ustiticavit,
444 1538 532 1596 quain
547 1524 661 1579 ludaeos
682 1521 790 1592 scripta
811 1521 917 1578 lecerit.
935 1521 1010 1611 lleB
1030 1526 1102 1578 inter·
1130 1540 1170 1578 me
1197 1531 1223 1579 et
1244 1541 1309 1593 aus,
1336 1533 1362 1582 et
1388 1543 1477 1582 semen
1500 1536 1575 1584 tuum
1587 1536 1650 1601 post
1673 1538 1706 1586 tc.
1728 1533 1877 1588 Circumci-

127 1620 256 1693 qualibet
279 1618 396 1689 quidem
418 1615 448 1671 iu
469 1616 568 1671 eadem
589 1611 719 1681 epistola,
744 1623 833 1680 supra
853 1624 974 1665 comme·
1030 1610 1110 1665 detur
1133 1628 1167 1666 cc
1199 1614 1275 1668 uobis
1302 1630 1379 1669 omae
1401 1619 1593 1684 masculinam,
1622 1625 1648 1673 et
1675 1620 1876 1674 circumcidetis

125 1722 244 1767 morans
263 1704 413 1778 llpostolus
427 1703 467 1759 ait
484 1717 490 1757 :
505 1703 565 1757 llari
577 1702 648 1755 enim
672 1700 809 1754 auditores
825 1700 890 1766 liqis
901 1700 974 1768 justi
1026 1714 1134 1754 curnem
1147 1703 1277 1770 praeputii
1290 1708 1393 1758 vestri:
1416 1711 1448 1759 ut
1461 1709 1500 1759 sit
1518 1710 1548 1760 iii
1561 1710 1672 1776 siquam
1698 1708 1811 1774 soederis
1829 1713 1875 1761 in-

123 1808 189 1854 sunt
203 1797 280 1867 opud
306 1799 402 1859 Deum,
427 1792 475 1847 sed
494 1792 612 1858 {actores
643 1791 710 1858 lepis
734 1789 970 1860 justificabuntur.
1028 1792 1128 1843 terme
1152 1795 1178 1843 et
1195 1805 1251 1845 eos.
1277 1791 1372 1863 Infans
1396 1799 1453 1848 octe
1476 1793 1582 1849 dierum
1613 1797 1821 1851 circumcidetur
1846 1799 1875 1850 iit

125 1888 191 1944 Cum
213 1889 283 1942 enim
304 1889 404 1954 pentes,
427 1895 487 1952 quie
511 1881 595 1948 teqem
618 1894 671 1933 non
695 1877 805 1945 deberit,
830 1879 972 1932 naturali·
1027 1878 1113 1943 uobis,
1147 1893 1224 1933 omne
1255 1882 1436 1936 masculinum
1456 1885 1487 1937 iit
1517 1886 1737 1952 aestuationibus
1765 1888 1873 1941 cestris.

126 1982 166 2032 ter
188 1992 220 2031 eo
242 1991 302 2046 quie
326 1975 393 2041 teqis
420 1975 484 2027 sunt
515 1971 633 2036 faciunt,
653 1967 788 2037 ejusmodi
811 1967 894 2034 liqem
919 1981 972 2020 iton
1028 1969 1097 2021 Titia
1127 1970 1288 2023 certioratus
1317 1985 1401 2039 quoin
1433 1971 1574 2041 emptitius
1601 1976 1820 2042 circumcidetur,
1851 1981 1876 2029 et

124 2064 250 2120 labmtes
269 2065 325 2134 ipsi
344 2063 398 2116 sibi
411 2064 475 2116 sunt
493 2060 547 2122 lea,
574 2061 623 2127 qui
643 2057 791 2111 ostendunt
812 2071 879 2124 opus
906 2054 972 2122 leqis
1027 2059 1244 2127 quieuitqiiciton
1260 2061 1348 2127 tuerit
1366 2060 1400 2116 de
1418 2067 1504 2130 stirpe
1519 2068 1629 2118 restra:
1649 2067 1753 2134 eritque
1766 2071 1877 2132 pactum

124 2158 258 2225 scriptum
274 2157 304 2207 in
328 2149 457 2207 cudibus
472 2147 541 2213 sut's,
564 2149 747 2202 testimonium
770 2145 827 2199 iltis
844 2143 973 2199 reddente
1026 2161 1114 2200 meum
1130 2148 1160 2200 in
1192 2163 1273 2202 curae
1299 2164 1359 2203 meo
1384 2151 1414 2203 in
1435 2151 1525 2217 sudus
1551 2158 1691 2207 eternum.
1721 2154 1872 2221 Masculus,

125 2241 286 2298 consciente
301 2244 423 2310 ipsarum
440 2239 526 2308 (Rom.
545 2251 575 2302 ιι,
599 2236 704 2305 tuti).
722 2235 757 2290 Et
773 2242 834 2303 post
849 2232 971 2303 aliique:
1026 2236 1105 2303 enjus
1130 2239 1261 2306 prancatii
1284 2252 1348 2292 coro
1375 2241 1536 2294 circumcisa
1561 2255 1615 2294 non
1647 2243 1745 2308 (uuit,
1776 2245 1877 2311 peribit

124 2332 265 2402 Sipiqitiir
290 2327 455 2400 preputium
482 2326 608 2396 justitias
632 2325 699 2390 teqts
719 2322 865 2389 custodiet,
886 2337 973 2376 uenite
1027 2328 1122 2378 animo
1150 2327 1200 2380 ilio
1225 2325 1259 2380 de
1283 2328 1385 2398 popule
1410 2331 1562 2398 seuquid
1588 2336 1700 2399 paetum
1728 2346 1816 2385 meum
1840 2335 1876 2386 ii.

121 2420 291 2491 praeputium
322 2418 398 2471 tilius
427 2419 455 2470 i'n
479 2414 710 2469 circumcisionem
739 2412 923 2481 cunctabitur,
947 2414 973 2464 et
1028 2415 1112 2467 ritum
1131 2417 1197 2481 fecit
1218 2414 1311 2485 (ibid,
1329 2417 1416 2487 944).
1434 2417 1470 2472 nt
1492 2427 1556 2488 post
1580 2420 1681 2491 aliqua
1698 2434 1704 2475 :
1720 2421 1875 2476 Sarauncr

118 2507 256 2578 judicabit
278 2504 351 2577 qued
374 2520 408 2559 ee
428 2510 529 2558 notura
552 2507 592 2556 est
614 2504 781 2573 preputium
808 2500 892 2566 then
913 2514 972 2554 coit·
1028 2507 1075 2557 tua
1096 2508 1185 2572 pariet
1204 2504 1255 2558 tibi
1277 2505 1375 2574 ditum,
1403 2507 1565 2575 vocabisque
1587 2523 1682 2563 ttamen
1708 2511 1767 2578 ejus
1782 2511 1872 2565 Isaac.

125 2610 265 2652 summotis
288 2601 323 2661 te,
338 2597 388 2664 qiii
408 2608 457 2663 per
477 2594 598 2646 litteram
619 2596 644 2644 et
660 2591 892 2645 circumcisionem
910 2604 971 2642 aar·
1027 2596 1062 2648 ni
1080 2595 1245 2648 constituam
1266 2598 1378 2664 poclum
1400 2610 1488 2650 meum
1506 2597 1551 2651 itti
1569 2600 1598 2651 in
1623 2599 1713 2663 fndus
1732 2603 1872 2669 sempter.

122 2689 167 2741 nie
179 2689 375 2755 prevaricator
390 2684 457 2750 leqts
473 2679 521 2736 es?
537 2681 597 2737 Non
614 2682 694 2745 enim,
712 2680 762 2748 qui
783 2680 812 2732 in
825 2681 971 2744 moitiseste
1026 2697 1102 2749 num,
1118 2687 1144 2736 et
1160 2685 1257 2738 semini
1277 2684 1337 2752 cius
1362 2690 1423 2754 post
1446 2701 1515 2740 etim.
1542 2685 1634 2756 Super
1648 2688 1752 2742 lsmoet
1770 2703 1874 2758 quoque

121 2774 236 2830 teitaus
249 2779 299 2840 est,
325 2787 408 2839 neque
423 2786 483 2841 qitae
505 2772 535 2824 in
549 2770 694 2836 manitesto
711 2772 751 2822 cst
772 2769 802 2822 in
825 2783 906 2823 carne
920 2769 972 2821 cir·
1026 2770 1158 2824 exaudiui
1174 2776 1207 2835 tc,
1234 2787 1291 2826 ecce
1315 2772 1469 2828 benedicam
1493 2778 1527 2839 ei,
1555 2780 1581 2829 et
1607 2775 1794 2846 multiplicabo
1814 2793 1872 2833 eum

122 2868 264 2930 eumcisio;
287 2861 336 2918 sed
354 2862 403 2931 qui
423 2864 453 2914 iii
480 2858 637 2914 abscondito
664 2856 776 2912 trudeus
798 2862 847 2923 cst,
867 2860 893 2911 et
916 2858 969 2911 ct'r-
987 2835 1113 2913 Coitae.
1135 2861 1414 2916 Pitctumoeromenm
1429 2868 1549 2917 statuam
1564 2864 1646 2920 Isaoc
1662 2866 1751 2932 (ibid,
1769 2870 1871 2922 itt-itu

122 2961 249 3016 concisio
269 2957 358 3013 cordis
387 2958 416 3011 iu
440 2956 553 3026 spirita,
581 2967 635 3008 nau
658 2953 751 3007 littera
772 2969 781 3008 .·
806 2951 883 3021 cujus
910 2953 969 3006 taus
1023 2946 1112 3014 Quem
1155 2947 1272 3019 quidem
1313 2950 1392 3005 isaac
1424 2951 1515 3007 solum
1550 2953 1585 3008 ad
1619 2967 1715 3011 semen
1747 2955 1872 3013 abrahe

120 3065 175 3105 iren
203 3065 237 3103 ea
266 3045 429 3114 bomiiiibns,
459 3043 508 3100 scd
533 3059 567 3099 ea
599 3045 653 3098 lieo
680 3046 719 3096 est
746 3041 833 3110 (ibici,
862 3041 967 3107 teet).
1025 3038 1177 3108 pertinere,
1202 3039 1384 3106 postmodum
1410 3040 1549 3097 llominus
1570 3050 1699 3111 patenter
1722 3043 1870 3111 indicavit,

120 3136 157 3191 Et
178 3147 296 3191 rursum
324 3132 531 3187 :Arbitramur
557 3131 630 3185 enim
660 3130 792 3184 hominem
817 3129 969 3199 justificari
1023 3125 1147 3182 dicens:
1174 3125 1246 3192 Quia
1270 3127 1300 3180 ιι
1325 3128 1408 3183 Ιιιαι
1430 3129 1572 3185 uocabitur
1597 3132 1648 3186 tibi
1675 3147 1763 3187 semen
1788 3136 1869 3197 (Gen.

117 3238 170 3297 per
200 3222 280 3293 fidem
310 3224 369 3276 sine
395 3220 521 3290 operibus
546 3221 623 3287 this.
649 3221 694 3275 An
718 3220 874 3273 tuitaeorum
901 3220 969 3272 Dius
1022 3229 1078 3279 ssi,
1099 3214 1151 3284 ιι).
1171 3213 1352 3286 textaquod
1375 3217 1460 3273 etiam
1488 3219 1580 3288 ipsum
1601 3221 1682 3277 lsaae
1704 3231 1787 3277 vocat
1808 3223 1871 3279 nni-

121 3309 249 3369 tuntum?
263 3325 350 3365 iioitue
369 3315 394 3364 et
410 3307 557 3377 peritiam?
573 3310 633 3364 Ima
648 3315 673 3363 et
687 3309 818 3373 peritiam.
836 3308 969 3373 Quoniam
1023 3302 1154 3374 genitum
1174 3303 1308 3371 Abranao,
1333 3305 1449 3362 dicens:
1472 3306 1542 3373 Quia
1561 3312 1652 3373 leonti
1674 3325 1731 3364 rem
1745 3311 1826 3378 taric,
1845 3318 1869 3366 it

33 3386 35 3391 ¹
120 3401 231 3474 quidem
254 3414 327 3454 unus
346 3404 387 3454 eit
409 3401 478 3453 Deus
504 3400 552 3468 qui
576 3398 714 3469 justificat
739 3396 968 3451 circumcisionem
1021 3407 1075 3447 non
1099 3397 1246 3462 pepercisti
1278 3395 1335 3463 titio
1360 3399 1405 3450 tuo
1438 3398 1586 3464 uiiiqeiiito,
1615 3407 1668 3454 etc.
1696 3398 1773 3468 (Gen.
1800 3415 1867 3463 xxti,

7 3474 14 3488 ⁸
120 3490 272 3561 candart
291 3490 457 3559 preputium
481 3487 624 3559 perfidem
649 3488 739 3554 (item
766 3499 806 3552 ιιι,
838 3485 883 3551 28,
910 3484 966 3555 att).
1024 3481 1076 3553 ti).
1102 3483 1218 3538 Constat
1246 3481 1345 3554 itaque
1372 3487 1516 3542 neminem
1542 3487 1770 3545 circumcisionis
1795 3504 1867 3559 prae·

119 3578 199 3649 Quod
225 3586 252 3636 et
279 3577 380 3634 beatus
411 3578 600 3647 lieronymus
630 3575 783 3645 diligenter
807 3576 966 3641 attendens,
1021 3580 1102 3641 cepto
1116 3572 1285 3643 constringi,
1302 3572 1356 3629 nisi
1378 3574 1522 3631 abranam
1547 3589 1614 3632 cunt
1636 3578 1868 3646 seminesuo,et

119 3675 147 3725 et
170 3667 273 3724 talium
293 3667 379 3723 vitam
405 3673 545 3737 tanquam
573 3663 630 3719 lieo
653 3673 797 3733 acceptam
822 3675 966 3718 commen·
1021 3659 1066 3716 ltis
1086 3660 1137 3730 qui
1154 3659 1189 3715 ad
1214 3659 1332 3717 demum
1357 3661 1401 3719 rel
1428 3663 1633 3732 possessionem
1655 3679 1754 3723 corum
1778 3670 1867 3735 perti-

118 3755 188 3814 dare
219 3770 276 3812 non
302 3762 422 3821 teritus,
449 3755 578 3824 quodam
600 3751 659 3808 loon
681 3752 845 3809 Metihaeum
876 3764 967 3822 expo-
1020 3755 1099 3804 nent.
1121 3747 1212 3818 tlujus
1237 3749 1354 3819 quidem
1378 3751 1604 3808 circumcisionis
1632 3767 1748 3810 causam
1777 3756 1868 3812 Denti-

118 3858 200 3914 nens,
220 3845 284 3900 ait:
312 3844 357 3899 litt
380 3857 414 3899 ee
427 3841 505 3913 quod
522 3840 614 3896 malus
638 3853 739 3896 servus
758 3853 848 3895 ausus
866 3848 908 3894 cst
927 3837 966 3892 di·
1022 3851 1212 3907 uusquequo
1236 3838 1417 3905 interserens,
1438 3842 1495 3895 ait:
1522 3842 1555 3896 ttt
1583 3844 1620 3897 sit
1633 3846 1663 3897 in
1686 3845 1797 3910 siquam
1819 3848 1867 3911 sie·

117 3934 300 3989 cerezdlelis
318 3931 366 3984 ubi
385 3945 439 3985 nort
459 3929 611 3992 seminasti,
633 3931 659 3981 et
682 3940 828 3994 eonprcqas
848 3925 895 3979 ubi
912 3940 966 3979 non
1023 3925 1183 3979 derisintcr
1206 3930 1288 3980 meet
1310 3942 1356 3982 uos
1377 3927 1454 3999 (Gen.
1483 3944 1551 3996 xvii,
1575 3931 1628 3999 ιι).
1653 3934 1694 3988 ilc
1718 3934 1740 3988 sl
1770 3944 1866 4003 aperte

116 4023 246 4092 sparsisti
270 4019 380 4090 illattb.
404 4032 476 4085 ιιι,
499 4019 556 4088 it),
579 4016 775 4087 intelligamus
794 4015 879 4070 etiam
897 4028 965 4085 gen·
1020 4014 1097 4070 dieat
1114 4030 1120 4068 :
1136 4014 1199 4070 Non
1216 4023 1249 4071 ut
1268 4029 1320 4071 ιιι
1339 4017 1410 4073 milti
1434 4016 1550 4075 ioederet
1572 4029 1659 4091 atque
1676 4021 1792 4094 iungat,
1818 4024 1865 4080 sed

117 4109 213 4165 tilium
244 4114 271 4163 et
298 4105 537 4178 philosophorum
575 4103 679 4158 bonam
716 4102 807 4157 vitam
839 4100 1218 4208 reciperenuttiederatos
1242 4104 1383 4161 ostendet.
1407 4105 1532 4162 Rullnns
1555 4111 1784 4180 quoque,juxta
1807 4108 1866 4167 Ori·

116 4196 218 4263 Deum,
236 4202 264 4251 et
281 4195 365 4250 aliter
384 4193 489 4250 nabere
509 4206 558 4248 eos
579 4190 733 4261 quljuste,
750 4189 834 4245 aliter
852 4193 965 4260 eosqui
1021 4206 1122 4264 genem
1145 4191 1302 4262 Epistulam
1322 4193 1404 4251 Pauli
1429 4195 1467 4250 att
1490 4198 1623 4253 Romanos
1645 4212 1802 4269 exponens,
1817 4214 1866 4255 oe·

116 4280 431 4355 injusteagunt,etad
455 4279 697 4351 comparationem
721 4278 852 4349 ejusqui
876 4287 965 4335 natu·
1020 4282 1165 4337 easionem
1190 4280 1279 4351 nujus
1316 4284 1449 4354 precepti
1478 4284 1513 4342 de
1545 4286 1762 4343 circumcisione
1801 4287 1865 4344 lacti

116 4372 170 4430 reli
188 4372 249 4444 lege
271 4371 388 4437 serviat,
415 4368 606 4426 condemnare
632 4382 681 4424 eos
702 4367 752 4438 qui
771 4375 907 4439 scriptam
927 4367 965 4424 le·
1019 4377 1077 4426 tem
1093 4369 1121 4424 ln
1144 4370 1197 4425 lioe
1215 4383 1303 4441 quein
1331 4371 1486 4429 incaeteris
1512 4374 1663 4446 diligenter
1686 4377 1865 4447 assignarent

116 4477 180 4534 gem
196 4461 344 4533 negligant
359 4461 424 4530 (81).
447 4459 563 4516 Constet
577 4472 646 4528 ergo
669 4457 696 4514 lu
718 4459 838 4527 antiquo
859 4455 964 4528 populo
1018 4456 1113 4513 verbis
1128 4455 1220 4528 ipsius
1244 4457 1324 4529 legis,
1349 4474 1415 4528 quie
1432 4471 1573 4532 praecepta
1599 4464 1663 4533 ejus
1678 4464 1712 4519 ad
1727 4464 1801 4519 solos
1814 4464 1864 4529 Ju-

114 4548 507 4624 equeincircumcisossicui
528 4545 962 4617 eteircnnicisosexddejusti-
1016 4544 1101 4614 daeos,
1134 4559 1200 4616 que
1230 4546 1265 4602 ad
1295 4562 1393 4603 omues
1416 4548 1588 4619 generaliter
1621 4551 1750 4608 homines
1779 4553 1864 4624 perti·

114 4639 210 4706 dcati3
227 4653 278 4695 nee
302 4636 423 4708 eosqui
449 4634 610 4693 circumcisi
634 4647 712 4703 stint,
743 4649 780 4691 ex
809 4633 962 4690 circumci-
1016 4641 1112 4690 neunt.
1137 4635 1341 4703 lliseutiumns,
1366 4637 1472 4707 iiiqnit,
1494 4648 1593 4696 utrum
1617 4641 1671 4698 hoc
1692 4642 1864 4700 mandatum

113 4729 192 4785 sicine
217 4729 279 4795 hoc,
303 4734 335 4783 ut
351 4724 422 4798 justi
446 4726 555 4792 fierent,
573 4732 718 4781 asmcutos
741 4738 812 4789 csse,
835 4722 884 4778 sed
899 4736 961 4776 nia·
1014 4721 1100 4778 etiam
1118 4736 1177 4790 eos,
1202 4723 1311 4794 quiex
1336 4727 1470 4797 gentibus
1493 4728 1684 4797 crediderant,
1713 4732 1860 4788 constrin-

113 4817 158 4890 gis
175 4830 212 4874 ex
238 4818 292 4874 lide
313 4831 361 4886 per
384 4815 575 4880 dilectionem,
592 4822 624 4870 nt
647 4813 687 4869 ait
711 4810 873 4883 Apostolus,
895 4824 960 4880 ope·
1014 4818 1072 4882 gni.
1094 4811 1252 4883 Nunquam
1270 4812 1334 4869 lectt
1356 4815 1502 4886 proselyti,
1526 4817 1554 4873 id
1577 4826 1620 4874 est
1641 4820 1760 4876 adtente
1780 4835 1861 4877 inen-

113 4915 196 4963 rante
211 4905 278 4978 (st).
297 4905 370 4970 Ouid
388 4905 477 4977 igitur
491 4917 586 4960 cataste
597 4902 683 4959 tuerit
694 4909 727 4957 ut
739 4902 792 4957 ιιιι
805 4900 960 4958 ciri-umel-
1013 4901 1138 4957 tionem:
1154 4900 1203 4958 scd
1225 4904 1413 4960 vernaculum
1434 4919 1549 4963 sertum
1566 4907 1612 4963 vel
1626 4910 1716 4978 pretio
1730 4918 1861 4980 emptum

113 4994 202 5051 sionis
215 4995 331 5064 signnm
352 4994 430 5051 solus
451 4994 598 5050 Abrabam
615 5005 681 5048 eum
703 4989 808 5046 semine
830 5004 893 5054 siin,
913 4989 959 5046 vel
1013 4988 1182 5046 circumcidi
1197 4990 1290 5060 jubet,
1319 5006 1377 5049 tion
1393 4993 1526 5051 liberum.
1550 4996 1768 5054 Perserutemur
1792 5013 1861 5070 ergo

27 5078 33 5087 '
112 5095 186 5153 quos
215 5081 376 5151 possidebat
395 5091 453 5138 tem
477 5081 510 5136 de
537 5081 706 5152 cognatione
733 5091 786 5135 suit
811 5092 900 5149 quain
924 5079 959 5135 de
1012 5079 1128 5134 leuitici
1152 5079 1265 5150 ligent:
1297 5081 1429 5151 Loquere,
1468 5083 1575 5154 inquit,
1610 5086 1676 5155 filiii
1706 5086 1802 5155 lsrael,
1836 5092 1862 5143 et

112 5170 280 5242 alienigenis
310 5185 347 5228 ex
368 5180 509 5243 precepto
533 5169 647 5228 Domini
675 5169 841 5239 susceperit,
857 5170 958 5226 tuerito
1012 5166 1087 5223 ilices
1100 5167 1192 5224 adeor
1209 5184 1216 5224 ι
1231 5169 1336 5226 Mulier
1355 5175 1381 5227 si
1401 5175 1508 5242 peperit
1527 5175 1689 5246 masculum,
1704 5182 1800 5232 cctam
1814 5176 1860 5232 die

33 5416 36 5421 .
147 5364 204 5441 (ιιι)
231 5364 301 5439 Cap.
331 5367 358 5421 ³.
387 5363 459 5426 Vide
488 5364 656 5440 raimingus
681 5373 703 5424 t.
734 5363 880 5430 dxxxiii,
894 5362 956 5438 [ool.
1059 5364 1105 5434 stt
1122 5364 1228 5424 Patrol.
1242 5373 1311 5424 tom.
1327 5367 1416 5436 llllltl,
1432 5366 1486 5425 col.
1506 5370 1565 5424 tet.

113 5440 173 5497 iti.
1058 5437 1339 5510 sitimusque.
