3804 5962
134 132 201 189 loeo

130 360 192 403 sam
206 345 353 410 lormaret,
382 343 589 399 attendendum
612 356 674 398 esse
693 343 832 413 precipit,
850 352 915 400 utra
931 343 976 399 lex

128 434 268 506 posterior
280 434 346 488 data
356 432 401 488 sit.
419 431 492 487 llam
500 438 655 500 postrema,
673 431 777 502 inquit,
792 446 977 504 quecunque

129 524 365 597 gravissimaest.
609 504 614 523 ¹

164 612 326 668 Crtmsrmu.
343 607 432 664 Miror
453 616 480 664 te
494 608 530 664 ab
556 608 601 664 bis
625 623 691 679 quae
718 608 748 663 in
776 609 895 665 exordio
911 624 974 680 pro-

128 701 220 758 lessus
247 713 287 764 es,
313 697 352 754 ita
386 698 570 768 impudenter
598 697 758 754 dissonare.
794 697 866 754 Cum
898 700 976 754 enim

128 787 322 860 praemisisses,
349 794 376 843 te
402 786 640 857 inquisitionibus
657 787 731 847 ,tuis
756 788 894 855 reperisse
921 788 975 844 lu-

126 878 210 949 daeos
227 876 338 942 stultos,
366 875 543 931 Christianos
572 875 699 942 insanos,
725 875 908 944 postmodum
931 876 973 931 di-

125 967 204 1024 xeris
219 974 245 1022 te
259 980 317 1021 non
333 950 368 1020 ad
391 965 631 1020 concertationem
655 965 836 1032 contendere,
861 965 910 1021 sed
939 965 975 1022 ad

128 1056 332 1126 inquirendam
348 1054 499 1109 veritatem
520 1052 659 1120 conterre,
681 1065 741 1123 qua
760 1052 871 1108 ratione
894 1065 976 1107 nunc

127 1144 164 1201 ab
181 1145 234 1211 bis,
260 1158 333 1215 quos
351 1145 438 1198 etiam
464 1142 581 1196 insanos
608 1141 748 1211 reperisti,
765 1140 880 1197 tandem
900 1139 973 1196 reri·

126 1241 194 1290 tatts
208 1233 368 1289 doctrinam
384 1238 546 1302 exspectes.
567 1229 707 1300 Numquid
720 1231 779 1299 jum
794 1237 856 1299 post
872 1228 974 1300 inqui-

125 1322 242 1378 sitiones
257 1329 323 1378 tuas
339 1335 439 1378 eorum
453 1319 597 1376 insaniam
625 1317 777 1375 arbitraris
804 1331 926 1387 cessare,
943 1324 974 1373 ut

122 1412 185 1484 jam
200 1411 236 1466 ad
255 1410 446 1467 eruditionem
467 1417 547 1465 tuam
573 1409 681 1477 possint
696 1405 839 1463 sulticere.
856 1405 937 1463 Certe
950 1406 973 1460 si

125 1501 294 1558 Cbrtstiauae
315 1499 379 1554 lidei
393 1508 499 1554 sectam
527 1496 677 1552 arbitraris
707 1495 863 1561 insaniam,
879 1503 906 1550 et
922 1509 971 1550 eos

126 1589 178 1660 qui
195 1591 269 1644 banc
283 1594 429 1643 sectantur
446 1586 565 1655 deputas
582 1586 707 1653 insanos
730 1584 808 1651 vide,
824 1592 856 1639 tu
877 1583 970 1654 pbilo-

125 1678 242 1746 sopbus,
259 1677 293 1732 de
308 1675 432 1732 summis
445 1673 502 1729 illis
520 1672 686 1731 Graecorum
708 1671 884 1743 pbilosophis
899 1671 971 1742 quid

398 128 501 185 estut
519 127 705 188 ABAELlell
724 127 800 186 ΟΡΡ.
820 128 911 187 Patts
927 128 975 184 lil.
992 157 1026 169 -
1040 128 1261 191 rasolootct
1278 131 1323 190 ιιι·
1339 131 1605 191 rffltosortttca.

131 257 255 328 ligenter
268 254 454 311 considerans
468 268 535 309 eum
551 254 586 310 de
609 252 761 310 contrariis
781 253 892 325 legibus
907 267 976 310 cau·
991 255 1014 309 tt
1031 255 1157 312 maxime
1185 264 1228 313 est
1250 256 1465 326 confidendum,
1497 257 1520 314 si
1561 254 1698 314 moderni
1725 256 1873 327 scriptores

1820 136 1874 191 liii

1031 359 1147 415 aequare
1162 345 1286 415 ingeniis
1298 346 1434 417 antiquos
1450 345 1673 416 potuerintscd
1690 346 1765 418 quid
1782 347 1806 404 si
1817 346 1876 404 torte

1032 435 1108 503 ipsos
1130 435 1215 490 etiam
1254 434 1339 506 longe
1365 435 1565 492 transcendere
1604 436 1790 506 sperandum
1816 437 1875 493 esti

1030 521 1111 589 Quod
1131 522 1257 593 profecto
1296 523 1332 580 de
1365 523 1538 594 legislatore,
1577 523 1727 582 videlicet·
1759 522 1873 591 Christo,

1030 624 1116 681 quem
1138 612 1229 680 ipsam
1247 611 1297 668 [tei
1311 611 1481 682 sapientiam
1502 612 1608 682 dicitis,
1619 626 1817 684 nequaquam
1831 613 1875 669 du·

1029 699 1136 756 bitatis.
1152 701 1192 756 De
1217 714 1277 771 quo
1291 700 1378 756 etiam
1403 700 1454 757 lob
1476 708 1609 758 nostrum
1635 710 1728 758 antea
1747 702 1874 760 cecinisse

1030 787 1176 843 asseritis:
1202 790 1268 843 Ecce
1282 792 1353 843 Deos
1369 791 1399 844 itt
1423 789 1586 856 fortitudine
1599 805 1661 856 aaa,
1689 794 1716 846 et
1741 790 1836 845 nauus
1855 794 1874 845 ei

1029 877 1127 953 similit
1152 879 1182 931 itt
1209 877 1411 946 legislatoribus
1437 879 1507 947 (lob.
1536 891 1640 947 xxxvi,
1672 878 1731 950 ιι).
1747 877 1873 951 Cujnset

1029 966 1183 1035 Apostolus
1208 974 1302 1023 vester
1326 965 1482 1037 preferens
1508 967 1684 1036 doctrinam,
1718 973 1749 1025 et
1783 967 1874 1038 prima

1029 1053 1101 1125 legis
1112 1054 1354 1126 impertectionem
1383 1054 1533 1113 manifeste
1552 1056 1704 1127 profitens,
1735 1054 1779 1112 ait
1795 1070 1802 1111 :
1816 1056 1873 1111 ilat

1030 1144 1124 1210 liseria
1152 1145 1300 1214 multisque
1324 1145 1412 1200 modis
1440 1147 1510 1200 Deae
1534 1146 1599 1201 olim
1626 1146 1743 1215 loquens
1756 1145 1871 1215 putribili

1029 1234 1058 1286 in
1091 1234 1243 1304 prophetis,
1272 1235 1418 1289 nouissime
1441 1232 1536 1289 diebus
1548 1234 1610 1288 istie
1623 1235 1732 1289 locutus
1748 1239 1790 1288 eat
1806 1233 1870 1289 nebit

1028 1325 1058 1375 itt
1073 1323 1152 1389 Filio,
1168 1330 1222 1379 etc.
1243 1321 1336 1394 (liebr.
1353 1339 1372 1389 r,
1399 1322 1435 1393 ι).
1460 1323 1492 1378 Et
1509 1322 1614 1378 ilerum
1636 1321 1717 1379 idem
1748 1320 1869 1378 intrarit

1027 1411 1135 1466 veteris
1148 1414 1177 1467 et
1191 1425 1274 1466 novae
1295 1411 1365 1482 legis
1381 1411 1553 1467 discretione
1571 1410 1726 1466 indicans:
1743 1410 1867 1479 neptale

1029 1499 1067 1551 tio
1085 1498 1191 1569 inquit,
1206 1502 1238 1569 fit
1263 1499 1441 1568 precedentis
1461 1498 1588 1553 mandati
1617 1502 1736 1569 propter
1763 1499 1866 1569 infirmi

1029 1593 1110 1642 tatem
1125 1588 1184 1658 cius
1209 1593 1235 1642 et
1249 1589 1440 1645 inutilitatem,
1469 1587 1546 1642 Niltil
1566 1590 1638 1642 enim
1658 1588 1699 1642 od
1726 1589 1866 1658 persectari

1028 1675 1147 1731 adducit
1160 1676 1213 1732 lea.
1238 1678 1407 1733 introductio
1430 1693 1491 1732 uero
1515 1678 1634 1732 meliores
1647 1678 1721 1747 spei,
1735 1691 1788 1748 per
1800 1693 1866 1744 qaue

125 1765 326 1823 estimandum
349 1764 396 1832 sit,
413 1764 464 1834 qui
492 1763 540 1818 illa
567 1763 630 1818 rudi
657 1768 685 1817 et
702 1762 811 1818 inculta
840 1762 970 1817 virorum
1023 1767 1211 1834 proximamus
1226 1766 1356 1821 addeum
1373 1766 1465 1838 (liebr.
1482 1781 1533 1833 ιιι,
1550 1768 1592 1833 l8,
1612 1767 1668 1834 ιιι).

123 1854 299 1925 simplicium
317 1852 531 1925 praedicatione,
562 1851 590 1907 id
611 1859 654 1906 est
681 1850 886 1920 apostolorum,
907 1863 972 1905 om-

124 1958 175 2000 nes
190 1944 225 2000 ad
243 1945 317 2000 banc
331 1941 462 1997 conversi
477 1939 542 1995 lacti
555 1947 623 1995 sunt
644 1939 831 1995 insanissimi.
851 1939 884 1993 lu
903 1944 971 1994 tan·

124 2039 265 2089 tumuere
281 2031 356 2102 apud
372 2033 483 2089 Graecos
499 2029 558 2085 btec
577 2036 685 2095 nostra,
706 2034 739 2083 ut
760 2027 841 2096 dicis,
858 2027 971 2083 insania

122 2120 252 2176 radicata
265 2129 308 2175 est
335 2118 559 2184 etcunlirmate,
578 2124 610 2172 ut
640 2115 681 2172 ibi
710 2123 769 2172 tam
801 2115 972 2187 evangelica

15 2255 20 2263 .
123 2222 213 2280 quam
228 2208 384 2278 apostolica
399 2207 530 2263 doctrina
545 2207 707 2275 conscripta
730 2219 763 2260 ac
789 2205 970 2275 postmodum

123 2311 232 2367 magua
260 2296 304 2367 (to
337 2295 381 2365 ll.)
417 2295 538 2351 concilia
571 2293 723 2360 celebrata,
762 2307 875 2349 omnem
905 2293 971 2349 inde

123 2387 266 2441 mundum
294 2383 445 2454 repleverit
470 2391 497 2439 et
527 2383 678 2439 universas
708 2382 830 2438 haereses
855 2395 970 2452 repres-

124 2473 204 2530 serit.

159 2561 270 2616 Partus.
308 2560 528 2631 Nonnunquam
566 2549 703 2616 conviciis
730 2566 758 2617 et
790 2558 971 2629 improperiis

122 2648 237 2706 facilius
256 2648 386 2705 homines
410 2655 603 2719 provocantur
631 2661 720 2719 quam
749 2646 970 2717 supplicationi-

121 2738 178 2797 bus
191 2747 218 2796 et
233 2738 481 2795 obsecrationibus
507 2737 663 2793 ilectuntur
687 2744 716 2793 et
741 2736 795 2807 qui
808 2737 849 2792 sic
865 2751 969 2807 provo-

1062 1854 1222 1912 Cttmsrtttrt.
1242 1854 1322 1913 Certe
1338 1864 1370 1912 ut
1387 1856 1470 1912 video
1494 1870 1551 1911 non
1569 1862 1595 1911 te
1619 1855 1792 1927 ignorantia
1814 1854 1866 1911 lidel

1026 1951 1141 2011 nostrae,
1155 1944 1203 2000 sed
1220 1947 1312 2016 magis
1328 1953 1385 2002 tua
1414 1944 1592 2001 infidelitatis
1619 1944 1780 2002 obstinatio
1802 1944 1866 2000 dam
1883 2006 1888 2017 ‚

1027 2039 1088 2088 nat.
1109 2032 1168 2097 Qui
1189 2040 1217 2089 et
1243 2043 1349 2091 nostrae
1377 2032 1449 2106 legis
1473 2032 1682 2104 perlectionem
1704 2048 1738 2091 ex
1764 2034 1865 2104 scriptia

1026 2119 1119 2191 ipsius
1135 2121 1259 2178 didicisti
1275 2129 1302 2178 et
1326 2121 1433 2190 adbuc,
1464 2121 1541 2191 quod
1563 2122 1712 2192 sequaris,
1746 2122 1865 2194 inquirit

1027 2209 1112 2281 quasi
1139 2210 1296 2280 perlectum
1321 2210 1361 2268 ibi
1381 2218 1408 2267 et
1431 2211 1565 2268 omnibus
1594 2211 1661 2267 aliis
1688 2211 1864 2268 excellentius
1894 2270 1895 2275 ,

1026 2312 1084 2353 ιιοιι
1101 2298 1208 2355 babeas
1231 2299 1435 2356 documentum
1467 2298 1621 2369 virtutum,
1641 2313 1721 2370 quas
1736 2299 1772 2356 ad
1786 2301 1864 2356 beati·

1027 2387 1156 2443 tudinem
1168 2386 1299 2445 sulficere
1314 2388 1482 2445 nullatenus
1492 2388 1620 2457 dubitas,
1631 2389 1669 2445 de
1683 2403 1746 2460 qua
1761 2389 1863 2460 quiden
1893 2380 1896 2385 “

1025 2475 1207 2546 permotione,
1224 2490 1289 2546 quae
1313 2475 1442 2540 deerant.
1470 2478 1497 2533 id
1530 2485 1572 2534 est
1600 2478 1694 2535 reteri
1727 2493 1781 2536 sno
1807 2492 1865 2535 corn

1025 2562 1130 2633 plente,
1146 2577 1213 2619 cunt
1241 2564 1300 2634 ipse
1324 2565 1465 2622 Dominus
1487 2567 1599 2623 Novum
1627 2566 1759 2624 traderet
1780 2567 1862 2624 Testa·

1024 2662 1166 2719 mentum,
1189 2653 1285 2708 statim
1311 2666 1435 2711 exorsus
1454 2653 1603 2725 discipulis
1623 2655 1687 2711 ait:
1712 2657 1774 2712 Nisi
1791 2657 1862 2712 olea

1024 2740 1131 2796 daverit
1139 2741 1254 2810 justitio
1265 2747 1366 2811 vestro,
1380 2752 1433 2799 eto.
1452 2743 1560 2811 (llottb.
1585 2758 1617 2811 v,
1632 2745 1693 2817 ιθ).
1722 2745 1761 2803 Et
1771 2746 1856 2803 statim
1891 2744 1894 2817 l

123 2831 239 2894 cantur,
269 2827 430 2885 studiosius
454 2835 591 2898 satagunt
618 2826 653 2882 de
675 2838 775 2897 pugna
803 2838 893 2897 quam
917 2824 967 2896 qui
984 2848 1006 2907 c
1025 2844 1076 2900 por
1094 2830 1212 2902 singula
1232 2831 1277 2903 (to
1292 2832 1334 2901 ll.)
1350 2831 1517 2905 novaelegis
1533 2831 1749 2891 abundantiam
1776 2848 1858 2905 prose
1891 2846 1893 2887 t

121 2923 255 2984 orantur,
268 2923 422 2972 moventur
436 2929 473 2971 ex
487 2915 592 2986 gratia.

157 3004 322 3063 Camertes.
349 3005 557 3075 lgnoscendum
581 3003 632 3059 tibi
659 3009 711 3070 est,
736 3001 761 3058 si
792 3001 848 3058 bac
871 3001 968 3057 inteu-

121 3093 198 3150 tione
213 3096 266 3151 boc
280 3094 373 3165 egisti.
384 3094 408 3149 N
413 3107 469 3148 unc
484 3106 551 3149 vero
566 3106 602 3147 ne
619 3106 655 3146 ert
669 3091 829 3147 dillldentia
839 3103 967 3161 pugnam

10 3198 14 3205 ·
121 3183 199 3239 banc
223 3183 338 3239 dillerre
362 3182 472 3248 videar,
489 3190 547 3236 tam
575 3180 646 3236 milri
661 3193 750 3251 quam
774 3179 824 3235 tibi
841 3179 969 3235 orandus

120 3279 172 3340 est,
190 3273 307 3343 utquid
324 3271 376 3326 tibi
391 3270 591 3340 quaerendum,
603 3268 673 3340 quid
697 3268 767 3323 milri
791 3268 968 3337 responden-

121 3361 250 3428 dumsit,
271 3360 330 3429 ipse
348 3360 488 3415 Dominus
504 3359 632 3428 inspiret,
656 3357 708 3428 qui
724 3356 786 3413 vult
798 3370 897 3412 omnes
916 3357 966 3412 bo-

120 3448 211 3504 mines
239 3448 334 3503 salvos
359 3447 419 3502 lieri
441 3454 469 3502 et
496 3447 533 3503 ad
562 3447 754 3518 cognitionem
784 3447 829 3502 sui
858 3445 965 3501 venire.

120 3536 205 3594 Nunc
224 3537 324 3608 igitur,
344 3535 486 3607 si'placet,
508 3550 574 3591 oum
591 3536 626 3591 ad
647 3534 849 3605 perlectionem
865 3541 968 3590 nostrae

120 3624 202 3698 legis,
219 3627 459 3696 tamevangelirae
488 3626 595 3681 scilicet
623 3639 712 3695 quam
736 3624 898 3694 apostolicae
917 3624 965 3679 do-

120 3716 221 3772 ctrinae
239 3714 277 3771 sis
299 3729 334 3770 ex
360 3714 456 3786 islam,
479 3714 555 3770 hanc
584 3714 708 3784 primum
731 3712 920 3784 inspiciamus
938 3718 965 3767 et

120 3818 187 3861 eum
216 3804 327 3860 caeteris
347 3802 531 3860 conteramus
558 3802 695 3858 omuibus
716 3802 864 3868 doctrinis,
884 3808 916 3858 ut
941 3800 966 3855 si

119 3893 196 3950 banc
224 3894 417 3964 initiisque
439 3891 611 3964 justificant,
629 3891 776 3961 praeceptis
799 3891 845 3946 vel
859 3890 965 3946 exbor·

118 3983 275 4039 tationibus
302 3981 500 4052 perfectiorem
521 3962 652 4047 videris,'
669 3994 733 4036 eam
761 3980 837 4036 sicut
853 3986 964 4049 oportet

119 4074 213 4144 magis
226 4073 325 4144 eligas.
342 4070 422 4139 Quod
437 4080 465 4127 ct
486 4084 576 4141 supra
596 4077 735 4126 memorat
758 4071 855 4125 rbetur
870 4075 964 4124 vester

1024 2927 1119 2988 cutus,
1150 2933 1215 2990 quat
1243 2920 1345 2977 morali
1382 2921 1499 2979 deerant
1527 2921 1697 2993 perlectioni
1721 2923 1858 2996 diligenter
1891 2954 1893 2977 2

1023 3008 1164 3077 expressit
1179 3017 1207 3064 et
1221 3021 1320 3064 veram
1334 3008 1459 3065 etbicam
1475 3011 1705 3073 consummavit.
1722 3011 1751 3067 id
1765 3019 1806 3068 est
1817 3025 1855 3066 ca·
1891 2996 1893 3007 '

1020 3097 1070 3169 jus
1096 3098 1321 3167 comparatione,
1351 3098 1495 3170 quidquid
1533 3106 1594 3154 tam
1623 3101 1756 3171 antiquis
1781 3099 1855 3170 patri-

1024 3185 1080 3242 bus
1096 3200 1184 3257 quam
1201 3186 1348 3256 prophetis
1363 3187 1399 3243 de
1415 3186 1567 3257 disciplina
1581 3201 1700 3244 morum
1720 3188 1854 3245 aedissae

1023 3277 1099 3332 tione
1127 3274 1271 3333 virtutum
1294 3275 1433 3331 traditum
1464 3276 1569 3342 luerat,
1600 3276 1676 3332 nibil
1706 3291 1766 3334 esse
1789 3275 1855 3333 lacile

1021 3363 1220 3430 convincetur,
1249 3363 1273 3420 si
1301 3364 1454 3435 diligenter
1490 3365 1552 3421 baec
1590 3364 1777 3423 conteramus
1801 3377 1854 3422 cun
1888 3348 1891 3357 '

1023 3450 1177 3521 prioribus.

1058 3539 1172 3594 Portos.
1203 3540 1312 3596 llarum
1340 3554 1395 3604 me,
1420 3547 1452 3597 ut
1478 3539 1562 3607 nosti,
1589 3538 1778 3598 collationum
1802 3546 1852 3593 tan·
1888 3546 1891 3563 ¹

1023 3631 1173 3686 tummodo
1198 3630 1255 3685 buo
1279 3629 1400 3686 adduxit
1413 3636 1442 3686 et
1466 3629 1521 3685 bac
1547 3644 1601 3685 nos
1625 3630 1783 3688 intentione
1799 3641 1851 3683 con·

1021 3716 1132 3787 gregati
1148 3731 1259 3772 sumus.

1056 3805 1217 3862 Cunrsrrtu.
1245 3805 1480 3876 Nuucprolecto,
1507 3812 1654 3876 quantum
1682 3802 1853 3878 percipicad

1019 3894 1150 3950 omnium
1178 3894 1397 3965 disciplinarum
1421 3894 1507 3951 ssnem
1536 3903 1563 3950 et
1588 3896 1856 3953 consummationem

1021 3981 1242 4052 proficiscimur.
1274 3981 1367 4046 Onam
1396 3983 1514 4053 quidem
1536 3997 1589 4039 ros
1611 3984 1753 4053 ethicam,
1773 3984 1799 4040 id
1822 3987 1857 4038 est

1020 4072 1168 4140 moralem,
1191 4086 1244 4127 nos
1265 4071 1444 4128 divinitatem
1472 4072 1623 4129 nominare
1651 4074 1857 4131 censuerimus.

119 4161 154 4218 de
177 4162 340 4228 contrariis,
365 4168 398 4217 ut
427 4159 537 4228 dixisti,
571 4157 685 4231 legibus
713 4172 813 4227 agens,
838 4156 963 4214 consulit
978 4195 1001 4251 D
1017 4157 1074 4215 Nos
1099 4158 1178 4215 illam
1203 4159 1335 4216 videlicet
1361 4173 1453 4223 exeo,
1470 4159 1507 4216 ad
1522 4160 1601 4232 quod
1626 4161 1859 4234 comprehenden-

118 4249 234 4308 diceus:
256 4272 270 4301 a
284 4249 313 4306 Si
333 4250 409 4321 leges
428 4249 493 4305 dua
517 4247 563 4304 vel
581 4248 678 4317 plures
698 4247 808 4303 servari
823 4260 882 4302 non
898 4260 963 4317 pos·
1019 4247 1090 4304 dum
1115 4248 1256 4318 tenditur,
1276 4247 1304 4304 id
1330 4256 1373 4305 est
1398 4249 1500 4318 ileum,
1523 4259 1747 4321 nuncupantes,
1769 4261 1858 4309 rosea

118 4346 197 4406 sunt,
221 4338 292 4408 quia
314 4336 480 4406 discrepant
504 4336 628 4402 interse‚
646 4348 680 4391 ea
700 4334 827 4391 maxime
849 4349 963 4391 conser-

116 4428 214 4484 randa
228 4434 354 4498 putetur,
381 4425 498 4498 quaead
521 4425 665 4480 maximas
693 4437 738 4481 res
765 4424 906 4494 pertinere
920 4423 961 4480 vi-

68 4512 74 4517 ’
118 4517 216 4575 detur.
233 4538 247 4567 u

153 4608 265 4663 Peleos.
290 4604 366 4663 tttbtt
395 4603 451 4661 boc
478 4603 596 4660 consilio
620 4601 800 4673 probabilius
830 4610 858 4660 et
887 4602 962 4659 nibil

117 4698 235 4754 stultius
249 4710 337 4767 quatu
357 4694 535 4765 abantiquis
563 4693 598 4748 ad
619 4707 709 4748 novas
729 4693 859 4749 recedere
875 4692 960 4763 leges,

116 4787 172 4842 nisi
196 4785 329 4841 doctrina
345 4786 477 4854 potione.
505 4783 582 4850 Quas
609 4781 741 4838 videlicet
773 4796 863 4838 novas
886 4783 962 4853 leges

116 4874 167 4945 qui
184 4880 418 4943 composuerunt,
438 4878 517 4926 tauto
545 4884 594 4927 eas
619 4870 733 4927 cautius
757 4885 790 4926 ao
809 4871 962 4940 perlectius

115 4963 241 5020 scribere
261 4970 425 5033 potueruut,
447 4966 556 5030 quanto
583 4961 643 5028 jam
660 4961 787 5027 priorum
805 4958 900 5030 legum
917 4958 962 5013 di·

114 5052 281 5124 scipliuact
311 5052 372 5121 ipsa
400 5049 628 5105 necessariarum
656 5061 753 5104 rerum
782 5047 962 5118 experientia

114 5141 249 5199 instructi
277 5139 369 5203 facile,
397 5154 462 5211 quae
489 5139 617 5204 deerant,
643 5151 681 5193 ex
710 5137 829 5208 proprio
857 5138 961 5193 addere

114 5238 272 5302 potuerunt
292 5231 417 5302 ingenio,
441 5230 515 5285 sicut
533 5227 620 5283 etiam
650 5230 679 5283 in
694 5226 805 5283 caeteris
820 5226 961 5297 contingit

116 5321 272 5391 prophetie
283 5318 341 5390 [vel
361 5313 562 5389 philosophia]
586 5315 758 5388 disciplinis.
774 5316 848 5373 lum
863 5322 961 5372 autem

115 5406 150 5464 de
171 5405 231 5477 (iol.
252 5408 288 5461 ἰο
310 5406 357 5478 tt.)
376 5404 549 5478 perlectione
568 5405 762 5476 posteriorum
784 5404 960 5477 scriptorum

1018 4335 1086 4404 illis,
1103 4350 1153 4406 per
1172 4350 1238 4408 qua
1259 4336 1328 4393 illuc
1343 4336 1519 4407 pervenitur,
1536 4337 1590 4394 boc
1604 4345 1649 4395 est
1672 4341 1806 4398 moribus
1817 4340 1859 4396 bo-

1017 4424 1432 4497 nis‚quasvirtutesroeatis.
1469 4497 1474 4508 Ι

1053 4513 1164 4571 Portos.
1178 4515 1309 4573 assentio
1325 4515 1402 4588 quod
1416 4515 1527 4574 clarum
1546 4523 1599 4586 est,
1614 4523 1643 4574 et
1667 4532 1781 4577 trovam
1794 4530 1858 4576 nun

1016 4604 1199 4672 copationem
1228 4605 1355 4661 nominis
1395 4605 1481 4661 vestri
1521 4618 1579 4661 non
1610 4606 1802 4666 mediocriter
1821 4619 1856 4676 ap

1017 4692 1295 4765 proltn.0uiaeuim
1318 4693 1352 4749 ad
1376 4694 1454 4764 quod
1480 4694 1650 4764 pervenitur
1669 4695 1718 4753 bis
1746 4712 1797 4768 per
1807 4705 1857 4767 qua
1891 4736 1895 4775 Ι

1018 4789 1143 4848 venitur,
1178 4783 1297 4853 dignius
1326 4783 1475 4838 aestimatis
1500 4791 1527 4838 et
1557 4783 1734 4852 pervenisse
1764 4786 1856 4841 lelictut
1891 4778 1895 4801 ¹

1017 4886 1108 4943 quam
1124 4871 1232 4938 venire,
1263 4871 1316 4927 boc
1338 4870 1425 4926 vestri
1453 4869 1579 4928 nominis
1609 4870 1856 4944 insigniorumest

1016 4960 1207 5030 nuncupatio,
1222 4974 1257 5016 ex
1272 4959 1382 5031 origine
1396 4960 1519 5030 propriae
1530 4959 1729 5019 divinattouis
1742 4964 1856 5021 lectoren

1015 5049 1174 5120 plurimum
1188 5046 1328 5103 alliciens.
1344 5047 1425 5115 Qua,
1441 5048 1466 5102 si
1483 5048 1520 5103 ita
1537 5061 1574 5103 ex
1593 5047 1778 5108 documento
1798 5050 1856 5107 sicot
1892 5102 1894 5107 .

1015 5152 1051 5194 ex
1077 5137 1218 5194 vocabulo
1237 5145 1239 5147 ’
1257 5136 1452 5207 praemineat,
1483 5136 1596 5194 nullam
1632 5137 1660 5194 ei
1686 5140 1855 5213 disciplinata

1016 5227 1242 5297 comparandam
1256 5239 1366 5281 censeo.

1051 5316 1216 5372 Canrsrmu.
1248 5313 1332 5372 Nunc
1355 5313 1457 5385 igitur,
1481 5314 1504 5370 si
1528 5313 1634 5387 placet,
1668 5318 1855 5388 pretinirett
1889 5358 1891 5363 .

1015 5402 1161 5472 volumus,
1177 5401 1208 5460 in
1234 5416 1294 5474 quo
1320 5401 1513 5461 reraeetbica
1538 5416 1657 5462 summa
1680 5408 1855 5466 consistatet
1889 5450 1891 5463 .

1884 5534 1891 5907 l
