3736 5962
75 175 134 257 tta

541 175 644 233 PETRI
663 176 851 235 ABAELARDI
871 176 949 237 θΡΡ.
967 178 1056 239 PARS
1075 179 1098 236 1.
1118 209 1153 223 -
1171 178 1359 237 EPISTOLAE.

1771 178 1828 235 m
1849 160 1852 171 .

73 304 218 373 agrotans
245 298 281 356 ad
305 299 413 357 exitum
438 301 688 372 propinquaverit,
714 310 742 360 et
768 303 798 359 in
827 303 920 361 extasi
935 305 1115 362 Acessariis.
1143 306 1184 363 ab
1217 305 1279 376 ipsa
1312 303 1477 375 requiretur
1512 302 1656 375 quidquid
1689 304 1723 360 de
1753 303 1831 360 cibis

980 392 1139 450 necessaria
1162 393 1224 449 erit.
1252 393 1332 449 lianc
1366 391 1576 448 maximenon
1614 404 1674 447 esse
1705 403 1826 446 avaram
1862 451 1867 454 ,

978 481 1122 549 convenit,
1144 481 1192 538 sed
1210 489 1369 551 promptam
1392 488 1420 537 et
1446 479 1642 535 voluntariam
1667 477 1827 535 adomnia
1862 466 1867 491 ²

978 570 1170 628 necessariam
1201 570 1363 627 tribuenda.
1395 591 1409 619 «
1446 569 1571 625 Hilarem
1600 568 1729 624 datorem
1759 567 1827 623 dili·

980 661 1021 734 git
1044 662 1120 718 Deus
1144 660 1183 732 (ll
1205 660 1265 716 Cor.
1290 675 1326 728 rr,
1354 657 1392 730 7).
1421 679 1444 747 ι,
1460 657 1551 724 Quam
1580 658 1697 714 omnino
1725 657 1826 727 prohi-

73 388 186 462 agoniee
209 389 330 457 venerit,
352 389 447 447 statim
472 390 572 462 aliqua
596 391 621 447 ei
637 391 773 449 assistens
792 393 828 449 ad
851 409 924 450 con-

74 487 196 538 ventum
224 487 356 550 properet
385 494 453 537 cum
481 480 592 549 tabula,
622 496 686 538 eam
715 483 836 553 pulsans
864 483 924 540 exi-

75 573 139 625 tum
162 568 267 624 sororis
288 568 410 637 nuntiet,
435 577 569 641 totusque
587 580 757 640 conventus,
782 575 924 643 quacun-

76 667 134 727 que
156 652 227 708 hora
247 651 283 709 sit
306 652 362 709 diei
381 655 425 710 vel
448 656 548 722 noctis,
570 657 606 712 ad
622 657 789 714 morientem
813 658 925 714 lestinet

75 740 338 800 nisiecclesiasticis
356 744 549 814 praepediatur
571 744 620 819 [ol.
648 746 836 819 impediatur]
858 746 924 802 olli-

74 831 134 889 ciis.
160 831 241 899 Quod
268 831 292 888 si
325 833 469 904 acciderit,
500 836 577 905 quod
607 835 680 893 nihil
708 841 736 892 et
765 837 843 906 operi
874 834 925 891 Dei

76 921 313 994 praeponendum,
329 923 398 979 satis
411 931 453 980 est
467 924 657 982 diaconissam
681 941 748 983 cum
766 925 921 998 aliquibus,

75 1025 149 1085 quas
162 1010 289 1084 elegerit,
310 1012 480 1080 accelerare,
495 1022 523 1071 et
545 1023 721 1072 conventum
741 1015 923 1087 postmodum

75 1100 168 1172 sequi.
183 1099 369 1174 Quacunque
386 1117 453 1159 vero
468 1104 505 1159 ad
520 1103 599 1161 hunc
615 1104 722 1161 tabulae
742 1105 860 1176 pulsum
875 1119 923 1161 oc·

76 1190 243 1275 currerint,
259 1191 355 1248 statim
373 1191 504 1249 litaniam
525 1193 670 1262 inchoent,
688 1209 841 1266 quousque
856 1208 924 1250 san-

76 1286 187 1338 ctorum
206 1287 233 1336 ct
250 1287 418 1338 sanctarum
441 1283 584 1340 invocatio
599 1284 789 1355 compleatur,
805 1292 833 1341 et
855 1291 925 1340 tunc

75 1368 179 1441 psalmi
192 1369 237 1426 vel
257 1378 369 1440 cratera,
384 1380 450 1443 quae
464 1373 500 1428 ad
521 1373 675 1446 exsequias
690 1374 842 1445 pertinent,
858 1373 924 1430 sub·

75 1461 247 1533 sequantur.
268 1459 361 1528 Quam
387 1462 503 1519 salubre
526 1477 594 1521 vero
618 1464 654 1521 sit
668 1464 704 1520 ad
730 1464 858 1520 intirmos
883 1463 925 1519 irc

76 1547 137 1605 sive
173 1557 312 1618 mortuos,
350 1549 532 1608 Ecclesiastes
576 1553 728 1625 diligenter
765 1553 922 1619 attendens,

980 750 1090 814 hernus,
1121 764 1158 805 ne
1183 749 1217 804 de
1240 748 1497 805 administrationis
1523 761 1583 804 suae
1612 746 1827 815 dispensatione

979 838 1033 896 sibi
1050 839 1141 912 magis
1160 853 1248 910 quam
1270 838 1333 894 aliis
1353 838 1389 894 ιιι
1404 837 1537 908 propitia,
1560 850 1612 892 nec
1627 837 1742 906 privata
1767 833 1825 889 sibi

980 937 1061 1000 paret
1081 928 1198 997 lercula,
1216 943 1268 984 nec
1287 927 1341 983 sihi
1356 934 1478 984 reservet
1496 941 1562 997 quae
1579 924 1642 982 aliis
1662 924 1826 980 defraudet.

981 1040 995 1069 ι
1008 1019 1149 1090 Optimus,
1174 1017 1270 1089 inquit
1284 1017 1487 1087 llieronymus,
1503 1023 1545 1072 est
1567 1015 1755 1084 dispensator,
1772 1012 1828 1082 qui

979 1110 1033 1167 sihi
1050 1109 1121 1165 nihil
1145 1111 1280 1165 reservat.
1299 1128 1312 1155 ι
1326 1105 1416 1163 tudas
1439 1120 1499 1162 sum
1514 1101 1735 1174 dispensationis
1749 1101 1828 1157 abu:

980 1207 1042 1256 tens
1069 1198 1171 1266 cilicio,
1201 1213 1267 1254 cum
1293 1196 1401 1253 loculos
1427 1195 1552 1262 haberet,
1579 1194 1613 1249 dc
1639 1200 1715 1249 coetu
1743 1190 1831 1261 periit

980 1289 1143 1359 apostolico.
1167 1286 1294 1343 Ananias
1320 1300 1437 1357 quoque
1459 1291 1487 1342 et
1514 1281 1636 1354 Saphira
1660 1294 1735 1338 uxor
1761 1279 1829 1350 eius

979 1378 1126 1434 retinendo
1141 1375 1310 1434 sententiam
1326 1375 1426 1431 mortis
1445 1379 1630 1443 exceperunt.

1015 1468 1056 1522 ud
1078 1466 1242 1537 portariam,
1260 1466 1320 1521 sive
1336 1463 1493 1530 ostiariam,
1511 1460 1588 1534 quod
1602 1461 1678 1519 idem
1698 1465 1750 1527 est,
1766 1473 1828 1529 per-

980 1555 1050 1613 tinet
1076 1557 1111 1614 de
1135 1555 1324 1626 suscipiendis
1361 1553 1532 1623 hospitibus,
1571 1550 1615 1607 vel
1646 1548 1832 1621 quibuslibet

77 1637 136 1695 ait:
160 1653 174 1688 ι
196 1636 297 1694 illelius
320 1646 362 1696 est
386 1638 427 1696 ire
447 1641 483 1696 ad
505 1641 624 1698 domum
644 1641 750 1710 luctus,
777 1656 867 1713 quam
888 1641 923 1697 ad
941 1663 963 1720 g
980 1645 1209 1713 advenientibus,
1234 1644 1314 1700 etde
1335 1642 1369 1698 iis
1394 1640 1564 1698 nuntiandis
1585 1639 1630 1697 vel
1652 1636 1832 1694 adducendis

77 1725 195 1784 domum
212 1727 347 1784 convivii.
365 1729 397 1785 ιι
409 1729 457 1784 illa
466 1730 543 1787 enim
559 1731 624 1787 linis
634 1740 805 1789 cunctorum
821 1732 923 1787 admo·
980 1735 1028 1793 ubi
1048 1742 1186 1805 oporteat,
1210 1741 1237 1791 ct
1259 1733 1294 1788 de
1318 1745 1389 1788 cura
1413 1730 1624 1801 hospitalitatis.
1649 1728 1729 1784 Hanc
1743 1733 1830 1782 astate

76 1823 163 1874 netur
177 1815 339 1886 hominum,
356 1826 383 1875 et
405 1818 507 1876 vivens
528 1819 633 1892 cogitat
657 1821 728 1892 quid
752 1822 871 1878 tuturus
889 1820 926 1876 sit
979 1829 1008 1882 et
1031 1831 1124 1879 mento
1139 1822 1289 1879 discretam
1304 1835 1365 1878 esse
1387 1819 1529 1888 convenit,
1548 1825 1580 1874 ut
1600 1817 1671 1874 sciat
1694 1814 1827 1884 accipere

77 1904 172 1978 (Eccli.
199 1921 246 1973 vu,
269 1907 306 1978 3).
330 1929 344 1958 ι
370 1911 464 1964 ltcm:
492 1930 502 1958 ι
527 1909 582 1966 Cor
602 1910 774 1981 sapientium
801 1910 852 1967 ubi
877 1908 926 1966 tri·
981 1926 1148 1983 responsum
1178 1920 1204 1968 et
1232 1911 1359 1979 reddero,
1388 1918 1416 1967 ct
1441 1909 1492 1980 qui
1519 1907 1564 1965 vel
1586 1905 1711 1977 qualiter
1738 1901 1831 1959 susci-

77 1994 155 2053 stitia
175 2002 217 2052 cst
232 1994 323 2074 libid,
346 2000 382 2063 5).
402 2018 413 2046 ›
431 1998 579 2056 Delunctae
606 2014 673 2057 vero
689 2000 894 2071 corpusculum
911 2013 928 2056 a
980 2003 1076 2073 plaudi
1090 2002 1156 2071 sint,
1173 2016 1210 2058 an
1226 2016 1282 2058 nen
1297 2002 1365 2068 sint,
1387 1998 1555 2069 dijudicare.
1572 1997 1617 2053 [ιι
1632 2007 1693 2066 qua
1705 1990 1833 2048 maxime

77 2084 223 2143 sororibus
237 2087 332 2143 statim
348 2087 495 2157 abluatur,
512 2097 540 2146 et
554 2089 653 2160 aliqua
668 2089 729 2158 vili,
753 2090 801 2145 sed
818 2088 928 2146 munda
981 2099 1121 2164 tanquam
1142 2107 1179 2148 ex
1199 2089 1341 2148 vestibulo
1367 2088 1480 2145 Domini
1502 2086 1668 2157 religionem
1683 2087 1830 2139 monaste-

78 2173 203 2233 interula
217 2183 245 2232 ct
267 2175 367 2248 caligis
388 2176 523 2234 indutum
544 2176 647 2235 leretro
669 2178 847 2250 imponatur,
864 2177 927 2234 velo
981 2183 1016 2238 rii
1038 2181 1167 2238 decorari
1183 2187 1301 2252 oportet,
1324 2177 1443 2236 eumad
1463 2177 1525 2247 ipsa
1545 2175 1608 2246 eJus
1632 2171 1734 2230 notitia
1756 2169 1828 2224 inci·

77 2263 168 2342 capite
195 2264 341 2321 obvoluto.
371 2264 440 2332 Qum
464 2267 584 2338 quidem
607 2268 778 2324 indumenta
807 2267 928 2324 firmiter
981 2272 1049 2342 piat.
1063 2271 1104 2327 Sit
1124 2271 1212 2341 igitur
1239 2269 1345 2325 blanda
1366 2266 1474 2336 verbis,
1493 2265 1569 2321 mitis
1593 2258 1828 2332 cumulantia

78 2352 190 2426 corpori
205 2361 385 2411 consuantur
408 2355 469 2412 sive
493 2355 630 2427 ligentur,
648 2371 700 2412 nec
725 2356 847 2413 ulterius
870 2370 928 2413 mc-
982 2360 1027 2417 his
1056 2375 1173 2431 quoque
1205 2372 1279 2430 quos
1310 2356 1476 2423 excluserit,
1505 2351 1688 2411 convenienti
1719 2347 1832 2407 reddita

78 2451 212 2502 veantur.
228 2445 325 2514 lpsum
346 2458 452 2515 corpus
473 2446 653 2530 asorqribus
669 2447 698 2502 in
718 2446 928 2503 ecclcsiadela·
982 2450 1093 2506 ratione
1118 2450 1287 2506 charitatem
1318 2447 1432 2504 studeat
1462 2443 1616 2502 adillcare.
1652 2439 1726 2496 ilinc
1754 2436 1833 2494 enim

78 2539 142 2590 tunt
156 2532 299 2602 monachi,
320 2548 386 2591 cum
402 2535 561 2604 oportuerit
583 2536 741 2606 sepulture
759 2536 884 2605 tradant,
902 2541 930 2592 et
983 2540 1120 2611 scriptum
1151 2547 1221 2596 est:
1254 2557 1268 2588 ι
1300 2538 1455 2606 Responsio
1483 2533 1577 2590 mollis
1608 2529 1715 2601 lrangvt
1746 2527 1832 2591 iram,

80 2635 190 2679 sorores
212 2621 326 2698 interim
344 2624 373 2678 in
397 2625 521 2682 oratorio
538 2625 705 2697 psalmodiae
729 2626 775 2683 ιιι
795 2624 930 2683 ιιιιιιιι-
983 2644 1076 2687 sermo
1101 2630 1193 2685 durus
1214 2627 1333 2684 suscitat
1357 2625 1483 2682 iurarem
1500 2623 1588 2694 (Proo.
1614 2637 1660 2687 xv,
1687 2617 1723 2689 ι).
1748 2635 1773 2669 ι.
1798 2615 1833 2670 Et

80 2712 136 2769 bus
151 2711 259 2770 intente
278 2712 433 2769 vacabunt.
457 2713 629 2771 Diaconissae
652 2728 720 2770 vero
740 2712 888 2783 sepultura
902 2710 928 2767 id
984 2717 1102 2774 ultuma
1128 2716 1255 2774 Verbum
1279 2713 1363 2772 dulce
1388 2711 1561 2782 multiplicat
1573 2709 1688 2771 amicos.
1709 2714 1738 2763 et
1752 2703 1833 2760 miti-

80 2808 195 2859 tantum
209 2815 268 2873 pras
292 2801 403 2859 ceteris
425 2803 529 2860 habeat
550 2802 677 2872 honoris,
707 2809 739 2858 ιι
764 2800 856 2858 ιιιιιιο
871 2799 930 2856 solo

80 2898 175 2951 totum
188 2890 252 2962 ejus
267 2904 371 2960 corpus
385 2891 562 2960 involvatur,
578 2898 607 2948 et
622 2891 651 2946 in
663 2905 696 2947 eo
709 2889 793 2962 quasi
805 2889 835 2946 in
848 2903 931 2945 sacco

81 2987 141 3038 tcta
154 2986 323 3037 consuatur.

117 3069 256 3126 vestiaria
278 3074 371 3125 totum
400 3068 479 3139 qued
500 3068 537 3126 ad
564 3082 664 3125 curam
693 3067 930 3127 indumentorum

81 3163 189 3229 spectat
220 3155 391 3229 providebit,
430 3165 489 3214 tam
527 3158 557 3214 in
588 3158 788 3215 calceamentis
824 3157 931 3214 scilicet

83 3259 173 3316 quam
187 3243 218 3302 in
241 3243 351 3302 crateris
366 3244 511 3302 omnibus.
534 3246 598 3317 Ipsa
620 3247 730 3303 tonderi
746 3261 813 3302 oves
836 3246 929 3314 laciet,

83 3333 163 3395 coria
185 3333 447 3393 calceamentorum
470 3336 616 3406 suscipiet.
636 3337 740 3393 Linum
764 3351 814 3392 seu
835 3335 932 3392 lanam

83 3423 192 3483 excolet
217 3431 246 3482 et
273 3424 385 3497 colliget
408 3432 436 3482 et
460 3432 549 3482 totam
566 3439 667 3482 curam
696 3425 817 3482 telarum
848 3423 932 3479 habc-

84 3513 135 3571 bit.
163 3512 258 3571 Filum
285 3519 314 3570 ct
340 3526 425 3570 acum
448 3511 602 3570 eiloriices
628 3513 764 3570 omnibus
790 3512 934 3568 ministra·

84 3602 136 3662 bit.
166 3603 266 3660 Totam
286 3602 445 3660 dormitorii
483 3617 584 3660 curam
621 3601 746 3671 habebit,
773 3608 801 3656 et
838 3606 934 3656 straus

86 3692 221 3751 omnibus
243 3692 412 3764 providebit.
433 3693 473 3749 De
496 3692 666 3749 mantilibus
685 3705 803 3762 quoquc
824 3703 935 3745 mensa-

85 3796 152 3840 rum
166 3790 195 3841 et
209 3782 401 3854 manutergiis
419 3789 448 3839 et
462 3781 605 3839 universis
620 3782 724 3852 pannis
741 3793 842 3837 curam
858 3784 932 3849 urget,

86 3871 254 3942 incidendis,
286 3873 414 3936 suendis,
442 3872 604 3930 abluendis.
629 3872 671 3928 ud
703 3872 778 3927 hanc
810 3869 936 3924 maxime

86 3960 158 4019 illud
173 3962 318 4033 pertinet:
344 3961 511 4030 «Quaesivit
533 3961 629 4017 ianam
652 3968 679 4017 et
701 3961 804 4027 linum,
820 3966 848 4014 et
873 3971 936 4026 ope-

984 2815 1032 2879 gat
1062 2805 1192 2860 inimicos
1214 2803 1307 2875 (Ereti.
1335 2819 1372 2870 vr,
1398 2804 1436 2869 5).
1461 2802 1557 2870 »ipsa
1580 2810 1699 2869 quoque
1726 2793 1833 2864 saepius

986 2909 1124 2966 pauperes
1138 2894 1245 2953 videns.
1272 2892 1434 2962 meliusque
1456 2900 1641 2960 cognoscens,
1662 2884 1686 2941 si
1708 2897 1769 2955 qua
1790 2882 1831 2937 ιιι

946 2986 1019 3057 cde
1038 2983 1110 3040 cibis
1136 2991 1187 3040 aut
1216 2981 1393 3039 vestimentis
1422 2975 1623 3036 distribuenda
1645 2981 1716 3032 sunt
1737 2970 1836 3029 distri·

986 3075 1075 3140 buet3
1092 3082 1151 3129 tam
1167 3073 1227 3143 ipsa
1240 3085 1309 3127 vero
1329 3082 1418 3141 quam
1438 3074 1549 3125 caeterae
1569 3063 1717 3132 officiales,
1733 3061 1758 3118 si
1774 3058 1835 3117 ιιι·

986 3163 1076 3234 lragio
1092 3162 1136 3218 vel
1152 3161 1252 3217 solatio
1273 3159 1441 3230 aliquarum
1464 3154 1608 3227 eguerint,
1624 3153 1729 3210 dentur
1754 3149 1795 3206 eis
1817 3161 1835 3202 a

985 3252 1151 3310 Diaconissa
1178 3251 1305 3307 vicariae.
1339 3250 1416 3313 Quas
1446 3246 1590 3318 praecipue
1621 3243 1656 3300 de
1688 3239 1836 3298 conversis

986 3342 1094 3399 assumi
1109 3340 1253 3406 convenit,
1279 3354 1315 3396 nc
1336 3338 1435 3409 aliqua
1451 3349 1584 3407 unquam
1603 3331 1773 3390 monialium
1796 3327 1838 3384 di-

986 3431 1063 3487 vinis
1078 3429 1149 3487 desit
1172 3429 1283 3496 ciliciis,
1307 3428 1368 3483 sive
1389 3424 1515 3496 capitulo
1536 3423 1579 3480 vel
1599 3421 1757 3479 relectorio.
1781 3419 1837 3474 Do·

987 3519 1155 3575 munculam
1169 3520 1255 3588 juxta
1272 3524 1382 3587 portam
1397 3515 1511 3581 habeat,
1523 3513 1552 3568 in
1562 3524 1622 3582 qne
1637 3511 1699 3581 ipsa
1713 3509 1759 3565 vel
1773 3508 1839 3578 ejus

987 3607 1096 3664 vicaria
1117 3614 1219 3677 praesto
1235 3608 1272 3662 sit
1289 3617 1402 3674 semper
1424 3600 1655 3665 advenientibus,
1674 3599 1724 3655 ubi
1746 3596 1834 3652 etiam

987 3697 1084 3753 otiosae
1099 3710 1156 3751 non
1180 3703 1326 3755 maneant,
1355 3701 1382 3749 et
1405 3697 1485 3748 tanto
1505 3689 1632 3758 amplius
1651 3686 1764 3743 silentio
1779 3693 1839 3741 stu·

988 3786 1084 3852 deant,
1110 3796 1219 3856 quanto
1247 3796 1349 3839 earum
1379 3780 1541 3851 loquacitas
1570 3776 1614 3832 his
1641 3788 1758 3847 quoque
1785 3772 1839 3844 qui

989 3882 1072 3931 extra
1095 3881 1170 3938 sunt,
1191 3871 1303 3928 lacilius
1328 3877 1419 3940 potest
1444 3868 1629 3924 innotescere.
1656 3863 1749 3934 ipsius
1775 3875 1840 3932 pro·

990 3963 1061 4020 lecto
1074 3972 1116 4019 ιιι
1132 3976 1189 4017 ιιι
1212 3960 1305 4016 ιιιιιι
1324 3958 1465 4025 homines,
1493 3969 1566 4026 quos
1587 3960 1707 4024 oportet,
1726 3964 1840 4020 arcere;

87 4058 153 4108 rata
170 4057 212 4108 est
227 4051 344 4108 consilio
361 4065 502 4108 manuum
521 4064 641 4108 suarum
662 4050 741 4121 (Proo
756 4064 830 4115 xxxv,
850 4046 902 4117 ιι).
920 4067 934 4096 v
992 4051 1191 4109 verumetiam
1213 4063 1343 4105 rumores
1358 4047 1472 4118 penitus
1489 4043 1654 4111 excludere,
1671 4056 1708 4098 ne
1724 4041 1761 4097 ad
1775 4055 1841 4096 con·

90 4161 103 4192 ·
119 4141 235 4199 Manum
248 4154 332 4197 snam
347 4140 423 4197 misit
438 4141 474 4196 ad
489 4140 597 4208 mlum,
613 4148 641 4196 et
665 4140 747 4210 digiti
770 4138 816 4194 ⁵¹11
836 4151 937 4206 appre-
991 4150 1110 4200 ventum
1126 4148 1231 4196 temere
1245 4137 1422 4203 deierantur,
1438 4143 1465 4192 et
1480 4133 1517 4190 ad
1529 4134 1591 4204 ipsa
1605 4139 1646 4188 est
1661 4129 1838 4201 exigendum

88 4229 253 4286 henderunt
266 4229 374 4287 lusum.
392 4229 454 4286 Non
482 4230 592 4286 timebit
613 4228 713 4284 domui
734 4242 795 4284 sure
816 4239 833 4281 a
851 4226 936 4295 trigo·
993 4229 1136 4301 quidquid
1150 4230 1179 4283 in
1189 4228 1368 4297 hocquoque
1380 4223 1466 4281 luerit
1477 4235 1638 4279 excessum.
1651 4217 1763 4288 Siquid
1773 4230 1842 4272 vcro

89 4317 172 4375 ribus
186 4317 272 4375 nivis.
293 4317 400 4375 Omnes
421 4317 497 4374 enim
522 4319 667 4375 domestici
689 4319 753 4389 ejus
773 4315 867 4372 vestiti
888 4316 938 4371 du·
951 4291 976 4354 ὓ
991 4318 1115 4377 audierit
1129 4317 1208 4388 qnod
1222 4316 1296 4372 scitu
1315 4327 1387 4384 opus
1411 4312 1457 4376 sit,
1474 4310 1508 4366 ad
1524 4308 1716 4365 diaconissam
1732 4311 1842 4362 secreto

6 4432 9 4437 ·
90 4406 225 4478 plicibus,
247 4414 275 4465 et
297 4407 400 4465 ridebit
424 4407 455 4464 in
479 4407 524 4464 die
552 4405 716 4464 novissimo.
741 4404 938 4463 consideravit

90 4496 206 4556 semitas
228 4497 332 4555 domus
352 4488 423 4566 sure,
447 4506 475 4555 ιι
498 4512 601 4568 panem
624 4497 715 4553 otiosa
731 4510 787 4552 nou
804 4495 936 4562 comedit,

90 4587 288 4647 surrexerunt
306 4588 358 4645 dlii
371 4590 437 4660 ejus
456 4595 484 4645 et
500 4587 692 4645 beatissimam
707 4586 939 4656 praedicavcrunt

91 4693 155 4737 eam
171 4678 268 4751 (caat.
291 4692 330 4748 ιι,
356 4678 394 4751 8).
412 4697 423 4727 ι
450 4678 517 4734 tlaec
538 4690 657 4733 suorum
678 4689 799 4746 eperum
823 4673 940 4730 habebit

92 4769 285 4827 instrumenta
312 4775 341 4825 et
368 4766 531 4839 providebit
554 4766 588 4822 de
611 4767 672 4822 suis
699 4764 844 4835 operibus,
874 4776 939 4833 qnae

94 4857 202 4929 quibus
215 4858 318 4916 debeat
337 4857 491 4929 injungere
507 4855 664 4912 sororibus.
683 4856 746 4924 lpse
764 4852 842 4909 cuim
857 4851 939 4907 novi-

93 4947 201 5004 tiarum
217 4961 319 5004 curam
333 4954 407 5019 aget,
429 4946 520 5003 donec
540 4946 570 5001 in
585 4943 838 5016 congregationem
853 4940 942 4998 susci·

94 5034 224 5108 piantur.

129 5123 284 5184 Celleraria
295 5136 396 5180 curam
411 5123 529 5181 habebit
543 5124 578 5179 de
597 5122 631 5179 iis
646 5122 783 5179 omnibus
794 5134 860 5192 quae
876 5134 941 5191 per-

94 5214 187 5273 tinent
210 5212 246 5269 ed
275 5212 395 5280 victum,
424 5212 458 5270 de
484 5212 609 5282 cellario,
637 5212 793 5278 relectorio.
818 5211 943 5281 coquina

95 5302 270 5370 molendino,
287 5300 410 5373 pistrino
433 5316 500 5360 cum
525 5303 621 5369 inmo,
643 5304 678 5359 de
694 5302 783 5359 hortis
807 5300 893 5357 etiam
915 5304 943 5356 ct

94 5392 252 5463 viridariis,
267 5400 295 5451 et
314 5404 452 5472 agrqrum
473 5400 531 5451 teta
545 5393 676 5461 cultura;
693 5392 728 5448 de
752 5391 856 5461 apibus
869 5403 942 5460 quo·

95 5498 163 5561 que,
178 5483 318 5545 umentia
336 5489 364 5542 et
386 5480 537 5554 pecoribus
550 5482 676 5553 cunctis3
693 5495 744 5540 sau
767 5480 872 5538 avibus
895 5492 944 5536 ne-

993 4407 1105 4475 releret,
1131 4414 1161 4461 ιι
1190 4405 1251 4475 ipsa
1271 4417 1358 4473 super
1382 4402 1436 4458 hoc
1449 4399 1473 4457 si
1498 4399 1591 4470 placet
1610 4397 1757 4452 deliberet.
1775 4395 1842 4451 ilex

993 4505 1091 4553 autem
1108 4502 1139 4551 ut
1156 4494 1192 4550 ad
1214 4501 1323 4564 portam
1341 4491 1487 4561 pulsatum
1503 4488 1549 4544 vel
1573 4487 1759 4542 inclamatum
1784 4482 1844 4539 lue·

994 4586 1040 4652 rit,
1061 4599 1127 4656 qua
1151 4591 1252 4654 praesto
1268 4589 1311 4637 est
1332 4586 1444 4651 quaerat
1470 4592 1487 4633 e
1507 4574 1777 4648 supervenientibus
1792 4571 1845 4642 qui

994 4676 1059 4741 sint,
1076 4680 1127 4730 aut
1146 4672 1217 4744 qnid
1239 4669 1336 4737 velint,
1353 4677 1533 4739 portamque,
1549 4665 1574 4721 si
1596 4663 1766 4734 oportuerit,
1787 4668 1845 4717 sta·

995 4766 1047 4822 tim
1068 4769 1177 4834 apertat
1197 4769 1227 4818 ut
1253 4759 1436 4816 advenientes
1462 4755 1610 4826 suscipiat.
1637 4752 1718 4809 Solae
1737 4750 1845 4822 qnippe

995 4853 1117 4910 leminas
1132 4852 1210 4908 intus
1234 4848 1372 4919 hospitari
1396 4845 1500 4903 licebit.
1530 4843 1592 4902 Viri
1614 4849 1710 4898 autem
1724 4838 1761 4896 ad
1787 4852 1833 4895 mc

995 4943 1102 4999 naehes
1128 4940 1299 5012 dirigentur.
1331 4936 1435 4994 Nullus
1455 4935 1553 5006 itaque
1567 4932 1668 5003 aliqua
1691 4929 1726 4986 de
1754 4939 1845 4984 causa

996 5033 1074 5089 intus
1102 5031 1277 5097 admittetur,
1317 5028 1372 5083 nisi
1401 5024 1533 5082 consulta
1563 5021 1645 5092 prius
1670 5026 1699 5076 et
1725 5018 1847 5090 jubente

996 5123 1165 5180 diaconissa.
1192 5119 1316 5177 Feminis
1339 5126 1436 5173 autem
1451 5114 1548 5170 statim
1574 5109 1681 5182 patebit
1697 5108 1844 5164 introitus.

997 5213 1149 5283 Susceptus
1175 5224 1245 5268 vero
1270 5208 1400 5269 laminas,
1425 5218 1477 5261 seu
1501 5203 1578 5260 viros
1602 5211 1780 5271 quacunque
1803 5208 1850 5252 oc-

996 5301 1109 5360 casione
1125 5301 1302 5357 introeuntes
1325 5295 1452 5367 portaria
1471 5292 1500 5348 in
1522 5290 1628 5348 cellula
1651 5301 1705 5345 sua
1723 5298 1849 5357 pausare

997 5391 1090 5458 lactet,
1106 5390 1196 5446 donce
1216 5402 1233 5444 a
1249 5385 1418 5452 diaconissa,
1435 5381 1478 5439 vel
1493 5379 1652 5446 sororibus,
1674 5376 1698 5433 si
1720 5389 1849 5433 necessa-

998 5481 1075 5539 rium
1098 5485 1141 5538 est
1164 5477 1209 5536 vel
1219 5483 1426 5549 opportunum,
1450 5472 1492 5531 eis
1505 5475 1686 5530 occurratur.
1712 5465 1849 5538 Pauperi·
