3804 5962
1300 18 1779 51 ψή-

577 165 762 225 sttosmo
779 165 816 226 m
829 165 1091 241 ιιιιιιιιιιιοιι.
1140 213 1145 225 .
1362 128 1365 134 ’
1657 173 1712 234 no

76 295 337 375 idistinguuntum
362 307 429 351 cum
455 293 586 351 videlicet
606 293 654 351 alii
678 293 807 366 perlecti,
823 294 979 352 ararium
1000 293 1168 351 babuerunt
1191 301 1219 352 et
1245 295 1305 353 rim
1333 295 1492 367 quamdam
1522 298 1628 358 lutura
1649 315 1710 360 sues

76 384 277 452 indentes,alii
293 385 426 440 dicantur
445 383 592 439 diminuti.
610 384 727 440 Pcrlccti
743 399 809 440 cero
864 384 1027 440 creationis.
1053 385 1163 439 Animae
1178 397 1245 439 vcro
1270 383 1333 441 licet
1361 399 1397 443 ex
1417 386 1572 445 animabus
1592 403 1642 460 per
1655 399 1710 446 tra-

76 488 166 531 torum
185 473 310 543 partium
326 473 501 541 corriputatiu
521 488 642 530 summte
660 473 745 529 totius
760 473 809 529 ad·
863 471 965 527 duccut
988 487 1046 527 non
1072 482 1276 544 propagentur,
1288 473 1374 543 -quia
1404 484 1499 533 tatueu
1518 477 1579 548 jam
1601 480 1710 549 species

81 578 115 620 r:
142 563 221 619 verbi
246 564 351 634 qratia,
385 563 518 617 senarius
549 564 670 619 mediam
697 571 807 633 partem
863 560 1077 617 auimaecreutu
1098 563 1202 630 iuerat,
1223 562 1709 638 nonmpeuuoarumquotitraoa

78 652 237 717 ernanum,
256 652 367 707 tertiam
389 651 546 719 bznarium,
573 661 684 709 sertam
714 652 808 709 unita·
862 649 1062 718 multiplicatio
1092 649 1148 706 dici
1176 652 1266 707 ileum
1291 653 1467 723 requievisse
1494 654 1531 711 ab
1560 657 1706 727 universo,

77 741 163 799 uibus
178 742 295 812 quidam
312 740 482 797 adinvicem
499 740 537 796 ila
549 741 659 810 junctis
672 749 703 797 ut
717 741 806 808 dicas,
860 745 914 793 etc.

77 833 132 898 luo,
149 839 216 897 tres,
230 829 325 885 solum
348 828 458 899 perlicit
472 830 630 885 senarium.
647 830 807 887 Abundan-
895 826 1042 882 benedicit
1061 834 1087 883 et
1109 829 1300 899 sanctificavit.
1332 828 1363 885 ld
1390 838 1433 887 est
1455 832 1565 890 crateris
1581 834 1708 906 praetulit

76 921 209 976 inumeri
233 919 371 975 dicuntur
396 932 524 990 quorum
548 921 724 991 computatio
743 932 807 990 par·
862 914 1000 973 diebusct
1014 916 1044 972 iu
1057 916 1275 975 celebrationem
1291 919 1387 992 ipsum
1403 922 1563 978 constituit.

77 1023 137 1079 psus
159 1009 301 1066 excedens
327 1009 463 1078 ntejurem
487 1008 578 1064 reddit
594 1022 761 1076 nunterum,
775 1017 807 1067 ιιι
897 1004 1069 1071 dessooemt,
1083 1004 1164 1073 Quod
1179 1007 1248 1063 dicit
1266 1014 1419 1063 cessooout
1434 1011 1575 1081 expositio
1590 1021 1631 1070 cst
1645 1015 1708 1085 ejus

77 1101 173 1158 arius:
207 1100 296 1171 bujus
324 1099 432 1171 quippe
459 1099 592 1155 senarius
620 1100 714 1156 media
741 1114 807 1170 pars
862 1094 940 1163 quod
955 1094 1068 1151 dixerat
1080 1097 1226 1165 requievit,
1240 1111 1276 1154 ne
1294 1098 1365 1156 lorte
1383 1100 1507 1158 alabore
1521 1101 1615 1173 ipsum
1630 1104 1709 1175 quie-

77 1189 234 1247 tternarius
255 1189 349 1256 tertia,
371 1187 517 1245 ternarius
539 1196 654 1259 quarta,
676 1189 807 1246 binarius
862 1181 938 1239 visse
953 1183 1175 1241 arbitraremur.

76 1280 172 1336 unitas
197 1278 367 1334 duodecima
378 1293 386 1348 ;
417 1292 483 1349 quae
511 1292 611 1333 ournes
634 1278 807 1335 adinvicem
899 1272 1014 1330 Greuot't.
1031 1274 1063 1330 lu
1079 1271 1173 1334 Verbo
1189 1283 1220 1332 ut
1247 1277 1349 1345 tuomet
1366 1276 1394 1333 in
1414 1293 1497 1349 opere
1509 1280 1595 1352 juxta
1613 1281 1705 1339 illud:

77 1377 123 1424 :ue
144 1368 288 1423 senlacim
315 1365 433 1429 iaciunt,
460 1366 511 1437 qui
529 1367 652 1435 protecto
668 1381 808 1424 uumerus
861 1364 939 1417 Dicit
962 1369 987 1417 et
1014 1365 1189 1430 factasunt·
1214 1364 1250 1421 Et
1282 1367 1395 1423 attende
1423 1370 1500 1439 quud
1527 1384 1585 1425 nott
1611 1372 1650 1427 ita
1672 1373 1708 1430 de

77 1457 138 1513 ario
155 1458 247 1528 major
274 1463 325 1512 est.
358 1456 496 1512 lliminuti
513 1465 661 1512 verosuut
681 1471 807 1527 quorum
862 1453 985 1520 septima
1009 1453 1066 1516 uie,
1087 1452 1211 1509 sicutde
1235 1455 1346 1511 caeteris
1365 1456 1481 1524 dicitur,
1506 1459 1576 1530 quia
1600 1463 1708 1518 lactum

79 1547 281 1617 scomputatis
304 1554 332 1603 et
360 1546 414 1601 sibi
442 1544 606 1616 coniunctis
633 1559 747 1602 surrirna
770 1554 808 1602 to·
861 1548 904 1595 est
923 1553 1037 1610 vespere
1052 1549 1081 1597 et
1101 1555 1186 1600 mane
1205 1545 1265 1599 dies
1282 1543 1429 1615 septimus.
1447 1546 1510 1603 Nou
1536 1548 1613 1604 euim
1631 1550 1660 1605 in
1674 1563 1708 1606 eo

78 1637 118 1692 idi
137 1650 194 1691 nou
212 1643 311 1704 potest,
330 1643 361 1691 ut
380 1644 422 1690 est
436 1644 621 1692 octonarius:
649 1635 695 1690 iric
723 1636 807 1707 qnip·
862 1629 936 1684 sicut
952 1629 1103 1687 incaeteris
1117 1631 1228 1703 aliquid
1249 1632 1346 1689 iecisse
1363 1634 1439 1691 licus
1456 1646 1641 1703 memoratur,
1658 1638 1708 1694 sed

78 1739 157 1781 ierus
176 1725 300 1781 mediam
328 1731 439 1794 purtem
465 1724 550 1780 babet
574 1725 804 1795 quaternarium,
863 1724 974 1774 tautum
986 1721 1142 1789 quievisse,
1159 1735 1210 1778 nuc
1222 1734 1309 1791 opera
1324 1723 1577 1794 multiplicationis
1592 1739 1657 1796 quae
1678 1726 1706 1782 in

78 1828 96 1869 n
111 1814 269 1879 pinarium,
284 1823 414 1871 oqquqm
426 1828 538 1883 unum
554 1829 620 1885 (μω,
639 1814 726 1871 simu}
739 1815 807 1886 jun.
861 1805 916 1863 huc
929 1810 1051 1877 septimo
1069 1810 1115 1866 die
1130 1808 1247 1866 luerunt
1262 1812 1392 1882 quotidie
1413 1813 1557 1884 usquead
1572 1829 1705 1871 consum·

78 1902 219 1958 tenacium
241 1902 361 1970 iaciunt,
383 1918 469 1975 quem
492 1902 640 1960 octonario
665 1905 807 1961 minorem
861 1897 1016 1953 mationem
1028 1899 1372 1970 saetuiicdtttpicbttutut·

78 1999 156 2047 astat.
909 1983 1098 2052 Quoniamea
1122 2002 1188 2058 quae
1216 1980 1443 2063 praedictasset
1466 1990 1553 2062 juxta
1579 1993 1706 2051 radicem

77 2082 224 2150 ψαίρει·
245 2087 321 2136 saint.
348 2080 423 2147 Quin
447 2081 578 2138 videlicet
606 2081 758 2148 elementa,
773 2091 806 2140 ut
861 2072 986 2130 historiae
1012 2089 1046 2131 ac
1072 2080 1220 2132 vertatem
1253 2077 1294 2134 rei
1324 2089 1410 2148 gestae
1438 2089 1582 2151 quantum
1611 2083 1705 2139 valui·

88 2179 140 2236 est,
170 2180 266 2226 creata
285 2179 353 2226 sunt
377 2178 464 2240 atque
488 2171 626 2241 disposita
651 2179 678 2228 et
701 2171 806 2228 sideri·
860 2177 925 2219 mus
941 2164 1084 2233 promenti
1100 2179 1211 2232 sutrina,
1223 2166 1308 2236 iuvat
1324 2168 1425 2223 morali
1441 2184 1557 2241 quoque
1578 2185 1612 2227 ac
1627 2181 1706 2243 post-¹

78 2257 156 2323 tutis,
183 2258 379 2315 animantibus
405 2261 555 2325 adornata,
573 2259 661 2327 iqitm
685 2274 742 2315 nen
763 2274 807 2316 so·
860 2253 978 2309 modum
993 2253 1113 2324 misiissd
1135 2254 1314 2324 0000000000
1339 2270 1391 2312 000
1410 2259 1509 2314 000000
1527 2274 1703 2330 perquirere.

78 2355 114 2402 tta
132 2345 160 2401 iu
186 2348 339 2413 creatione,
367 2349 414 2404 scd
443 2349 528 2404 etiam
546 2348 670 2418 perlecta
683 2357 752 2404 sunt
777 2349 805 2404 in
859 2339 974 2397 iiorulis
993 2341 1091 2412 itaque
1116 2341 1222 2399 dieitur
1242 2345 1379 2413 expositio
1394 2347 1507 2416 quoties
1529 2362 1563 2405 ea
1577 2364 1643 2420 quae
1662 2349 1705 2405 di·

80 2433 227 2503 positione.
250 2437 494 2491 ttrnntoseornrn
519 2435 588 2492 dicit
618 2451 675 2492 non
704 2438 804 2493 saltem
858 2440 967 2486 cuntur
994 2431 1031 2487 ad
1053 2429 1272 2488 {edificationem
1301 2447 1414 2489 uterum
1444 2436 1485 2492 sic
1513 2438 1703 2507 applicantur,

78 2530 106 2579 nt
125 2523 153 2579 in
169 2526 220 2586 eis,
237 2539 338 2581 verum
362 2525 446 2582 etiam
463 2541 528 2597 qoae
546 2536 615 2583 sunt
631 2542 667 2583 ιχ
681 2529 731 2596 ets,
748 2543 804 2584 „011
859 2519 935 2575 sicut
949 2520 979 2575 in
995 2521 1078 2577 nubis
1093 2525 1136 2577 vel
1152 2535 1170 2577 a
1195 2521 1278 2578 nobis
1293 2522 1356 2578 lieri
1372 2523 1476 2582 liabent
1491 2539 1556 2596 quae
1571 2530 1606 2582 ad
1622 2526 1704 2583 salu·

79 2626 98 2668 s
122 2615 230 2670 scilicet
258 2615 306 2669 sed
335 2616 498 2683 corporales
520 2615 711 2680 substantias,
739 2630 805 2686 qum
859 2614 915 2664 tem
930 2610 1091 2667 necessaria
1115 2619 1184 2667 suut
1212 2610 1296 2673 botta.
1324 2613 1414 2669 velmi
1434 2629 1501 2670 cum
1526 2617 1561 2671 de
1577 2616 1705 2687 side,spe

79 2702 135 2757 :nd
158 2701 433 2758 commendationem
460 2703 561 2759 mundi
588 2704 730 2773 pertinent
755 2718 804 2774 por
858 2697 1039 2755 etclturitate
1068 2698 1114 2754 vel
1143 2699 1226 2755 bonis
1247 2700 1384 2770 operibus
1405 2704 1584 2772 expositione
1607 2715 1704 2761 nostra

79 2790 113 2848 od
132 2806 167 2847 ex
195 2806 226 2847 eu
261 2791 376 2846 lotitiam
405 2791 533 2848 liabent:
561 2792 655 2849 otonis
688 2798 803 2848 oritanis
820 2820 840 2875 C
858 2783 991 2842 lectorem
1005 2787 1187 2843 instruimus.
1203 2787 1325 2858 Mystica
1346 2803 1413 2844 vero
1432 2790 1539 2846 dicitur
1552 2793 1701 2863 expositio,

79 2889 132 2937 taut
149 2881 212 2936 cmii
234 2881 373 2942 videlicet,
391 2882 464 2936 sicut
481 2880 585 2950 sidera,
604 2896 693 2953 quam
718 2891 801 2940 terrae
857 2884 924 2928 0001
953 2889 987 2930 00
1005 2875 1187 2946 praetigurari
1207 2876 1343 2932 00000000
1366 2891 1432 2947 quae
1453 2892 1471 2934 0
1493 2887 1618 2949 tempore
1639 2895 1703 2952 gra·

79 2968 531 3039 q,sicutpqqnqaeveqanqmaqa,
856 2955 903 3011 ιιι
940 2972 992 3028 per
1037 2959 1184 3015 Christum
1222 2959 1338 3016 luerent
1376 2966 1617 3031 consummanda,
1659 2965 1703 3022 vel

87 3059 201 3124 secent.
225 3057 281 3113 sax
306 3058 412 3114 surico
438 3058 666 3127 praetzeoenuous
687 3060 800 3117 steens.
857 3058 1041 3118 numenque
1068 3046 1307 3104 nestorianum
1333 3052 1504 3122 rraestsnari
1529 3054 1701 3112 ostendum.

83 3145 166 3202 modo
186 3154 254 3201 tunc
270 3161 343 3216 opus
362 3160 450 3203 suurn
468 3148 621 3217 coutplerit
638 3156 666 3205 et
693 3164 750 3205 ιιοη
770 3150 800 3207 iu
1198 3151 1366 3194 mittitis·

79 3249 100 3300 ρ,
118 3235 141 3290 st
167 3243 237 3290 tuno
253 3235 323 3291 niun
340 3233 405 3292 foen
420 3236 434 3290 ‘r
452 3235 530 3292 Unde
545 3238 700 3306 septimum
723 3240 800 3296 spem
891 3223 1026 3281 donresto
1050 3224 1098 3281 illa
1121 3225 1183 3282 eceli
1207 3235 1233 3283 et
1258 3236 1341 3283 terrae
1370 3228 1451 3299 prius
1479 3239 1574 3287 creata
1597 3232 1626 3288 in
1645 3247 1704 3292 ma·

79 3339 141 3380 mus
171 3332 261 3382 totum
291 3326 423 3382 summm
455 3326 551 3382 ΜΗ
589 3334 710 3398 tempus,
742 3345 799 3401 quq
856 3314 1116 3371 teriaetnondum
1136 3316 1163 3370 in
1189 3324 1315 3372 creatam
1337 3319 1463 3386 partium
1487 3320 1700 3379 distinctionem

79 3427 146 3469 cape
175 3428 233 3468 1201]
262 3421 352 3469 cessat
377 3414 483 3484 species
508 3424 619 3471 creatas
647 3419 674 3471 in
699 3417 799 3487 aliquo
855 3404 981 3471 redacta,
1007 3405 1092 3460 honlo
1116 3412 1157 3460 &Si
1184 3417 1222 3460 θΧ
1249 3404 1391 3475 superiori
1419 3415 1447 3463 θΙι
1476 3408 1604 3466 inferiori
1627 3411 1701 3467 suh-

80 3514 192 3557 1115320110
217 3515 254 3557 ex
278 3511 384 3558 natum
413 3518 512 3559 papum
539 3504 599 3574 jam
630 3517 800 3575 praeparata.
855 3496 960 3549 stantia
975 3504 1120 3559 constane,
1149 3493 1177 3550 id
1202 3502 1246 3550 eSi
1268 3508 1305 3550 eX
1333 3496 1431 3551 anima
1453 3505 1481 3553 el
1501 3512 1637 3570 corpore:
1653 3500 1702 3557 sed

80 3598 127 3644 xta
149 3589 219 3646 illud
246 3591 589 3647 Veritatis-:Poterimus
613 3594 798 3661 usquemodo
856 3583 952 3637 00000
980 3585 1063 3653 (10000
1093 3582 1224 3638 00000000
1257 3591 1284 3638 00
1314 3586 1445 3643 moribus
1479 3586 1698 3662 0000000300οι

82 3682 209 3746 ‚01090
237 3684 499 3750 op,.r„·‚qqnquam
523 3682 547 3736 εἰ
567 3682 695 3738 diceret:
720 3684 800 3740 sieut
855 3671 985 3727 nondum
1015 3685 1101 3727 carue
1128 3671 1242 3741 spiritui
1275 3672 1351 3728 sicut
1386 3683 1498 3745 oportet
1532 3678 1700 3764 subjugata,

80 3767 142 3823 jum
163 3771 274 3836 operari
305 3778 406 3835 cpssffl,
424 3770 553 3840 quopfflip
577 3771 682 3828 scqlicpt
704 3771 800 3828 multi.
855 3759 912 3816 im‘J
937 3762 1028 3832 magis
1056 3760 1171 3830 spiritui
1196 3758 1371 3829 dutllittattle,
1398 3772 1486 3834 alque
1515 3767 1554 3822 ila
1578 3777 1700 3826 flatilia·

80 3859 272 3927 ‚quaeqsqfflo
296 3859 371 3915 saep,
390 3860 525 3928 3111qu
548 3874 667 3931 npssego
694 3869 799 3930 flames
854 3849 909 3905 lem
939 3850 1070 3905 ordinem
1104 3849 1298 3906 confundente
1325 3865 1359 3906 tte
1385 3854 1582 3924 perturbante,
1609 3857 1699 3913 donec

80 3943 98 4001 ·i
126 3953 266 4018 tanquam
300 3958 444 4005 coaeterna
473 3947 537 4019 ejus
564 3948 719 4020 Sapientia,
749 3964 799 4021 per
853 3939 952 3996 divine
972 3940 1066 4011 gratia
1086 3939 1244 3994 animalem
1263 3939 1343 3996 bunc
1367 3939 1512 3998 homiuem
1537 3945 1700 4014 inspirita-

80 4038 151 4091 „nta
167 4037 242 4094 iacit.
854 4029 908 4086 lem
925 4028 1078 4085 transierat
1093 4031 1181 4099 atque
1195 4028 1307 4096 lormet,
1332 4029 1406 4086 sicut
1427 4029 1505 4086 illum
1522 4033 1605 4102 quasi
1626 4033 1699 4091 bru·

83 4127 178 4180 mevit,
208 4127 352 4184 qessqndo
369 4127 489 4194 scincet,
504 4127 577 4185 §1001
596 4128 691 4186 sqaqm
707 4144 797 4200 expo.
854 4128 911 4177 tam
927 4127 1015 4190 atque
1041 4118 1191 4175 contusam
1219 4119 1424 4176 elementorum
1442 4121 1605 4192 congeriem
1621 4132 1697 4194 post-

82 4213 230 4282 speciebus
252 4230 326 4287 quas
352 4224 511 4284 creaverat,
541 4231 598 4273 non
626 4232 643 4273 a
676 4233 798 4276 numero
852 4209 971 4266 modum
1006 4208 1160 4265 ordinavit.
1189 4208 1240 4264 Cui
1273 4208 1406 4266 videlicet
1431 4209 1603 4281 confusioni,
1634 4227 1700 4285 quae

80 4301 107 4357 in
135 4303 176 4358 eis
206 4303 510 4373 multiplicandarum:
537 4305 618 4362 uuila
639 4308 797 4378 quippede
852 4313 903 4370 l)er
931 4299 1056 4355 fluidum
1080 4299 1253 4354 0000000000]
1288 4311 1372 4369 aquae
1404 4300 1510 4359 iterum
1542 4301 1698 4374 0800οῑοῐ,

83 4390 169 4447 sillis
187 4394 367 4462 postmodum
390 4393 517 4464 peritura
533 4405 604 4462 erut,
621 4403 654 4451 ut
676 4397 711 4453 ad
734 4411 799 4454 eam
851 4389 968 4458 spiritus
991 4386 1143 4452 incumbit,
1167 4387 1238 4443 dum
1267 4387 1301 4444 de
1326 4388 1441 4445 lromine
1466 4391 1563 4447 adbuc
1582 4391 1700 4448 animali

81 4480 139 4535 lam
156 4495 213 4536 11011
243 4481 387 4538 sufficeret
406 4496 455 4551 per
481 4497 510 4538 se
530 4485 705 4554 natupaJam
724 4499 796 4556 prae.
850 4474 1007 4548 spiritaiem
1036 4475 1150 4534 efiicel'e
1170 4476 1270 4533 divina
1295 4477 1409 4534 bonilass
1437 4479 1582 4549 disponit:
1609 4488 1637 4539 (ll
1658 4480 1700 4537 810

81 4567 201 4624 sieutet
233 4571 269 4625 an
296 4571 448 4627 individua
477 4572 636 4641 specterum
662 4575 798 4646 muttipti.
850 4566 1064 4638 quodammodo
1094 4566 1171 4622 illam
1195 4566 1391 4623 contusionem
1412 4570 1569 4625 merearis
1588 4569 1700 4626 incum-

82 4655 138 4711 Etsi
172 4658 251 4714 enim
286 4671 429 4728 ponamus
466 4660 625 4729 phenicem
673 4665 796 4733 speciem
850 4655 1039 4724 bontistoret,
1070 4664 1102 4714 ut
1120 4656 1185 4712 inde
1214 4656 1299 4728 quasi
1325 4657 1438 4727 pullum
1462 4658 1699 4728 producendum

95 4743 209 4815 aliquas
225 4747 333 4816 species
349 4747 506 4804 herbarum
520 4749 563 4805 vel
583 4749 688 4806 ilttrum
703 4765 797 4821 quan·
850 4755 974 4804 veterem
991 4747 1087 4804 adltue
1110 4746 1255 4803 bortrinem
1284 4747 1314 4803 in
1341 4761 1448 4804 novum
1469 4747 1624 4806 reformare
1645 4763 1699 4820 pa·

81 4834 267 4905 aperirejam
292 4838 796 4910 tamenitanaturaerprimordia·
850 4845 903 4895 rat.
930 4835 1009 4904 Quod
1042 4837 1160 4908 quidem
1187 4836 1274 4893 eitlcit
1308 4839 1400 4907 primo
1422 4836 1699 4909 lucemlideiinspi-

86 4923 202 4980 usisest
220 4934 388 4994 praeparata,
412 4935 445 4982 ut
471 4927 506 4981 acl
531 4929 588 4983 ιιι
606 4929 796 4985 restauranda
849 4927 951 4995 rande,
972 4927 1154 4997 postmodum
1184 4940 1275 4997 spent.
1308 4926 1410 4983 deinde
1434 4926 1614 4995 charitatem,
1631 4935 1699 4984 tan·

111 5013 185 5069 liene
213 5013 309 5085 itaquo
333 5016 402 5072 uicit
426 5017 499 5083 qood
520 5023 660 5088 pertrui-ot.
688 5019 796 5077 scilicet
851 5015 913 5072 dem
935 5017 963 5070 in
979 5016 1116 5085 operibus
1141 5014 1290 5071 charitatis
1315 5030 1381 5072 cum
1407 5017 1645 5084 consummando,
1667 5024 1699 5073 ιιι

84 5101 148 5168 bus,
177 5117 236 5159 non
264 5109 339 5176 quod
359 5106 604 5175 multiplicaturus
619 5109 723 5165 eratin
739 5122 795 5165 nu·
850 5119 909 5162 uon
923 5104 1017 5160 solum
1039 5104 1274 5171 obtectionem
1299 5104 1363 5159 aliis
1390 5111 1481 5168 vitat,
1509 5118 1561 5161 uec
1585 5114 1698 5162 tuntum

84 5189 280 5248 divitluurum.
312 5193 450 5260 Quaeritis
474 5196 552 5252 enim
591 5196 688 5254 mulus
721 5198 796 5256 inter
850 5195 879 5250 in
894 5209 925 5251 se
949 5194 1043 5250 bonus
1061 5196 1107 5261 sit,
1133 5209 1232 5250 rerum
1260 5194 1345 5251 etium
1372 5193 1442 5250 elios
1472 5194 1562 5250 bonus
1593 5194 1699 5251 alliciat

82 5279 237 5338 ,namatium
266 5293 380 5340 creatus
410 5299 468 5343 non
495 5287 591 5353 tuerit,
615 5286 661 5343 vei
684 5301 796 5346 vermes
850 5283 1057 5355 tamexempto
1087 5297 1208 5357 operum
1234 5283 1277 5340 rel
1308 5282 1453 5340 beneficiis
1478 5283 1696 5355 collatisquam

97 5369 198 5442 aliqua
218 5375 370 5443 putredine
398 5373 444 5432 tel
468 5376 652 5448 corruptione
667 5384 795 5448 postmu·
849 5373 981 5432 doctrina
1005 5373 1225 5444 praedicationis.
1253 5373 1366 5431 creatio
1381 5371 1479 5446 itaque
1494 5373 1568 5431 lucis
1592 5373 1699 5432 illumi·

83 5458 104 5529 i,
133 5460 165 5518 in
188 5460 258 5534 ipsis
271 5470 366 5524 tamen
386 5465 536 5536 speciebus
549 5467 694 5538 predictis
707 5466 794 5527 semi·
848 5463 928 5548 natio
943 5470 987 5524 est
1000 5463 1078 5534 iidei,
1101 5475 1192 5536 quam
1215 5461 1342 5535 Spiritus
1363 5471 1483 5522 sanctus
1511 5463 1557 5523 itit
1586 5463 1697 5536 quibua
