3804 5962
136 199 204 256 llos
401 192 705 254 persistentem
725 194 802 253 OPP.
821 195 912 253 Pales
929 195 978 253 111.
994 196 1262 255 -stteotodtca
1281 198 1324 254 ΕΤ
1344 198 1611 256 ehttosoetslca.
1817 198 1876 258 titi

131 320 212 378 ducit
238 317 384 392 loquentis
405 317 465 375 slc:
491 319 620 373 Dominus
644 317 718 372 dicit
741 315 779 372 od
810 331 866 371 me:
893 317 979 374 titius
994 321 1020 378 a
1033 325 1062 376 et
1089 334 1118 377 se
1141 334 1208 378 cum
1234 322 1317 378 Patre
1341 320 1516 379 eternaliter
1537 329 1756 393 permanentem
1772 337 1877 397 semper

130 425 206 467 meaos
237 424 264 465 es
288 415 328 477 tu,
350 422 399 477 ego
424 406 504 463 hodie
529 407 613 476 genui
637 410 671 461 te.
697 405 811 461 Postulo
835 420 923 474 ome,
951 412 978 462 et
1031 408 1131 465 ludere
1149 422 1246 466 coram
1271 425 1314 466 eo.
1330 409 1441 481 Quippe
1464 410 1542 481 quod
1562 420 1732 482 conceptum
1752 414 1874 482 parturi·

130 499 201 556 dabo
229 497 281 554 tibi
300 500 392 566 omres
414 495 599 552 hereditatem
627 499 712 563 tuom
734 501 788 551 etc.
810 493 895 565 (Psoi.
913 511 943 564 ιι,
959 492 978 549 7
1031 504 1090 563 tur,
1105 496 1207 568 ulique
1221 497 1251 554 in
1266 498 1326 569 ipso
1342 506 1383 555 est
1406 513 1423 555 a
1445 512 1503 569 quo
1520 507 1687 571 generatur.
1701 501 1736 556 Et
1757 500 1871 572 Sapien-

129 587 267 659 etseqq.)
282 585 517 642 Tileestautem
542 583 622 656 quod
645 584 685 640 ait
701 587 778 653 :sco
805 585 978 653 hodiepenui
1031 585 1070 642 tia
1094 585 1125 641 iu
1151 585 1213 656 ipsa
1237 587 1401 643 substantia
1433 588 1494 644 sive
1521 587 1645 643 essentia
1671 588 1801 658 potentia
1827 597 1871 656 est,

130 673 242 746 te,aesi
260 673 385 731 diceret:
408 672 644 730 AEternaliterex
669 672 732 742 ipsa
755 685 820 729 mea
844 672 977 731 substan·
1030 686 1098 730 cnm
1128 673 1190 743 ipsa
1217 674 1324 730 seilicet
1350 674 1484 745 quedam
1513 675 1550 731 sit
1579 675 1717 745 potentia,
1731 674 1810 733 sicut
1832 691 1873 747 po·

93 758 101 773 ’
128 764 223 822 dass.
246 764 318 820 Nam
331 761 402 834 quia
418 761 449 817 in
467 762 626 818 eternitate
649 760 724 817 nihil
737 767 779 817 est
800 760 976 830 preteritum
1030 763 1137 819 sterius
1162 763 1356 819 ostendemus.
1372 763 1440 819 Tale
1464 770 1506 819 est
1521 777 1590 834 ergo
1616 764 1795 835 Sapientiam
1811 779 1874 823 con·

128 859 180 912 aut
212 851 358 918 loturum,
384 849 433 907 sed
465 849 666 907 tantummodo
704 862 837 920 presens,
871 848 976 906 idcirco
1030 857 1141 920 ceptam
1167 851 1307 921 parturiri
1335 864 1352 907 a
1383 853 1449 920 beo,
1466 865 1501 907 ae
1528 851 1553 907 si
1582 851 1692 909 dictum
1720 851 1769 921 sit,
1789 853 1872 925 ipsam

128 938 267 998 adverbio
297 937 436 1010 temporis
459 937 609 1008 presentis
635 950 688 1007 pro
711 937 871 994 eternitate
906 951 989 1008 osus,
1029 937 1204 1009 Sapientiam
1221 952 1258 996 ex
1282 940 1343 1011 ipsa
1372 941 1464 997 Patris
1477 941 1649 1008 substantia,
1673 941 1705 997 in
1729 955 1793 1013 qua
1822 950 1867 1008 est,

129 1036 182 1098 est,
205 1026 325 1086 dicendo
350 1025 430 1082 bodie
460 1039 512 1097 pro
539 1024 721 1082 eternaliter.
737 1026 812 1082 Bene
830 1025 975 1082 autemad
1030 1027 1120 1098 gigni.
1150 1027 1215 1084 Tale
1239 1035 1281 1085 est
1311 1028 1459 1100 Sapientia
1482 1027 1582 1085 ludere
1616 1042 1713 1086 coram
1741 1030 1825 1088 Patre
1847 1038 1871 1088 et

128 1117 209 1175 hodie
228 1114 341 1173 addidit
365 1115 457 1183 penui,
472 1113 557 1185 quasi
576 1114 709 1184 presenti
733 1114 921 1183 preteritum,
944 1120 977 1170 ut
1030 1115 1175 1186 cumipse
1199 1124 1304 1174 cuncta
1334 1130 1517 1188 componere,
1533 1131 1567 1173 ac
1593 1115 1618 1173 si
1646 1117 1764 1187 dixerit,
1789 1120 1872 1190 ipsam

128 1205 261 1265 videlieet
276 1204 370 1275 ipsam
390 1202 606 1276 generationem
627 1214 678 1272 per
701 1200 787 1256 Hodie
810 1208 976 1271 presentem
1030 1202 1158 1259 divinam
1173 1204 1330 1260 Potentiam
1355 1205 1453 1263 omnia
1470 1206 1500 1261 in
1519 1205 1664 1276 Sapientia
1688 1218 1741 1276 pro
1766 1207 1869 1264 bonita-

127 1306 251 1365 semper,
276 1304 328 1364 per
350 1292 439 1349 Genua·
463 1290 617 1362 perlectam
633 1302 695 1347 esse
721 1289 871 1359 indicaret,
895 1304 977 1346 nnn·
1032 1292 1067 1348 tls
1090 1305 1149 1348 sue
1169 1291 1290 1348 arbitrio
1316 1293 1521 1363 disponerent
1547 1295 1575 1349 in
1599 1293 1659 1365 ipso
1689 1294 1759 1351 ludo
1782 1295 1869 1367 ipsum

127 1396 218 1456 qnam
254 1380 364 1439 scilieet
395 1387 446 1437 aut
483 1392 595 1436 cessare
637 1385 689 1434 aut
720 1377 873 1448 incaeptam
905 1390 975 1433 esse.
1031 1380 1166 1437 bonitatis
1189 1379 1322 1437 allectum
1351 1381 1564 1452 intelligamus:
1586 1383 1620 1438 de
1649 1397 1709 1454 quo
1738 1385 1870 1456 scriptum

126 1469 240 1542 Quippe
253 1482 320 1541 qne
335 1468 478 1540 preterita
492 1467 627 1538 sunnam
643 1466 977 1536 mmpletasuntctper·
1030 1475 1090 1524 est:
1115 1469 1224 1538 Spiritu
1250 1471 1305 1524 oris
1333 1470 1392 1539 ejns
1421 1472 1508 1524 omnis
1531 1472 1621 1526 uirtus
1648 1486 1743 1527 eorum
1773 1472 1869 1545 (Psoi.

64 1624 68 1631 ¹
127 1558 216 1618 lecta:
239 1558 360 1630 ideoque
376 1556 555 1628 preteritum
570 1555 656 1626 quasi
672 1553 906 1626 properleetione
921 1568 973 1624 po-
990 1548 1011 1603 B
1028 1570 1127 1623 xxxii,
1153 1557 1191 1627 o).
1221 1556 1302 1624 Quod
1330 1571 1398 1614 vero
1424 1565 1463 1613 art
1492 1557 1667 1629 Sapientiam
1692 1573 1794 1618 coram
1821 1560 1869 1618 [leo

126 1641 195 1717 suit,
210 1646 363 1706 ostendens
372 1645 481 1702 scilicet
494 1642 600 1701 Filium
612 1658 650 1700 ex
665 1643 749 1700 Patre
764 1655 875 1712 semper
891 1643 974 1714 gigni
1029 1645 1112 1702 Patre
1139 1658 1252 1717 semper
1281 1647 1422 1714 assistere,
1448 1646 1505 1703 tale
1532 1654 1586 1716 est,
1614 1648 1710 1718 ipsam
1739 1650 1867 1721 omnipo·

125 1742 154 1795 et
167 1748 281 1808 semper
294 1734 426 1808 genitum
440 1746 511 1789 esse.
527 1731 582 1799 Qui
596 1739 624 1788 et
638 1729 707 1787 alibi
722 1730 849 1801 apertius
862 1729 974 1787 eterni·
1028 1734 1145 1790 tentiam
1159 1733 1232 1790 nihil
1257 1734 1381 1800 elocare,
1397 1735 1452 1790 nisi
1477 1743 1623 1805 preeunte
1649 1736 1765 1795 ratione
1779 1745 1807 1797 et
1819 1738 1866 1794 dn·

125 1832 213 1884 tatem
229 1823 293 1882 Filii
308 1828 482 1895 protestatur
497 1820 613 1877 dicens:
634 1820 807 1876 Permanebit
832 1835 893 1874 curn
918 1820 973 1874 soie
1027 1828 1094 1879 catu
1109 1822 1271 1893 sapientie.
1287 1825 1357 1879 ltem
1384 1823 1458 1880 idem
1484 1824 1514 1880 iu
1527 1824 1635 1882 eisdem
1651 1825 1817 1884 Proverbiis
1840 1826 1867 1882 de

126 1917 224 1971 stante
243 1913 337 1969 lunam
359 1913 390 1967 in
412 1913 586 1980 generatione
610 1915 637 1964 et
659 1909 861 1978 generationem
877 1909 971 1978 (Psoi.
1028 1910 1099 1967 Filio
1113 1912 1162 1968 Dei
1187 1919 1215 1968 ct
1240 1911 1377 1969 ineflabili
1402 1912 1518 1969 nomine
1545 1912 1636 1983 ipsius
1666 1928 1788 1986 quoque
1814 1914 1867 1972 pepp

124 2016 207 2071 nxxr,
222 2001 258 2072 5).
272 2002 308 2058 itt
317 2001 563 2058 rursum:Teonm
572 2000 744 2069 principium
755 1999 785 2053 in
794 1997 971 2053 dieoiritutis
1028 1998 1258 2059 manifestissime
1294 2000 1402 2066 scribit,
1433 2001 1517 2072 quasi
1554 2001 1678 2059 induens
1717 2016 1862 2074 porsonam

125 2093 217 2148 luein
229 2089 419 2161 splendoribus
429 2094 596 2156 sanctorum,
608 2103 643 2143 ee
654 2091 730 2143 utero
739 2091 803 2142 aute
814 2087 972 2153 Luciferum
1027 2088 1206 2144 admirabilis
1234 2088 1386 2160 cujusdam
1416 2089 1562 2158 prophete
1589 2089 1666 2148 hanc
1696 2090 1868 2149 inenarrabi-

123 2182 205 2250 genni
216 2182 242 2234 te
257 2178 267 2251 (
280 2181 354 2235 Psoi.
369 2192 434 2245 cix,
449 2179 488 2249 3).
505 2179 544 2234 ile
559 2177 615 2234 hac
636 2177 724 2234 etiam
743 2174 880 2233 ineilabili
893 2182 921 2233 et
935 2189 970 2230 e·
1026 2177 1082 2234 lem
1096 2178 1309 2249 generationem
1335 2177 1533 2247 prophetantis
1555 2185 1583 2235 et
1606 2178 1788 2237 admirantis.
1806 2181 1869 2238 llicit

123 2273 207 2324 terna
234 2267 428 2338 generatione,
454 2267 515 2323 sire
540 2265 627 2322 etiam
656 2264 818 2336 temporali,
842 2278 971 2336 quarum
1026 2267 1136 2337 quippe
1159 2266 1219 2323 sic:
1244 2267 1353 2324 Visio...
1387 2282 1469 2335 quam
1485 2267 1589 2322 ocutus
1611 2271 1652 2322 est
1670 2272 1715 2322 uir
1737 2283 1800 2324 cnm
1822 2284 1867 2340 gno

124 2360 251 2426 utraque
274 2353 418 2411 mirabilis
438 2361 493 2420 est,
513 2353 603 2410 isaias
629 2352 777 2410 admirans
800 2354 859 2409 ait:
886 2354 971 2410 dene·
1026 2358 1202 2423 estiennot
1221 2357 1270 2425 qui
1294 2357 1348 2409 beo
1376 2369 1464 2409 secum
1491 2360 1614 2409 morante
1641 2358 1815 2423 confortatus
1832 2360 1866 2413 oit

122 2445 258 2500 rationem
284 2443 344 2512 ejus
372 2446 433 2514 qun
462 2439 626 2497 enarrabit?
647 2441 712 2514 (isa.
748 2457 810 2511 cut,
830 2441 859 2513 8)
886 2456 920 2498 ac
947 2443 970 2499 si
1026 2443 1127 2516 (irco.
1144 2457 1216 2510 xxx,
1240 2445 1262 2513 ι)
1286 2441 1368 2508 :Quis
1391 2446 1535 2498 susmtaoit
1556 2458 1646 2498 omnes
1666 2447 1799 2501 terminos
1821 2451 1864 2501 ter·

124 2539 221 2605 aperte
248 2530 451 2589 dicerettNon
476 2539 519 2589 est
542 2531 598 2588 hoc
623 2530 763 2588 disserere
779 2530 902 2588 humani
926 2531 968 2588 in·
1023 2530 1183 2601 reigned
1211 2546 1307 2586 nomen
1336 2532 1405 2600 ejus,
1431 2535 1457 2586 et
1480 2532 1553 2597 quod
1580 2548 1676 2587 nomen
1705 2534 1771 2589 iiiiii
1793 2533 1865 2605 muel

124 2620 214 2696 genii,
238 2621 288 2678 sed
310 2618 401 2677 solius
424 2619 486 2688 Dei,
503 2619 588 2691 cnjus
606 2626 702 2676 tamen
728 2619 851 2691 Spiritus
874 2619 904 2676 in
924 2619 970 2676 his
1024 2620 1132 2692 (thid,
1147 2621 1184 2690 t).
1203 2619 1298 2687 Quam
1314 2620 1430 2676 drmum
1454 2621 1553 2689 etiam,
1568 2635 1717 2693 quamque
1742 2632 1865 2694 apertum

122 2709 258 2769 fidelibus
281 2721 355 2780 quos
382 2707 447 2765 vult
475 2707 616 2779 loquitur,
643 2708 705 2778 ipso
729 2714 891 2774 attestante,
917 2707 969 2779 qui
1024 2709 1090 2766 fidei
1113 2715 1216 2767 nostre
1236 2709 1429 2765 testimonium
1459 2708 1488 2764 in
1514 2709 1712 2768 Ecclesiastico
1736 2713 1866 2787 emnerii,

122 2797 181 2857 ait:
196 2798 256 2856 Non
268 2811 315 2854 eos
339 2800 404 2853 estis
424 2796 473 2867 put·
488 2798 642 2864 loquimini,
663 2797 711 2851 sed
734 2795 855 2866 Spiritus
879 2799 970 2851 Patris
988 2801 1009 2857 c
1026 2797 1076 2854 ubi
1089 2797 1206 2869 quidem
1226 2796 1370 2867 Sapientia
1384 2797 1433 2853 Dei
1457 2805 1485 2854 et
1508 2811 1537 2854 se
1561 2799 1784 2870 primogenitam
1807 2808 1868 2857 anm

120 2888 206 2943 nestri
226 2890 273 2956 qui
296 2886 419 2957 loquitur
439 2889 469 2941 in
490 2886 566 2942 nobis
581 2885 692 2954 (matth.
709 2897 737 2949 ιι,
754 2885 810 2955 20).
833 2885 968 2954 Hierony·
1024 2885 1122 2942 omnia
1136 2885 1203 2941 dicit
1224 2885 1382 2959 spoundum
1399 2885 1558 2942 divinitatis
1583 2893 1772 2954 naturam,et
1800 2895 1869 2960 post-

122 2975 288 3033 mnsetiam
314 2987 403 3045 super
424 2973 613 3030 Ecclesiasten
635 2987 669 3029 eo
684 2972 744 3029 loco
769 2987 827 3043 quo
842 2972 967 3029 dicitur:
1023 2972 1140 3028 rhodum
1166 2977 1291 3027 creatam
1315 2971 1475 3027 seeundum
1498 2979 1611 3029 nature
1633 2982 1740 3030 nostre
1763 2987 1869 3032 assum

121 3061 259 3137 Quislacit
284 3065 402 3134 spiritus
423 3063 543 3133 fitmrum
568 3060 817 3133 bominumltllsi
839 3061 969 3115 ostendat
1024 3061 1159 3131 ptionem,
1186 3073 1252 3116 cum
1276 3060 1338 3129 ipsa
1367 3059 1499 3117 videlicet
1522 3061 1557 3118 ad
1596 3062 1752 3132 imperium
1779 3064 1867 3120 Patris

120 3166 240 3222 ameum,
261 3156 288 3208 et
322 3153 437 3222 spiritus
462 3151 570 3221 pecoris
602 3149 747 3205 descendat
778 3149 908 3205 deorsum
937 3147 968 3204 in
1023 3162 1074 3220 per
1101 3147 1312 3204 iucarnationis
1346 3147 1479 3205 habitum
1507 3149 1637 3206 visitavit
1669 3151 1768 3208 lsrael.
1798 3152 1868 3209 sori·

120 3239 244 3297 temen?
281 3240 379 3311 (Erote
407 3254 449 3306 ιιι,
484 3238 530 3309 m)
567 3237 639 3295 illud
670 3237 749 3309 qnod
777 3237 887 3294 dictum
914 3245 966 3294 est.
1022 3245 1104 3308 ptum
1125 3238 1231 3308 quippe
1255 3243 1297 3293 est
1317 3236 1377 3293 ibi:
1401 3238 1544 3307 Sapientia
1571 3241 1601 3293 in
1614 3239 1798 3296 multitudine
1819 3241 1867 3296 ele·

120 3328 325 3387 mentonem
354 3329 414 3399 ejus
444 3328 507 3395 ouis
535 3324 701 3382 enarrabit?
728 3325 765 3382 ad
801 3325 967 3396 exemplum
1021 3329 1125 3380 ciorum
1148 3325 1257 3380 babebit
1284 3325 1393 3381 taudem
1416 3332 1441 3380 et
1461 3328 1534 3381 iuter
1555 3327 1709 3383 benedictos
1733 3329 1866 3385 benedice-

118 3415 245 3474 dilocilis
259 3430 318 3474 mon
331 3414 515 3487 impossibilis
529 3414 618 3471 trabit
635 3413 753 3471 dicens:
771 3413 966 3485 «hdJ'iciendo
1022 3419 1068 3471 tur
1092 3414 1202 3470 dicens:
1224 3415 1281 3482 lt'po
1309 3431 1344 3469 em
1366 3431 1411 3470 ore
1436 3415 1576 3470 Adiisstlni
1597 3417 1712 3486 prodivi
1730 3420 1865 3488 primoge-

117 3503 194 3576 θυῖε,
217 3503 416 3563 difficultatem
452 3503 493 3560 rei
529 3501 621 3560 voluit
660 3501 865 3559 demonstrare.
900 3501 967 3557 Pro·
1020 3506 1080 3559 nita
1107 3509 1171 3559 ante
1199 3520 1303 3559 omnem
1332 3509 1497 3558 mensuram.
1516 3505 1579 3573 Epo
1605 3507 1635 3559 in
1657 3506 1731 3562 coelis
1758 3509 1814 3575 {eci
1839 3511 1868 3561 sti

117 3607 222 3652 nomen
266 3594 343 3650 enim
388 3593 466 3661 Quis,
490 3590 521 3649 in
563 3590 719 3662 scripturis
755 3589 862 3647 sanctis
906 3605 965 3649 non
1019 3594 1139 3648 oriretur
1167 3593 1259 3648 lumen
1278 3593 1443 3662 indeficiens,
1464 3596 1489 3646 el
1512 3595 1584 3648 sieut
1603 3594 1703 3648 nebulo
1734 3598 1794 3650 teri
1816 3610 1866 3650 om·

117 3696 170 3756 pro
184 3680 368 3754 impossibili,
384 3681 433 3739 sed
458 3694 510 3753 pro
534 3678 647 3737 dilllcili
672 3693 786 3750 semper
810 3678 963 3750 accipitur,
1018 3697 1080 3737 nem
1104 3687 1214 3738 terrum.
1244 3684 1301 3750 Ego
1324 3685 1355 3735 in
1380 3682 1524 3736 altissimis
1545 3681 1679 3749 habitant,
1705 3684 1863 3740 erimarus

115 3766 151 3832 nt
165 3772 223 3829 ibi:
246 3772 451 3829 Generalionem
473 3770 535 3841 ejus
558 3770 587 3827 id
611 3776 653 3827 est
675 3769 792 3839 Christi,
805 3770 867 3839 quis
888 3784 966 3824 enar·
1019 3786 1093 3826 meus
1107 3773 1137 3826 in
1154 3772 1280 3826 columna
1297 3769 1388 3824 nubis.
1406 3771 1508 3839 (lyram
1523 3770 1583 3824 coeli
1595 3772 1709 3826 circuivi
1727 3773 1799 3842 sola,
1811 3778 1861 3828 ete.

114 3858 299 3918 rabitletc.·
1019 3859 1113 3932 (Eucti.
1143 3874 1233 3929 xxrr,
1260 3859 1381 3930 4·8.)Et
1410 3866 1607 3930 postpauca:
1639 3861 1713 3916 Tunc
1736 3863 1864 3932 precepit

151 3950 217 4008 ileo
231 3948 317 4008 etiam
330 3948 481 4022 Sapientiae
494 3946 674 4004 coaeternitas
688 3959 755 4004 eum
768 3947 859 4013 rPatre
879 3945 964 4017 plane
1017 3954 1043 4003 ct
1062 3949 1136 4005 dicit
1158 3949 1225 4004 mihi
1240 3949 1350 4004 creator
1364 3949 1495 4015 omnium,
1515 3952 1542 4002 et
1561 3951 1611 4018 qui
1633 3951 1735 4004 creaoit
1765 3966 1808 4005 nra
1824 3965 1862 4004 re·

116 4039 147 4097 ln
162 4039 325 4098 Proverbiis
345 4035 579 4096 menstraturhis
602 4034 716 4094 verbis:
739 4036 797 4103 Epo
820 4036 963 4104 Sapientia
1018 4041 1119 4104 quieuit
1142 4038 1173 4093 in
1196 4037 1370 4093 tabernaculo
1390 4051 1458 4102 meo,
1478 4041 1506 4091 et
1529 4036 1604 4092 dicit
1620 4037 1707 4092 mihi:
1733 4040 1766 4094 in
1780 4038 1861 4094 Jacob

114 4128 208 4186 bobilo
223 4130 255 4184 in
275 4127 419 4189 musitio„
439 4126 566 4182 dominus
591 4123 714 4195 possedit
735 4139 777 4179 me
798 4125 879 4178 initio
902 4127 960 4179 uia·
977 4135 1000 4190 n
1016 4126 1193 4193 inhabitent
1221 4127 1251 4179 in
1271 4125 1358 4180 lsrael
1385 4124 1558 4193 hereditare,
1585 4130 1611 4181 et
1632 4128 1661 4180 in
1682 4125 1775 4181 eiectis
1800 4128 1863 4181 mma

113 4232 176 4274 rom
204 4233 319 4274 summm
341 4221 489 4285 antequam
515 4214 669 4285 quidquam
690 4214 794 4279 taceret
818 4213 959 4283 aprinci·
1014 4219 1092 4269 mitte
1118 4214 1224 4270 radices
1253 4214 1343 4286 (ibid,
1378 4214 1480 4284 leli).
1503 4215 1536 4269 ln
1557 4215 1655 4270 eodem
1685 4229 1806 4287 quoque
1833 4215 1862 4272 li·

110 4309 175 4378 pio.
191 4305 237 4364 Ab
251 4311 350 4363 eterno
373 4304 503 4361 ordinata
526 4317 586 4358 sum
612 4307 758 4372 antequam
778 4308 852 4356 terra
873 4304 958 4372 iteret.
1014 4302 1066 4361 bro
1096 4303 1274 4375 apertissime
1311 4311 1493 4372 peccatorum
1534 4303 1732 4360 remissionem
1770 4303 1860 4361 consi·

113 4396 234 4455 Necdum
260 4399 339 4452 mant
365 4395 470 4464 abpssi,
497 4397 524 4448 et
556 4406 604 4461 ego
625 4391 689 4460 jona
717 4395 846 4460 concepto
873 4405 958 4457 mam,
1013 4397 1087 4448 stere
1110 4392 1140 4448 in
1162 4391 1363 4448 incarnatione
1386 4392 1491 4448 divine
1512 4389 1673 4461 sapientie,
1687 4407 1755 4463 que
1784 4391 1861 4448 Chri·

112 4483 227 4542 medum
247 4486 339 4552 sontes
369 4497 505 4554 aquarum
530 4484 686 4552 eruperant.
714 4479 835 4538 Necdum
857 4484 959 4533 montes
1013 4487 1075 4537 stus
1100 4487 1153 4545 est,
1168 4481 1329 4552 prophetat,
1346 4481 1443 4537 dicens
1471 4489 1586 4550 peccata
1608 4480 1700 4537 David
1716 4481 1860 4552 peerri·

112 4577 194 4646 graui
217 4572 287 4630 mole
307 4573 493 4639 mmtiterant,
510 4575 575 4626 onte
603 4569 684 4626 colles
703 4584 750 4636 ego
771 4568 957 4640 parturiebar.
1011 4577 1089 4627 stum
1102 4576 1226 4641 purgata
1240 4583 1310 4626 esse.
1335 4569 1378 4626 lbi
1393 4569 1470 4626 enim
1493 4584 1560 4626 eum
1588 4570 1624 4626 de
1651 4569 1737 4626 lande
1767 4569 1857 4627 David

111 4663 211 4722 Adhuc
232 4667 334 4720 terram
361 4676 416 4718 non
439 4663 541 4728 fremat
569 4663 596 4715 et
618 4658 744 4714 cardines
769 4659 842 4714 orbis
867 4662 955 4714 terre.
1011 4658 1137 4729 plurima
1163 4658 1338 4727 dicerentur,
1365 4672 1481 4715 summa
1506 4659 1593 4716 totius
1619 4657 1713 4715 landis
1743 4658 1774 4715 im
1805 4658 1857 4715 hoe

112 4751 227 4819 Quando
244 4750 423 4824 preparabat
445 4751 532 4816 celos,
554 4747 701 4804 aderam..
727 4745 955 4817 Quandoappen·
1011 4747 1084 4805 nno'
1103 4747 1222 4804 collecta
1256 4755 1306 4811 est,
1325 4760 1383 4820 quo
1420 4746 1599 4804 subdicitur:
1626 4745 1761 4804 Christus
1784 4763 1850 4818 pun

111 4841 193 4899 debm
217 4841 400 4912 {lrndomenio
421 4843 511 4905 terre,
526 4851 587 4893 enm
612 4851 641 4891 eo
670 4850 746 4890 mam
768 4838 867 4890 cuneta
887 4850 955 4890 com·
1010 4838 1087 4907 gaoit
1107 4841 1220 4907 peccata
1240 4839 1339 4906 ipsius,
1362 4841 1389 4892 et
1410 4837 1544 4891 ecaitouit
1571 4836 1601 4890 in
1624 4840 1756 4890 retensum
1776 4851 1856 4892 mmm

107 4945 224 5003 ponens,
241 4936 267 4987 et
288 4927 445 4986 delectabor
463 4941 515 4997 per
526 4925 648 4995 singulos
664 4924 733 4993 dies,
748 4923 843 4979 luderes
866 4939 957 4979 eoram
1009 4926 1081 4996 ejus,
1093 4933 1118 4981 et
1134 4926 1210 4981 dedit
1227 4926 1271 4980 illi
1285 4929 1472 4980 testamentum
1490 4939 1597 4994 regum,
1616 4928 1642 4980 et
1660 4924 1855 4994 redemporis

111 5036 141 5080 eo
162 5021 365 5091 omnitempore
385 5018 479 5090 (Pron
500 5031 562 5081 ιιιι,
591 5013 850 5085 remotaene).
880 5011 954 5077 onio
1008 5014 1244 5087 inleraelldccli.
1262 5029 1346 5082 ιιιιιι,
1365 5012 1419 5085 ts).

109 5108 189 5168 enim
213 5109 343 5183 apertius
374 5107 411 5166 ad
440 5113 585 5185 eternam
617 5104 831 5178 generationem
856 5101 953 5173 Verbi,
1044 5104 1175 5162 Michaeas
1198 5117 1315 5174 qnoque
1342 5103 1376 5159 de
1405 5102 1459 5160 hac
1486 5109 1594 5160 eterna
1623 5101 1711 5160 Verbi
1736 5116 1853 5175 genera·

110 5210 200 5270 qoam
228 5198 257 5258 ld
284 5198 364 5272 qnod
397 5198 459 5269 ipsa
490 5194 637 5268 Sapientia
670 5193 810 5266 perhibet,
824 5206 855 5251 se
888 5200 954 5250 ante
1008 5193 1085 5250 tione
1107 5206 1145 5249 ex
1168 5192 1263 5258 Patre,
1278 5205 1391 5248 necnon
1410 5199 1438 5248 et
1466 5191 1501 5247 de
1524 5190 1675 5264 temporali
1703 5205 1741 5250 ex
1767 5200 1853 5251 matre

110 5289 213 5348 mnndi
235 5287 466 5348 constitutionem
493 5292 660 5358 conceptam
672 5298 733 5342 esse
746 5291 775 5341 et
799 5282 951 5355 parturiri,
1007 5281 1064 5338 ait:
1080 5283 1116 5337 Et
1140 5285 1170 5337 tu
1189 5279 1343 5337 bethehem
1364 5280 1499 5350 ephrata,
1512 5279 1648 5351 parvulus
1671 5296 1700 5338 es
1729 5284 1761 5339 in
1775 5282 1852 5340 mid·

144 5464 202 5540 (ll)
220 5467 254 5522 ln
271 5465 393 5538 volgata
404 5462 655 5537 spirituspttorum
664 5459 952 5532 Adam...etspiritus
963 5455 1160 5529 iumentorum.
