3736 5962
530 126 839 219 numinensium
857 126 933 184 orn.
953 125 1044 223 nans
1062 125 1108 184 tv.
1128 153 1149 165 -
1166 109 1339 182 usnemu.

1080 247 1141 305 Alis
1155 246 1305 318 quaternis
1320 245 1383 302 haee
1397 241 1532 315 predita

1029 350 1034 359 ·
1082 319 1130 375 Vel
1143 317 1272 375 laeiebns
1285 323 1355 374 sunt
1370 313 1514 386 singula3

1081 388 1194 447 occulis
1208 389 1293 459 plena
1306 393 1375 444 sunt
1389 397 1537 455 eorpora,

1081 460 1119 518 Ut
1132 473 1185 517 nee
1198 456 1244 516 his
1260 458 1344 516 dorsa
1359 456 1423 514 sint
1440 467 1558 514 vanua.

1118 565 1216 625 Gloria
1228 564 1317 622 Patri.

1335 686 1471 747 lxxiii.

1177 818 1216 864 nn
1233 818 1343 866 namus
1360 819 1397 862 nr
1418 814 1650 862 mursensis.

1083 928 1164 987 Eunt
1177 922 1217 1001 (l)
1233 940 1300 984 cnm
1314 925 1373 984 iliis
1386 925 1548 985 euntibus

1084 1000 1180 1072 Atque
1193 1005 1271 1057 stant
1283 1005 1352 1056 rota
1366 1011 1441 1054 enm
1457 997 1640 1065 stantibns;

1085 1071 1234 1128 levantur
1246 1077 1314 1126 enm
1327 1066 1543 1140 elevantibus3

1085 1141 1158 1200 Cum
1172 1140 1219 1199 his
1232 1140 1298 1199 vita
1311 1134 1349 1197 sit
1363 1138 1507 1210 spiritns.

1085 1247 1175 1304 Pedes
1189 1258 1291 1303 eorum
1359 1258 1390 1302 es
1405 1244 1498 1312 recti,

1087 1317 1249 1388 Plantaqne
1315 1314 1338 1372 ls
1357 1320 1390 1372 ut
1404 1311 1504 1374 vituli

1086 1389 1240 1460 Tanquam
1254 1395 1291 1443 ex
1304 1400 1362 1443 aere
1374 1385 1437 1443 sint
1453 1384 1622 1455 candenti,

1087 1454 1383 1517 semtinaeusesunt
1396 1453 1566 1530 progredi.
1608 1508 1615 1515 .

1087 1564 1256 1624 Carbonum
1268 1563 1359 1619 instar
1370 1562 1561 1620 ardentium

1088 1635 1268 1707 lampadum
1283 1633 1392 1691 habent
1403 1634 1646 1704 splendentium

1088 1708 1123 1764 In
1135 1706 1254 1763 modum
1267 1705 1329 1762 visa
1343 1704 1537 1763 minantium

1090 1778 1135 1836 lre
1149 1774 1261 1834 rediere
1274 1781 1343 1833 sunt
1355 1773 1534 1848 luigorum.

1125 1883 1223 1942 Gloria
1233 1880 1320 1940 Patri.

871 1960 1028 1978 ᾖ

747 1986 867 2104 Quoque
882 2033 950 2095 leris

748 2101 940 2177 inhumanus,

746 2209 781 2265 In
796 2208 930 2281 inientes,

748 2279 784 2336 Ut
795 2279 826 2336 in
841 2282 946 2355 hostes,

73 275 78 284 ’
172 261 257 316 Veste
271 265 445 324 suspensum
457 250 537 308 hune
546 250 659 308 mistiea

173 325 377 399 Praeflguravit
390 323 528 394 hystoria.

175 439 260 496 iinne
274 430 432 491 deferentes
441 430 477 488 ad
490 429 631 502 populum

175 503 340 565 Fertilitatis
355 501 508 570 indieium,

174 579 222 636 iiii
235 582 305 633 sunt
335 574 366 630 ui
382 573 479 630 erneis
493 571 664 642 misterium,

174 647 277 708 Mundi
291 589 425 713 salutem,
436 643 583 715 aperiunt.

174 752 258 810 Prior
271 765 330 808 non
341 750 445 807 videns
458 762 544 820 quem
561 746 668 820 bajolat

174 823 281 882 Christi
295 819 450 894 prophetas
468 818 621 900 signifieat.

174 897 203 952 ls
219 895 271 966 qni
283 892 410 950 succedit
426 897 458 947 nt
470 890 578 959 videat,

174 967 240 1024 visa
255 971 408 1022 narrantes
421 962 474 1020 hos
488 961 613 1020 denotat.

211 1068 308 1129 Gloria
320 1065 409 1126 Patri.

433 1168 549 1228 nxxn.

230 1280 260 1323 ιιι
278 1280 309 1323 ιιι
326 1274 473 1321 nocensne
494 1272 529 1315 ιι
547 1269 583 1315 sn
601 1268 757 1317 eminans.
782 1334 786 1341 η

178 1355 321 1424 Quattuor
331 1357 402 1409 sunt
415 1348 478 1407 lraee
491 1346 630 1405 animalia

178 1427 274 1486 Variis
287 1423 387 1481 lormis
399 1419 545 1502 distantia.

178 1497 255 1554 Visio
265 1495 351 1553 relert
365 1491 535 1565 prophetica

178 1566 417 1642 Apoealipslsqne
431 1559 551 1619 mistlea.

179 1674 205 1732 A
219 1672 328 1731 dextris
342 1673 427 1730 homo
437 1665 601 1738 coneipitur

179 1746 273 1816 Eique
288 1743 331 1801 leo
346 1740 547 1821 conjungitur,

181 1815 278 1875 vitulo
292 1815 365 1871 lesa
380 1810 556 1873 eoneedrtur,

180 1886 286 1958 Aquila
300 1896 387 1956 super
401 1880 558 1939 extollitur.

114 2040 153 2099 iil
167 2037 277 2096 Plisro
293 2035 337 2094 SS.
353 2027 600 2093 lNNOCiiN'i'liili

298 2132 415 2192 dxxiv.

110 2251 140 2292 ιιι
158 2250 167 2292 ι
186 2247 330 2291 noerenno
347 2246 383 2288 nr
401 2244 440 2287 nn
453 2239 601 2286 merenas.

147 2331 190 2386 nd
205 2327 324 2386 caelestis

148 2401 252 2458 Ortum
267 2398 353 2469 regis,

148 2471 211 2529 Rex
226 2478 358 2527 terrenus

147 2542 199 2599 ius
213 2539 322 2597 eulerri

149 2612 241 2669 Timet
255 2610 311 2668 sibi

147 2683 342 2753 Prineipatns.

148 2787 326 2847 inauditum.

1344 2029 1381 2086 iit
1395 2029 1436 2086 ad
1450 2040 1572 2103 eastra,

1340 2101 1375 2156 ln
1391 2100 1551 2181 lactentes
1567 2104 1611 2178 (ὁ)

1342 2169 1413 2227 Ruit
1431 2175 1541 2231 omnis

1342 2240 1433 2299 Plebs
1444 2255 1589 2304 armata.

747 2348 846 2409 Castra
859 2368 892 2410 eo
915 2357 947 2424 it,
1342 2343 1389 2401 Ad
1406 2348 1588 2408 micantem

746 2421 782 2477 lit
797 2421 827 2478 in
843 2371 938 2483 nulfus
1342 2415 1451 2474 inians
1467 2435 1581 2479 ensem

746 2490 808 2548 Nisi
822 2508 890 2552 suos
1344 2486 1565 2551 nutabundus
1582 2494 1634 2565 (5),

745 2562 942 2625 Armavertit.
1343 2559 1486 2617 irruenti

746 2667 840 2727 Furor
853 2670 904 2729 irae

746 2737 805 2796 Nee
819 2739 918 2799 lerinae

747 2807 966 2882 Comparendus

1343 2627 1433 2687 Ridet
1444 2631 1531 2691 hosti

1343 2698 1562 2762 Perimendus

1344 2806 1422 2871 ind
1440 2818 1490 2867 est
1507 2812 1599 2871 dietn

149 2860 369 2931 Stellaesignum

149 2932 204 2989 Ubi
218 2937 351 2998 narrant,

149 3002 300 3060 Civitatem

149 3079 246 3155 Atque
256 3085 353 3198 refiem

149 3145 289 3215 lingitur
311 3147 370 3197 ent,

149 3250 223 3305 ilino
237 3255 397 3304 commotus

149 3320 210 3375 Rex
227 3317 347 3387 iniquus

148 3390 182 3444 ln
194 3388 329 3457 inientes,

148 3460 184 3516 Ut
197 3456 342 3514 infantum

145 3529 363 3594 Perdetunnm,

149 3599 246 3656 Perdit
262 3598 369 3671 plures.

147 3708 267 3777 Propter
280 3719 374 3762 unum

147 3778 228 3835 liniti
248 3775 395 3835 Christum

148 3849 221 3906 Sunt
236 3846 386 3918 perempti,

148 3920 202 3976 Sed
217 3933 268 3990 per
282 3932 376 3975 unum

147 3991 252 4049 Omnes
267 3989 412 4046 Christum

147 4061 291 4120 Coronati.

258 4178 261 4180 ’
302 4158 402 4214 LXXV.

77 4276 153 4320 nnn
176 4271 343 4318 neurunnuu
366 4270 400 4312 nr
423 4268 461 4312 nn
480 4268 631 4316 susurras.

148 4359 208 4416 ilex
220 4356 350 4412 tirannos

148 4429 302 4485 Universos

148 4500 367 4569 supergressus,

148 4572 184 4629 Et
199 4570 264 4641 plus
276 4567 346 4637 ipsis

113 4693 151 4767 (l)
177 4692 231 4759 Qui
254 4690 352 4748 literas
375 4687 481 4746 rubras
503 4689 647 4764 appinxit,

77 4769 107 4825 S·
124 4766 196 4822 ilino
210 4765 239 4820 in
255 4762 352 4820 eodice
367 4759 473 4832 legitur
487 4761 569 4817 Sunt.

747 2880 844 2940 Perdit
857 2898 906 2941 eos

746 2953 823 3016 Ques
837 2961 967 3025 arreptos

747 3022 837 3081 Fovet
851 3023 947 3097 lupus.

745 3129 790 3184 Ad
803 3131 973 3189 mandatum

747 3199 832 3269 Regis
842 3201 942 3257 datum

745 3268 882 3327 Cenerele
895 3272 934 3344 (ι)
937 3312 992 3331 .....

745 3373 846 3434 Addu
868 3385 966 3436 ustum

746 3447 805 3527 iioe
820 3393 948 3507 delatum

746 3517 846 3576 llrsnm
862 3521 962 3589 movit,

745 3587 840 3647 Etrex
850 3591 928 3648 mitis

745 3658 900 3718 Deimmiti

745 3730 837 3802 Digne
853 3730 932 3790 lusit.

744 3835 864 3907 linium,
880 3837 987 3910 inquit,

744 3906 796 3964 Est
812 3908 932 3966 Herodis

744 3978 814 4034 Esse
828 3987 950 4063 natnm5

744 4047 861 4106 Prodest
873 4065 967 4123 magns

742 4118 821 4176 'Palis
834 4125 911 4192 regis

742 4189 813 4248 Esse
824 4204 955 4263 pereum.

890 4289 1008 4348 LXXVI.

742 4570 832 4628 Sinus
846 4580 985 4640 matrum,

675 4691 739 4751 loeo
762 4695 787 4750 ii
813 4693 927 4765 seripsit
1016 4694 1025 4837 ξ

1345 2877 1396 2935 Vel
1406 2881 1532 2941 auditu

1343 2949 1416 3005 Pam
1433 2951 1480 3022 (6)
1496 2955 1709 3027 stupendum?

1343 3021 1366 3075 Δ
1381 3030 1507 3081 natura

1344 3089 1422 3155 Quid
1441 3093 1594 3154 humana

1342 3160 1414 3218 'l'am
1430 3176 1598 3226 remotum
1614 3168 1675 3242 (ili

1342 3275 1432 3344 Quid.
1456 3281 1614 3350 Herodes,

1342 3346 1422 3405 lietu
1438 3351 1583 3425 langues

1343 3417 1440 3490 Super
1456 3421 1611 3484 Christo?

1342 3488 1407 3546 lion
1420 3501 1472 3550 est
1490 3508 1614 3567 meum,

1475 3576 1665 3712 surm

1344 3746 1377 3804 in
1390 3753 1531 3821 aeternis,

1341 3817 1565 3896 Nonuadueis‚

1342 3890 1398 3947 iste
1412 3903 1546 3965 regnat:

1341 3958 1404 4017 Non
1424 3960 1497 4022 haee
1513 3967 1597 4027 tellit

1245 4039 1248 4045 '
1342 4031 1443 4114 Neque
1459 4049 1500 4091 uu
1526 4038 1549 4096 it

1071 4694 1138 4753 Cod.
1150 4699 1306 4756 ieeteutes.

1073 4768 1117 4824 ita
1140 4768 1207 4826 Cod.
1229 4778 1257 4827 et
1280 4779 1365 4841 reete,
1385 4777 1532 4844 quamvis
1549 4779 1581 4838 ei
1602 4783 1711 4842 substit

1342 4101 1398 4171 Qm
1411 4102 1467 4163 dat
1492 4108 1500 4119 '
1513 4108 1556 4166 la.

1491 4230 1641 4297 LXXVII.

1324 4343 1362 4388 nit
1379 4344 1498 4392 ulium
1520 4351 1561 4397 n
1581 4354 1625 4399 AB
1645 4357 1711 4401 ΥΙθΙ

671 4408 710 4452 itu
732 4409 763 4452 111
781 4409 950 4454 NOCTURNUH
967 4412 1004 4454 iia
1022 4411 1060 4456 AD
1078 4412 1229 4461 voslun·
1340 4434 1391 4493 Est
1405 4436 1436 4493 jn
1452 4438 1558 4501 Ram

741 4499 784 4555 nd
799 4499 959 4557 laetantum
976 4500 1016 4574 (3)

1340 4508 1406 4565 Vox
1419 4512 1531 4570 audita

1340 4578 1446 4638 Raelrd
1458 4581 1577 4656 flentis,

113 4837 152 4910 (ι)
168 4836 274 4893 Cetera
289 4833 394 4889 desunt
418 4831 447 4887 in
463 4829 564 4890 Codice
580 4832 779 4891 Bruxellensi:
796 4833 857 4891 hee
875 4847 926 4891 au·
978 4848 1007 4891 v.
1055 4839 1140 4897 ousin
1161 4839 1352 4913 mutabundus,
1377 4846 1570 4909 vocabulum
1602 4854 1711 4914 Roman

76 4916 133 4967 tem
150 4910 362 4964 interseruntur
381 4902 532 4960 Macrobii:
563 4927 573 4954 ι
600 4905 763 4963 iliaerobins
777 4905 808 4963 in
830 4907 926 4963 sutur—
979 4913 1052 4964 tum.

77 4981 213 5036 nationum
235 4977 309 5034 libro
334 4977 367 5043 ii,
386 4975 420 5031 de
446 4977 577 5045 Augusto
591 4984 618 5033 et
639 4976 712 5049 iouis
731 4978 813 5048 ejus:
828 4977 925 5042 Quum

77 5051 204 5108 audisset
230 5049 305 5105 inter
324 5059 438 5117 pueros,
464 5058 539 5117 quos
565 5047 595 5103 in
621 5047 694 5104 siria
722 5049 845 5106 Herodes
872 5061 926 5105 rex

1070 4979 1139 5039 Cod.
1154 4985 1273 5054 tumque,
1294 4983 1379 5042 male.

258 5120 264 5132 ,
324 5118 330 5129 ,
494 5116 500 5128 ,
558 5117 601 5129 Η
709 5119 715 5132 ⁸
779 5120 785 5131 ι
1068 5052 1136 5110 Cod.
1161 5054 1277 5113 inversa
1299 5056 1494 5118 habuverba
1517 5079 1525 5119 :
1551 5068 1663 5138 quida
1679 5086 1711 5126 ιιι

75 5123 243 5180 iudeorum
257 5135 286 5176 ιιι
297 5119 479 5176 trrirunatnm
490 5125 578 5189 Jnssrt
593 5119 727 5186 interdu,
743 5117 837 5177 filium
849 5133 925 5190 quo-
978 5136 1069 5179 meua.

76 5207 135 5264 que
156 5194 220 5264 ejus
243 5191 379 5256 occisum,
406 5189 504 5290 eltze
530 5189 629 5273 llelius
654 5198 696 5273 est
717 5191 837 5248 lierodis
859 5203 925 5261 por-
1014 5191 1053 5266 (8)
1078 5193 1146 5251 Cod.
1172 5195 1495 5282 habettnNoutmesua,
1523 5208 1639 5283 inques,
1659 5214 1711 5284 Μ

78 5285 93 5314 «
108 5278 174 5321 eum
199 5278 260 5321 esse
275 5275 363 5334 quam
376 5259 484 5333 lilium,
499 5276 552 5321 nee
565 5275 656 5335 rpsrus
670 5261 767 5321 inians
785 5271 866 5322 tutus
881 5266 925 5319 est
977 5264 1016 5319 ile
1029 5264 1077 5321 iou
1095 5267 1204 5352 meede
1226 5269 1393 5329 AEstrmavu
1414 5272 1451 5330 cl.
1474 5288 1507 5333 ι.
1525 5277 1645 5342 Consiu
1669 5286 1711 5358 leq

976 5335 1425 5470 destultissima
1446 5351 1491 5402 '⁸‘
1510 5350 1554 5407 ¹³³
1576 5351 1635 5412 ¹¹⁰⁶
1655 5371 1711 5414 ⁸⁸¹

80 5353 91 5383 ι
108 5335 224 5391 auaede.
242 5355 257 5384 e
272 5336 332 5390 imo
347 5331 441 5390 aceede
456 5331 487 5392 in
501 5331 569 5397 Cod.

112 5402 153 5475 (ι)
164 5404 231 5461 Cod.
244 5402 425 5462 iaciendum.
