3804 5962
133 145 202 231 raas

402 143 502 200 PETRI
522 143 710 201 ABAELARDI
729 144 804 200 OPP.
826 143 916 200 elus
933 143 982 199 ttt.
999 172 1031 184 -
1045 142 1268 200 tbuotontutt
1286 142 1331 200 ui
1350 141 1616 202 rulbosortitctt.

1829 143 1876 198 tiit

132 278 276 340 astruunt,
293 270 431 326 disserere
459 284 516 325 uon
544 268 703 337 sutbciunt,
734 268 831 325 statim
855 269 891 324 ad
920 284 981 326 suas
995 269 1020 325 A
1036 275 1209 353 argumenta
1223 269 1307 340 quasi
1328 267 1525 326 testimonium
1542 267 1688 341 prebent,
1712 275 1743 326 et
1764 269 1879 325 suntin·

130 361 281 432 imperitiae
318 359 451 415 solatium
488 358 540 414 boc
569 357 780 428 Gregorianum
814 367 975 415 assumunt.

131 451 213 520 Quod
231 449 348 522 quidem
374 448 460 518 iuxta
479 438 579 502 eoruni
608 448 775 516 opinionem
803 447 873 517 quid
897 446 978 504 aliud

133 541 192 612 agit
219 539 274 594 nisi
289 540 321 593 ut
345 536 523 607 quibuslibet
548 535 613 592 itdei
629 536 882 607 predicationibus
896 551 977 608 aeque

132 627 315 686 stultissicnt
341 635 368 682 et
396 625 475 682 sanis
502 626 731 696 acquiescamus.
763 627 789 681 Sl
805 626 882 682 enitn
907 626 978 683 stdes

132 718 244 776 ratione
259 715 378 771 minime
402 715 438 771 sit
462 715 651 783 discueicnda
677 729 713 771 ne
737 714 873 770 meritum
896 715 978 772 amit·

129 813 182 874 iat,
198 820 250 862 uec
266 804 335 876 quid
356 803 432 860 credi
446 811 576 875 oporteat
591 803 682 859 anitni
697 803 807 874 iudicio
826 804 864 859 sit
879 803 977 860 discu-

1033 357 1201 415 artificiales
1216 358 1281 428 loci,
1307 365 1395 430 atque
1415 359 1532 415 omnino
1566 359 1722 431 disjuncti,
1755 372 1810 415 nec
1833 373 1878 415 ren

1032 447 1229 518 potiusquam
1253 447 1419 518 opinionem
1443 447 1577 505 videlicet
1598 455 1760 505 sectantes.
1778 468 1794 497 u
1816 447 1877 504 llut-

1032 551 1082 593 sus
1098 537 1171 593 idem
1201 538 1235 594 de
1260 552 1293 593 eo
1313 537 1422 595 dicitur
1442 539 1603 595 secuudum
1623 535 1785 598 Tullium:
1810 559 1824 586 α
1837 539 1876 594 lle

1032 634 1087 683 stat
1107 625 1152 683 bis
1167 626 1257 693 locus,
1273 627 1323 695 ait,
1349 641 1437 698 quem
1464 626 1652 683 extrinsecus
1674 627 1755 683 dixit
1770 628 1875 683 assutni.

1033 715 1087 771 ilic
1097 715 1206 787 judicio
1225 715 1330 772 nititur
1346 724 1374 773 et
1388 717 1558 773 auctoritate
1572 724 1602 771 et
1629 722 1711 772 totus
1729 716 1877 787 probabilis

1033 811 1084 869 est,
1101 803 1173 859 nibil
1189 805 1339 862 continens
1359 803 1562 862 necessarium.
1579 825 1591 854 ι
1611 806 1649 861 ιιι
1671 812 1739 875 post
1766 805 1875 877 aliqua:

127 890 331 962 tiendum,'sed
351 893 450 951 statim
480 893 534 960 his,
561 907 626 963 que
650 892 857 962 predicantur,
884 906 978 949 assen-
1010 913 1048 941 -«
1065 892 1114 948 llic
1133 907 1201 949 vero
1218 893 1297 950 locus
1319 894 1500 950 extrinsecus
1521 893 1630 950 dicitur
1658 907 1723 950 esse
1749 894 1877 950 constitu

128 985 272 1050 tiendum,
301 997 492 1052 quoscunque
513 995 624 1038 errores
654 981 818 1052 predicatio
843 983 975 1051 seminet,
1033 986 1090 1046 tus,
1104 980 1244 1051 quoniam
1261 995 1318 1037 non
1334 981 1368 1038 de
1383 982 1438 1048 his,
1454 981 1507 1053 qui
1528 982 1679 1051 predicari
1703 981 1753 1039 vel
1769 981 1876 1054 subjecti

128 1073 274 1143 suscipere
289 1070 362 1127 nibil
385 1070 481 1137 reteri,
511 1069 580 1140 qnia
607 1069 680 1125 nihil
711 1070 775 1126 licet
803 1069 914 1126 ratione
935 1085 978 1126 re
1032 1070 1258 1138 sunttermlnis,
1283 1072 1419 1135 sumitur.
1448 1071 1496 1127 sed
1519 1070 1556 1126 ab
1580 1071 1773 1128 extrinsecus
1801 1071 1876 1142 positu

126 1158 235 1229 fellere,
252 1161 304 1217 ubi
326 1160 467 1216 rationem
484 1173 542 1214 non
565 1158 630 1214 licet
650 1158 796 1214 adbibere.
819 1158 901 1214 Dicat
916 1158 974 1214 ido·
1029 1156 1139 1226 judicio
1154 1158 1243 1215 veuit.
1265 1178 1279 1207 u
1303 1159 1377 1216 llinc
1391 1158 1478 1215 etiam
1501 1157 1699 1216 inartificialis
1722 1166 1754 1216 et
1776 1172 1874 1229 expers.

126 1249 241 1307 lolatria
256 1249 290 1305 de
308 1248 402 1317 lapide
418 1247 462 1303 vel
491 1247 570 1318 ligno
597 1247 642 1303 vel
671 1247 800 1317 qualibet
823 1253 975 1303 creatura:
1033 1245 1082 1314 ait,
1099 1255 1232 1317 vocatur,
1253 1248 1393 1318 quoniam
1421 1247 1490 1304 binc
1518 1262 1577 1304 uon
1603 1246 1747 1319 sibiipsa
1777 1246 1874 1304 corbet

128 1340 237 1397 Hiccst
266 1338 343 1394 Dens
371 1350 458 1392 verus
477 1335 536 1407 (iol.
566 1338 600 1390 ‘23
631 1336 686 1404 la),
714 1335 831 1393 Creator
858 1337 922 1392 omli
948 1343 977 1394 et
1031 1344 1237 1406 argumentum
1252 1344 1360 1405 orator,
1377 1336 1427 1393 sed
1451 1343 1619 1408 preparatis
1643 1336 1815 1409 positisque
1834 1337 1872 1394 uti

127 1426 285 1498 terrae3vel
300 1424 460 1497 quamlibet
477 1431 621 1494 patentem
644 1424 888 1481 abominationem
903 1438 975 1495 prae·
1031 1431 1079 1481 tut
1112 1426 1293 1483 testimoniis.
1324 1425 1406 1494 Quod
1433 1441 1502 1484 vero
1535 1426 1637 1484 dixisti
1663 1426 1698 1483 in
1725 1426 1873 1484 rationtbn

127 1515 212 1584 dicet,
225 1515 292 1586 quis
320 1527 384 1569 eam
411 1512 517 1569 valebit
541 1512 678 1580 retollere,
707 1514 732 1569 si
759 1513 793 1569 de
818 1513 873 1568 stde
901 1511 976 1568 nibil

1030 1526 1147 1584 quoquc
1169 1503 1373 1572 ‘discernendis
1405 1514 1466 1572 sire
1498 1515 1710 1587 cognoscendis
1752 1530 1870 1573 nonunt

126 1604 163 1661 sit
178 1603 392 1660 discutiendum
408 1601 540 1659 ratione?
554 1602 652 1658 Statim
668 1602 803 1672 arguenti
827 1616 855 1658 se
871 1609 898 1657 et
915 1614 973 1657 ma·
992 1625 1012 1679 Β
1030 1614 1119 1671 quam
1134 1606 1236 1671 errari,
1251 1619 1353 1660 rerum
1375 1605 1477 1676 utique
1491 1613 1534 1661 est
1548 1613 1639 1676 atque
1654 1604 1819 1676 liquidum.
1834 1603 1870 1661 Sel

99 1673 203 1750 'xime
231 1692 393 1750 Christiano
418 1700 445 1748 et
473 1691 550 1762 quod
574 1691 754 1761 praemissum
783 1697 825 1747 est
861 1691 969 1762 objicit.

128 1783 224 1839 ‹ildes
238 1797 295 1838 non
312 1782 397 1838 habet
425 1780 600 1848 meritum·
629 1788 682 1836 etc.
713 1780 813 1837 Statim
837 1781 972 1837 Christia-

125 1887 228 1931 nusex
240 1873 299 1942 ipsa
315 1884 368 1927 sua
391 1870 554 1926 detonsione
571 1870 774 1937 contundetur,
798 1870 897 1925 dicens
909 1870 973 1940 ejus

124 1963 241 2034 penitus
257 1963 383 2018 rationes
398 1959 427 2014 in
452 1959 558 2015 talibus
577 1959 735 2015 audiendas
755 1974 812 2015 non
827 1973 898 2027 esse,
922 1958 973 2015 ubi

123 2065 172 2108 eas
187 2051 247 2123 ipse
257 2050 373 2121 penitus
393 2049 492 2105 induci
508 2049 649 2119 probibet,
677 2063 729 2104 nec
752 2062 819 2105 eum
844 2048 972 2118 aliquem

122 2140 285 2197 rationibus
309 2139 343 2195 de
357 2138 412 2194 lide
431 2146 506 2195 recte
523 2136 690 2208 impugnari
713 2137 832 2193 minime
857 2136 971 2206 permit-

125 2228 168 2286 tit.

159 2315 319 2372 Cuntsrtttn.
342 2315 378 2371 Ut
395 2313 434 2370 ait
450 2313 495 2370 ille
516 2313 662 2370 matrimus
684 2313 857 2384 sapientum,
884 2313 924 2369 sic
945 2320 972 2370 et

1029 1694 1083 1751 boc
1102 1692 1143 1749 eis
1173 1693 1277 1750 accidit
1307 1694 1486 1762 bominibus,
1514 1693 1567 1765 qui
1597 1693 1758 1751 rationalis
1788 1694 1871 1765 peritii

1027 1780 1217 1851 philosophiae
1241 1790 1268 1838 et
1294 1791 1536 1854 argumentorum
1562 1791 1664 1840 carent
1691 1783 1869 1853 discretione;

1027 1869 1173 1941 qualesse
1199 1870 1289 1926 iudaei
1323 1871 1494 1942 profitentur
1522 1886 1593 1940 esse,
1621 1871 1677 1944 qui
1709 1886 1766 1945 pro
1796 1886 1868 1945 argu·

1027 1961 1132 2015 mentis
1148 1960 1232 2032 signa
1247 1959 1412 2032 requirunt,
1434 1968 1462 2017 et
1483 1961 1657 2033 quicunque
1681 1975 1774 2019 suum
1793 1962 1822 2018 in
1834 1962 1868 2017 di·

1026 2049 1079 2104 ctis
1098 2048 1217 2106 alterius
1246 2050 1411 2120 presidium
1435 2057 1547 2121 ponunt
1556 2066 1566 2122 3
1597 2058 1745 2123 tanquam
1772 2051 1808 2108 da
1828 2065 1868 2108 au·

1025 2136 1164 2193 ctoritatis
1193 2137 1237 2193 vel
1268 2139 1375 2208 scripto
1401 2138 1528 2195 absentis
1562 2138 1683 2196 facilius
1719 2139 1867 2212 judicetur,

1026 2239 1116 2297 quam
1131 2227 1165 2283 de
1177 2227 1289 2283 ratione
1312 2227 1357 2283 vel
1379 2227 1519 2284 senentis
1538 2229 1691 2298 presentis
1714 2234 1744 2285 et
1767 2228 1825 2300 (iol.
1844 2230 1868 2282 il

1026 2314 1073 2384 tt.)
1088 2328 1191 2371 sensus
1207 2314 1287 2372 illius
1303 2315 1405 2372 melius
1426 2330 1517 2388 quam
1539 2315 1622 2373 istius
1638 2318 1734 2387 possit
1757 2317 1866 2389 inquiri,
1891 2306 1897 2315 '

123 2403 298 2477 plerumque
321 2403 447 2459 rationes
480 2402 626 2469 videntur,
665 2402 718 2458 boc
745 2410 787 2458 est
813 2402 969 2459 rationabi·
1025 2403 1101 2459 Dum
1126 2418 1202 2472 vero,
1228 2411 1372 2474 quantum
1402 2405 1543 2474 valemus,
1573 2405 1609 2462 de
1634 2412 1742 2463 nostra
1768 2405 1867 2463 sollicin'

123 2492 188 2551 liter
202 2501 229 2550 et
253 2491 457 2550 convenienter
485 2491 585 2561 aliqua
608 2490 674 2560 dici,
703 2504 770 2548 cum
794 2489 914 2546 mininie
932 2488 972 2546 ita
1025 2491 1118 2549 salute
1145 2493 1236 2551 Deum
1258 2492 1446 2565 inquirimus,
1469 2495 1532 2567 ejus
1547 2493 1652 2566 utique
1675 2494 1795 2567 supplet
1814 2507 1866 2568 gra·

125 2582 173 2640 sit.
1025 2581 1074 2650 tia,
1097 2581 1175 2652 quod
1191 2588 1289 2638 nostra
1308 2597 1367 2639 nou
1387 2581 1493 2639 suflicit
1509 2595 1607 2653 opera,
1630 2589 1662 2640 et
1683 2583 1814 2641 volentes
1826 2581 1865 2640 ad·

159 2672 269 2728 Pntuos.
292 2669 367 2736 Quid
381 2677 408 2727 ei
431 2669 465 2727 de
490 2668 566 2739 ipsis,
593 2682 659 2739 quae
675 2681 727 2738 pro
751 2666 972 2724 auctoritatibus
1022 2669 1106 2740 juvat
1132 2675 1164 2726 ut
1183 2670 1303 2741 possint,
1320 2670 1372 2741 qui
1395 2671 1448 2727 boc
1469 2671 1564 2742 ipsum
1585 2670 1677 2728 etiam
1699 2671 1820 2744 inspiret
1841 2677 1866 2729 ni

120 2762 293 2820 habentur?
312 2774 407 2817 nonne
428 2759 458 2815 in
479 2759 549 2829 ipsis
569 2758 731 2828 plurimum
751 2756 889 2814 erraturi
903 2757 972 2814 alio·
1025 2758 1124 2815 velint.
1140 2759 1176 2815 Et
1191 2759 1243 2831 qni
1257 2773 1332 2831 saepe
1351 2760 1461 2817 invitus
1476 2759 1576 2830 trabit,
1598 2757 1733 2818 tolentes
1755 2776 1812 2819 non
1832 2774 1865 2818 re

123 2853 196 2924 quin
216 2866 274 2908 nou
288 2857 383 2908 essent
413 2857 452 2906 tot
474 2847 538 2904 fidei
554 2856 636 2904 sectas
662 2849 792 2915 diversae,
819 2846 843 2903 si
862 2846 968 2919 eisdem
1022 2847 1086 2918 jicit
1097 2854 1126 2904 et
1140 2847 1242 2904 nitenti
1259 2848 1382 2919 porrigit
1397 2849 1556 2916 dexteram,
1576 2849 1665 2920 cnjus
1678 2864 1805 2922 arguere
1817 2863 1862 2906 not
1896 2894 1899 2899 .

122 2955 221 2998 omnes
242 2938 480 2996 'auctoritatibus
515 2943 674 2992 uterentur.
705 2935 757 2992 Sed
778 2941 864 3005 prout
890 2934 968 3006 quis·
987 2924 1009 2982 G
1028 2944 1118 3009 potest
1131 2936 1346 3008 negligentiam.
1371 2936 1410 2993 lle
1425 2951 1484 3009 quo
1503 2951 1553 2994 vos
1577 2937 1641 3008 ipsa
1666 2953 1759 3010 quam
1781 2937 1861 2995 dicitis
1895 2936 1900 2987 i

123 3043 181 3101 que
195 3030 311 3098 propria
326 3027 439 3082 ratione
461 3023 608 3090 deliberat,
634 3024 744 3094 singuli
765 3037 839 3093 quas
861 3031 970 3087 sectan-
1025 3026 1132 3083 veritas
1153 3039 1270 3082 securos
1296 3025 1428 3082 Christus
1451 3025 1588 3093 alliciens,
1616 3040 1753 3098 congrua
1776 3025 1860 3084 simili·
1896 3000 1900 3109 j

63 3122 68 3131 '
121 3120 171 3175 tur
185 3116 373 3173 auctoritates
391 3112 518 3183 eligunt.
537 3112 677 3182 Alioquin
692 3109 888 3167 indifferenter
909 3126 970 3167 om·
1025 3116 1126 3172 tudine
1162 3115 1311 3185 praemissa
1351 3114 1489 3173 subtulit:
1525 3117 1613 3171 Petite
1659 3122 1688 3172 et
1725 3118 1858 3187 expetis,
1895 3148 1898 3157 ·

121 3206 204 3263 nium
230 3204 448 3273 scripturarum
475 3201 622 3256 sententiaa
646 3208 740 3255 essent
767 3199 968 3270 suscipiendae,
1026 3206 1139 3271 quarite
1164 3205 1346 3258 etinvenietis
1368 3205 1479 3273 pulsate
1504 3209 1530 3259 et
1551 3204 1793 3274 aperieturoobis.
1810 3209 1857 3262 ou·

120 3294 177 3350 uisi
206 3291 290 3356 ratio,
320 3304 385 3361 quan
406 3288 578 3344 naturaliter
603 3290 683 3358 prior
705 3289 747 3345 eis
772 3296 825 3356 cst,
846 3289 972 3359 deipsis
1025 3295 1068 3348 uis
1083 3294 1163 3360 euim,
1182 3295 1320 3364 quipatit,
1341 3295 1441 3363 accipit
1464 3299 1491 3349 et
1514 3295 1562 3364 qui
1587 3297 1700 3365 quaerit,
1716 3298 1824 3361 iuuerit,
1839 3296 1858 3346 el

122 3383 204 3452 prius
222 3378 339 3434 haberet
352 3378 491 3448 judicare.
517 3376 590 3432 Natu
604 3384 631 3433 et
651 3376 703 3446 ipsi
723 3377 773 3447 qui
793 3377 971 3447 scripserunt
1020 3383 1147 3452 pulsanti
1161 3385 1288 3451 aperitur
1302 3382 1412 3452 (liuttb.
1434 3395 1480 3445 vn,
1498 3387 1525 3450 7,
1540 3385 1577 3448 8).
1596 3381 1668 3447 Quae
1680 3384 1797 3455 quidem
1809 3395 1856 3438 nte·

120 3483 178 3525 uon
195 3467 251 3522 nisi
266 3479 303 3522 en
318 3467 439 3531 ratione,
465 3479 524 3536 qua
548 3480 648 3521 eorum
664 3466 814 3522 abundare
834 3466 972 3523 videntur
1025 3471 1097 3528 mini
1112 3472 1302 3542 praecedentia
1314 3472 1414 3538 verba,
1435 3471 1619 3543 Augustinus
1634 3487 1782 3544 exponens
1797 3485 1853 3542 quo
1893 3480 1897 3543 t

120 3557 280 3624 sententiae,
301 3554 532 3626 auctoritatem,
560 3555 614 3611 hoc
637 3563 679 3611 est
703 3556 839 3611 credendi
875 3556 971 3611 statim
1025 3560 1091 3617 (lam
1115 3576 1167 3617 sno
1192 3568 1316 3617 tractatu
1335 3563 1373 3616 tle
1398 3561 1588 3615 misericordia
1615 3561 1727 3635 inquit:
1758 3562 1853 3618 «Pente
1893 3552 1896 3573 ²

100 3646 161 3704 -eis
184 3651 354 3703 meruerunt
387 3643 565 3714 dignitatem.
604 3644 683 3700 Adeo
713 3651 809 3701 autem
841 3644 971 3714 ipsorum
1026 3651 1144 3714 orando,
1183 3649 1304 3722 quarite
1338 3648 1522 3720 disputando,
1560 3650 1677 3721 pulsate
1713 3652 1851 3709 orando.»

121 3749 238 3808 quoque
251 3734 361 3806 judicio
376 3733 540 3789 auctoritati
561 3736 634 3790 ratio
657 3733 843 3804 praeponitur.
861 3741 892 3789 ut
914 3733 971 3789 siu·
1026 3738 1106 3796 Unde
1120 3753 1147 3794 et
1170 3745 1261 3794 artem
1286 3737 1454 3808 disputandi
1480 3740 1607 3796 secundo
1621 3743 1662 3797 ilc
1688 3743 1782 3797 ordine
1797 3739 1855 3797 libtt

118 3832 153 3882 ut
169 3832 264 3881 tester
282 3823 413 3878 uteminit
429 3822 583 3890 Antonius,
605 3822 824 3879 cumbumanae
851 3822 972 3878 rationis
1025 3826 1135 3884 caeteris
1154 3829 1307 3897 praelereus
1322 3826 1491 3899 disciplima,
1509 3835 1537 3885 et
1560 3836 1707 3900 tauquam
1734 3832 1793 3903 ipsa
1809 3827 1858 3886 sula

119 3928 222 3971 sensus
249 3913 384 3969 inventor
408 3911 494 3967 luerit
522 3911 695 3980 litterarum,
726 3912 775 3968 cui
804 3926 904 3969 sensus
929 3907 971 3968 esi
1026 3917 1096 3973 sciat
1116 3915 1161 3972 vel
1188 3915 1310 3972 scientes
1338 3914 1436 3983 iaciat,
1474 3929 1539 3972 eam
1577 3918 1786 3975 commendans
1811 3918 1859 3973 ait:

119 4001 283 4069 incolumis,
301 4001 327 4056 ei
341 3999 458 4056 ntinime
482 4002 653 4058 necessaria
673 4001 731 4058 sint
758 4001 870 4058 litterae.
901 4000 971 4066 Quae
1030 4004 1245 4074 «Disciplinam
1262 4003 1493 4075 disciplinarum,
1517 4018 1608 4075 quam
1630 4006 1802 4065 dialecticen
1818 4021 1862 4064 ro·

118 4092 148 4148 in
175 4091 253 4147 omni
282 4090 478 4160 philosophica
511 4090 704 4160 disputatione
730 4089 758 4145 ln
779 4090 971 4146 novissimum
1026 4102 1101 4152 cant.
1119 4094 1182 4150 llaec
1197 4094 1278 4150 docet
1305 4094 1417 4160 docere,
1439 4093 1500 4150 hac
1519 4094 1601 4151 docet
1615 4095 1738 4154 discere.
1764 4098 1796 4154 ln
1817 4096 1865 4154 bat

120 4188 172 4236 aut
186 4179 301 4237 nullum
322 4177 451 4233 obtinere
474 4185 609 4234 consetur
628 4177 722 4232 locum
739 4177 783 4248 (ιθ
801 4176 861 4247 li),
875 4185 906 4234 ul
926 4191 969 4234 ea.
1026 4199 1055 4241 se
1071 4184 1132 4255 ipsa
1147 4183 1221 4240 ratio
1247 4183 1422 4241 demonstrat
1446 4184 1518 4256 quid
1540 4184 1586 4252 sit,
1615 4185 1691 4256 quid
1714 4187 1794 4255 velit,
1820 4185 1865 4242 seit

86 4328 90 4341 ,
120 4281 219 4341 quasa
240 4268 279 4323 rei
297 4267 420 4338 judicic,
441 4265 530 4322 idest
559 4266 594 4322 ab
624 4266 793 4322 anctoritate
818 4267 969 4323 ducuntur
983 4275 1005 4330 b
1021 4274 1090 4331 sola.
1106 4273 1291 4343 scientesque
1309 4273 1401 4330 lacere
1416 4287 1474 4330 uon
1500 4273 1593 4330 solum
1613 4275 1691 4341 snit,
1722 4277 1772 4333 sed
1787 4275 1863 4334 etiarn

119 4366 303 4429 argumenta,
325 4370 373 4425 eps
402 4355 520 4411 ontnino
542 4355 678 4411 inducere
707 4357 824 4426 pudeat,
853 4355 904 4427 qni
931 4358 966 4413 do
1019 4369 1119 4433 potest,
1149 4362 1228 4417 ldetn
1250 4361 1280 4416 in
1305 4361 1377 4418 libro
1409 4361 1536 4419 secundo
1562 4365 1601 4418 lic
1628 4363 1792 4421 Christiano
1822 4365 1860 4420 de

120 4445 245 4518 propriis
260 4445 373 4501 viribus
400 4444 574 4500 confidentes
597 4444 697 4500 alienas
727 4446 789 4514 opis
818 4445 964 4516 retugium
1009 4454 1111 4507 ctrina
1143 4464 1207 4507 earu
1245 4450 1402 4507 admodum
1429 4464 1518 4507 sacrae
1539 4451 1656 4509 lectioni
1682 4467 1865 4512 necessarum

117 4535 323 4603 dedignantur.
357 4532 437 4589 Unde
466 4531 537 4588 bene
565 4531 724 4602 philosophi
751 4533 850 4588 talium
879 4546 965 4604 argu·
1021 4540 1192 4598 ostendens:
1228 4540 1396 4608 «Restant,
1422 4540 1528 4611 inquit,
1569 4553 1605 4596 aa
1640 4555 1713 4612 quae
1752 4541 1862 4601 nonai

117 4630 282 4678 mentoruut
314 4620 391 4676 locos
419 4633 486 4676 cnm
507 4620 544 4675 ad
567 4634 614 4675 cos
641 4628 737 4675 orator
764 4621 856 4691 tnagis
877 4635 967 4691 quam
1020 4630 1147 4699 corporis
1173 4643 1283 4696 sensus,
1313 4629 1362 4685 sed
1394 4629 1431 4684 ad
1464 4629 1603 4686 rationem
1632 4633 1793 4703 pertinent,
1823 4632 1862 4689 nii

116 4712 307 4782 philosophus
337 4709 494 4780 coningere
524 4710 648 4780 cogitur,
681 4711 798 4765 omnino
826 4718 965 4766 extrinse-

96 4798 176 4865 'c-os‚
191 4810 218 4855 et
238 4813 255 4854 a
272 4813 302 4856 re
316 4799 476 4870 disjunctos
494 4806 521 4854 et
539 4798 576 4854 ab
599 4798 677 4854 omni
695 4800 802 4854 virtute
817 4799 966 4855 destitutos

114 4889 332 4960 iudicaverunt,
359 4897 457 4959 utpote
479 4888 508 4944 in
536 4888 671 4958 opinione
698 4889 793 4959 potius
818 4904 908 4959 qttam
936 4889 965 4944 in

115 4980 236 5035 veritate
264 4979 458 5047 consistentes,
481 4984 507 5034 et
534 4978 614 5034 nullo
645 4978 753 5048 ingenii
779 4978 900 5034 ariiitcio
929 4978 966 5033 ad

115 5081 236 5124 suorum
254 5067 451 5122 inventionem
481 5073 722 5138 argumentorum
748 5074 876 5138 agentes,
898 5081 965 5123 cum

115 5157 149 5219 is,
165 5156 266 5227 quiea
282 5156 402 5223 inducit,
420 5169 478 5210 non
503 5155 575 5221 suis,
592 5156 639 5210 sed
655 5155 756 5211 alienis
782 5165 882 5212 utatur
903 5169 966 5212 ver·

115 5244 169 5301 bis.
187 5244 268 5302 Unde
282 5251 309 5301 et
325 5245 438 5300 Boetius
452 5253 546 5301 vester
559 5253 617 5300 tatu
632 5244 859 5300 Themistianam
875 5258 965 5316 quatu

1020 4715 1202 4786 disciplinam
1226 4725 1328 4788 regant
1356 4717 1562 4789 disputationis
1587 4727 1616 4775 et
1636 4723 1767 4797 numeri.
1787 4743 1798 4772 ι
1820 4718 1861 4777 sei

1020 4803 1392 4875 disputationisdisciplina
1412 4806 1448 4861 nd
1472 4805 1569 4862 omnia
1598 4822 1711 4878 genera
1739 4809 1861 4881 quaetio

1020 4908 1101 4959 num,
1119 4907 1184 4964 quae
1205 4894 1234 4949 iu
1250 4896 1340 4951 sacris
1362 4895 1464 4951 litteris
1480 4903 1549 4951 sunt
1566 4900 1760 4968 penetranda,
1786 4898 1860 4972 pluri

1020 4994 1100 5038 mum
1119 4982 1204 5039 valet.
1220 4983 1327 5039 Tamen
1355 4984 1394 5040 ibi
1423 4985 1551 5041 cavenda
1575 4992 1618 5041 est
1640 4985 1734 5046 libido
1758 4985 1861 5045 uitandi
1896 5054 1900 5069 Ι

1020 5074 1048 5126 ct
1071 5071 1191 5140 puerilis
1214 5073 1260 5141 (⁶24
1289 5072 1336 5142 V.)
1366 5074 1499 5144 quasdam
1531 5076 1685 5131 ostentatio
1713 5073 1860 5148 decipiendi

1020 5158 1229 5217 adversarium.
1261 5160 1333 5218 Sunt
1360 5162 1436 5218 cuitu
1465 5162 1567 5231 multa,
1593 5178 1662 5235 quas
1687 5166 1861 5238 appellantur

1019 5248 1204 5318 sophismata,
1245 5247 1323 5307 ialsae
1349 5251 1549 5308 conclusiones
1585 5253 1737 5312 rationum
1765 5264 1793 5311 et
1817 5252 1861 5325 ple

113 5333 276 5390 Tullianam
312 5335 443 5391 locorum
477 5333 656 5406 dilcltionem
693 5334 724 5390 iu
757 5334 870 5405 Topicis
905 5334 965 5391 suis
1019 5349 1145 5409 rumque
1159 5352 1243 5395 veras
1270 5340 1425 5409 imitantes,
1453 5347 1486 5397 nt
1510 5355 1570 5397 uon
1589 5340 1686 5400 solnm
1704 5344 1802 5403 tardus
1821 5340 1860 5400 sed
1895 5336 1899 5395 l

115 5421 323 5492 complectens:
338 5424 364 5493 2«
394 5421 419 5480 Α
445 5422 487 5480 ιιι
512 5422 633 5493 judicio,
664 5422 770 5495 inquit,
801 5437 867 5494 qua
896 5431 965 5483 sunt
1018 5424 1107 5484 etiam
1133 5426 1298 5500 ingeniosos
1325 5429 1423 5489 minus
1451 5436 1574 5489 attentos
1600 5430 1763 5505 decipiant.
1788 5430 1860 5502 Quod
1895 5410 1900 5515 ξ
