3804 5962
81 189 136 246 ιιι
373 186 476 246 ιιιιι
493 151 681 247 annulum
701 191 777 247 oen.
799 156 887 251 runs
905 193 944 252 ιι.
963 223 999 239 -
1016 191 1199 254 smnorrss
1213 192 1256 249 rr
1270 190 1392 250 eroso.
1413 187 1536 249 nster.
1778 188 1832 243 cn
1891 178 1896 228 f

81 314 218 376 norimus
256 312 410 370 Dominum
439 326 457 370 a
484 313 600 371 cohorte
634 320 663 371 et
690 315 832 374 ministris
854 332 931 376 com·
945 318 971 375 A
985 319 1218 391 ipsnmcaperc,
1240 315 1296 373 nisi
1311 314 1372 386 ipso
1386 327 1416 371 se
1431 312 1569 372 tradente.
1586 311 1683 370 stobot
1698 314 1789 368 autem
1807 315 1833 367 rt

82 404 283 479 prehensum,
309 401 347 458 ad
373 401 490 459 Annam
518 402 579 459 sive
619 401 758 474 caipham
786 406 933 476 pontifices
986 408 1085 477 ludos,
1101 405 1285 474 qutnodrbct
1304 419 1372 468 eum,
1387 418 1447 458 oum
1460 404 1530 473 ipsis
1546 400 1640 472 (ibid.)
1665 401 1757 456 Lucas
1785 413 1831 457 re·
1892 397 1894 401 ’

82 493 172 552 inisse
198 491 370 563 perductum
388 529 394 544 .
424 490 574 548 Venientes
600 490 727 550 ailcruut
741 493 884 564 laternas,
901 502 934 553 nt
988 498 1052 564 lert,
1061 496 1131 568 quia
1145 494 1330 552 antecedebat
1340 506 1397 561 eos,
1409 499 1435 549 et
1449 490 1667 560 llarcusllloro.
1684 489 1833 561 xrvlquod

85 583 138 658 qni
165 586 234 638 sunt
258 580 287 636 in
315 577 440 636 tenebris
463 580 599 637 eaecitatis
622 580 737 652 ,ipsam
765 583 858 641 iucem
886 598 933 641 oa·
988 600 1056 645 oum
1069 585 1202 652 venisset,
1231 584 1327 640 statim
1340 581 1478 638 accedens
1501 580 1537 636 ad
1561 593 1628 636 eum
1645 580 1684 635 ait
1705 595 1712 632 ι
1735 579 1832 645 Dohbt,

84 671 167 744 piant
183 668 298 726 mundi.
315 667 458 725 hostibus
471 676 500 724 et
513 669 603 726 ermis
621 672 743 728 veniunt
755 673 862 729 muniti
879 715 887 741 ‚
904 680 937 731 ut
989 680 1016 731 et
1029 676 1164 731 osculatus
1177 677 1218 729 est
1232 688 1302 727 eum.
1319 674 1359 727 nt
1373 670 1417 725 illi
1427 685 1524 724 monus
1545 669 1697 738 injecerunt
1710 671 1740 722 in
1755 683 1829 734 eum,

85 774 138 834 per
152 759 228 815 hanc
242 756 389 815 resistenti
415 757 475 813 virn
487 758 614 816 tacerent
628 799 635 825 ,
650 760 696 816 vel
712 774 778 817 eum
793 775 811 817 a
824 776 854 818 se
868 775 935 832 pro·
991 769 1018 820 et
1027 769 1172 820 tenuerant
1195 777 1265 817 eum.
1278 760 1359 818 Unde
1373 759 1445 816 mihi
1459 758 1594 824 videtur,
1611 757 1688 829 quod
1715 758 1833 828 quando

87 848 240 922 pulsarent
257 887 263 900 .
278 847 361 903 lesus
377 847 476 917 itaque
491 848 587 904 omnia
615 863 681 919 quse
701 857 826 908 ventura
854 857 938 908 crant
991 852 1137 926 proticisci
1162 857 1334 923 coeperunt,
1351 846 1670 919 tudastanqnsmdux
1689 860 1737 902 oos
1760 853 1836 901 ante

88 950 177 1008 super
200 950 267 994 eum
288 934 456 1006 precessit.
485 936 559 992 Dum
588 936 719 994 hemines
746 939 803 995 Deo
826 939 883 996 vim
899 939 938 996 ta·
991 942 1117 1000 cedebat.
1138 941 1191 998 Ubi
1207 946 1305 995 autem
1319 937 1555 1008 appropinquare
1578 941 1747 1006 coepcrnnt,
1777 934 1835 1004 ipse

88 1039 153 1085 core
180 1033 309 1096 parant,
324 1031 424 1095 sponte
450 1024 609 1092 Dominus,
625 1038 684 1081 non
709 1027 876 1096 intractus,
894 1042 939 1084 oc-
991 1029 1166 1088 conscientia
1186 1040 1240 1085 sus
1259 1026 1397 1084 contusus
1409 1033 1437 1082 et
1452 1024 1638 1096 perturbatus
1654 1062 1662 1089 ,
1677 1023 1721 1080 vel
1750 1023 1836 1079 haesi-

89 1114 184 1172 ssurrii
209 1111 336 1182 passioni
362 1152 371 1180 s
399 1111 558 1183 sicutipse
582 1112 695 1172 dixerat
721 1130 729 1169 ε
757 1117 840 1174 Nemo
867 1117 939 1172 tollit
992 1127 1057 1178 tans
1072 1161 1080 1189 ,
1097 1119 1137 1176 ita
1160 1133 1190 1176 se
1204 1116 1334 1184 retinuit,
1361 1123 1389 1173 et
1403 1115 1527 1187 gradum
1541 1113 1719 1184 suppressit,
1749 1119 1782 1169 ut
1797 1111 1836 1168 illi

89 1217 169 1260 “me
191 1204 313 1258 “nimam
339 1216 437 1270 meam,
463 1202 511 1257 sed
539 1217 587 1270 ⁶0⁰
608 1218 682 1272 pono
704 1219 788 1261 eom.
818 1206 937 1275 Sciens,
990 1208 1192 1280 praecederent,
1210 1205 1287 1263 unde
1308 1218 1388 1262 nnnc
1411 1203 1537 1260 ioannes
1563 1200 1631 1258 dicit
1653 1200 1709 1257 illis
1730 1200 1766 1255 ad
1788 1200 1832 1256 lo-

89 1290 187 1363 inqnit
208 1291 327 1359 ,omniu
340 1289 428 1362 (loon.
442 1306 477 1356 ι,
498 1293 542 1363 ts)
558 1307 566 1347 :
583 1292 637 1349 hoo
659 1300 774 1351 estnon
801 1293 939 1367 ignorans
993 1310 1059 1354 sum
1084 1293 1321 1367 pervenientibus
1336 1291 1459 1360 ,ludam
1483 1297 1559 1346 stare
1571 1302 1638 1345 cnm
1663 1287 1720 1344 illis
1742 1286 1839 1358 potins

90 1394 194 1440 corum
211 1380 468 1448 machinamenta,
493 1386 521 1437 et
544 1394 595 1451 per
622 1380 719 1439 dirum
748 1384 848 1441 mortis
870 1398 939 1456 ιιι·
993 1397 1082 1457 quam
1099 1382 1267 1455 precedere.
1293 1381 1392 1438 stabat
1410 1379 1528 1450 quidem
1543 1391 1611 1434 cum
1627 1377 1695 1447 ipsis
1710 1418 1717 1445 ,
1732 1389 1790 1431 non
1804 1382 1836 1431 nt

91 1467 211 1540 plicium
227 1482 257 1526 se
284 1468 407 1526 salutem
432 1476 558 1527 vestram
584 1478 881 1541 consummaturum,
906 1486 939 1528 ae
994 1470 1090 1529 caeteri
1104 1484 1172 1527 cum
1188 1469 1319 1526 Domino.
1344 1467 1443 1524 Stabat
1458 1464 1789 1536 tanquamstnpclactns
1810 1468 1839 1519 et

92 1555 227 1654 deinceps
251 1563 310 1613 tam
335 1560 545 1615 resurrectione
568 1572 657 1629 qnam
680 1561 866 1630 ascensione,
893 1561 939 1619 vel
957 1604 978 1659 B
995 1561 1124 1631 concepti
1134 1559 1248 1617 sceleris
1263 1558 1440 1614 immanitate
1454 1555 1651 1626 perturbatus,
1667 1561 1695 1610 et
1719 1567 1755 1609 ex
1770 1567 1842 1610 con·

93 1650 186 1702 sancti
208 1643 331 1715 Spiritus
356 1645 484 1703 adventu
512 1646 734 1718 glorificandum
761 1648 843 1718 .Qni
875 1657 942 1708 ante
995 1657 1095 1722 speetu
1113 1648 1223 1707 Domini
1237 1644 1522 1712 maximenonlusus,
1545 1650 1596 1700 aut
1605 1643 1724 1700 tortasse
1741 1649 1844 1710 ,tanta

94 1747 112 1790 a
145 1732 276 1804 passione
316 1733 532 1803 declinaverat,
562 1736 633 1805 quia
666 1736 797 1794 nondum
822 1746 943 1797 venerat
996 1740 1129 1797 cecitate
1141 1751 1318 1810 percussus,
1343 1743 1376 1792 nt
1396 1749 1449 1791 nec
1461 1748 1528 1791 enm
1543 1740 1634 1804 posset
1655 1744 1843 1804 cognoscere,

95 1823 167 1881 hora
184 1821 270 1893 ejus,
286 1829 315 1878 et
340 1821 491 1892 discipulis
515 1832 711 1895 praeceperat:
732 1825 798 1883 cun
818 1842 865 1883 cos
877 1844 943 1898 per·
998 1828 1051 1885 nisi
1062 1842 1096 1885 eo
1118 1827 1252 1897 seipsum
1268 1825 1412 1882 indicante
1433 1867 1439 1878 .
1455 1824 1491 1880 Ut
1503 1831 1599 1879 tamen
1614 1820 1745 1891 impleret
1764 1820 1844 1892 quod

95 1912 182 1968 secuti
208 1911 313 1978 (uetat
334 1910 368 1965 de
394 1913 506 1967 etcitcte
540 1915 572 1970 in
598 1915 738 1969 ciuitatem
762 1957 770 1980 ,
794 1917 886 1985 suqite
909 1919 940 1971 tn
998 1915 1132 1973 dixerat:
1159 1915 1352 1982 Quemcunque
1374 1912 1511 1968 osmlutus
1539 1912 1619 1977 suero
1640 1911 1699 1979 ipse
1723 1912 1784 1976 est,
1802 1912 1842 1962 te·

96 2002 181 2058 uiam
212 1999 339 2070 (ltottb,
355 2013 376 2056 x
405 2000 469 2072 23l;
499 2001 666 2075 sciensjam
693 2004 845 2062 advenisse
875 2013 945 2063 tem·
999 2002 1254 2074 aeterumlllottlt.
1270 2001 1423 2071 urnis),
1449 1999 1527 2056 omni
1544 1997 1653 2070 pudore
1679 1995 1844 2068 postposito,

98 2091 155 2161 pus
183 2101 347 2160 congruum
362 2088 510 2159 passioni,
531 2090 613 2148 oiicrt
629 2107 659 2149 se
673 2093 702 2149 in
718 2094 849 2165 pascha,
884 2102 947 2151 tan·
1000 2108 1058 2151 non
1073 2093 1164 2149 Deum
1179 2134 1187 2163 ,
1202 2090 1251 2148 sed
1280 2090 1410 2147 homines
1422 2089 1533 2146 veritus
1550 2129 1557 2155 ,
1576 2086 1694 2145 accessit
1708 2085 1745 2141 ad
1764 2099 1848 2142 oson-

99 2190 190 2249 quam
208 2175 316 2246 pascha
338 2176 384 2233 vel
413 2191 508 2250 agnus
533 2179 570 2236 ad
584 2180 795 2239 immolandum
810 2222 816 2237 .
834 2183 948 2239 Proces-
1001 2183 1073 2250 lum,
1090 2190 1230 2254 tanquam
1255 2179 1503 2251 eumdesignens,
1526 2178 1576 2249 qui
1586 2178 1647 2248 jam
1662 2175 1848 2246 semetipsum

100 2267 147 2335 sit,
162 2268 192 2322 et
211 2265 280 2322 dicit
296 2281 303 2320 :
320 2265 402 2333 Quem
412 2268 536 2336 queritis
555 2266 672 2338 llloon.
689 2283 773 2340 xviri,
787 2270 828 2342 4.)
850 2270 922 2328 Vere
938 2311 946 2339 ,
1003 2271 1199 2338 indicaverat,
1223 2271 1257 2325 ut
1267 2268 1307 2325 nil
1328 2269 1357 2325 in
1373 2282 1402 2324 se
1416 2267 1476 2324 lieri
1490 2267 1545 2323 nisi
1560 2280 1590 2322 se
1605 2267 1665 2337 ipso
1680 2265 1849 2334 disponente

101 2356 224 2426 inquam
252 2361 395 2426 tanquam
431 2356 571 2426 ignorans
609 2370 711 2415 eorum
740 2359 947 2430 nequissimam
1003 2360 1145 2417 Dominus
1171 2358 1351 2415 declararet.
1380 2356 1461 2414 Unde
1488 2359 1516 2412 et
1539 2355 1695 2427 sequitur:
1722 2355 1756 2409 Ut
1784 2366 1848 2420 erqo

102 2442 321 2515 inquisitionem
337 2443 428 2515 ,qnia
454 2452 539 2502 tunm
565 2452 607 2502 est
627 2445 762 2518 ignorare
790 2446 867 2503 mala
882 2462 949 2518 quae
1004 2453 1079 2507 dicit
1099 2450 1157 2504 eis:
1186 2450 1244 2517 eqo
1260 2461 1320 2502 sum
1330 2446 1458 2501 adimunt
1486 2450 1659 2508 retrorsum,
1694 2447 1719 2497 et
1747 2441 1850 2496 oecide-

103 2531 267 2629 improhas,
295 2539 322 2589 et
341 2546 512 2603 cognoscere
540 2534 616 2591 bona
633 2549 700 2606 qnae
720 2536 865 2607 approbas
880 2576 887 2592 .
905 2536 951 2594 Sic
1003 2540 1220 2594 rontinterrom
1237 2537 1325 2608 (loon.
1353 2548 1437 2601 xvur,
1453 2534 1489 2605 sl.
1505 2532 1579 2600 Quid
1606 2530 1708 2602 agitis,
1738 2528 1850 2585 missi?

104 2631 213 2690 qnippe
229 2617 344 2686 Adam,
370 2632 456 2690 quern
472 2626 539 2678 ante
560 2629 711 2691 peccatum
727 2636 849 2680 noveras
865 2662 872 2691 ,
887 2628 952 2693 post
1005 2629 1078 2684 Dece
1103 2632 1205 2697 praesto
1221 2632 1263 2681 est
1280 2637 1367 2696 quem
1393 2622 1540 2694 queritis,
1556 2628 1584 2678 et
1605 2635 1635 2677 se
1658 2621 1754 2691 ipsum
1779 2616 1850 2674 olie-

105 2713 255 2778 peccttntn
277 2715 419 2778 tanquam
452 2708 632 2780 incognitum
668 2711 793 2782 requiris
830 2711 949 2768 dicens:
1005 2730 1072 2774 rens
1088 2757 1096 2784 ,
1112 2714 1180 2770 dicit
1196 2730 1203 2768 :
1221 2715 1283 2782 qu
1300 2728 1360 2768 sum
1376 2725 1448 2779 ,nco
1472 2711 1556 2767 istam
1569 2710 1633 2783 ejus
1655 2722 1754 2766 vocem
1774 2708 1849 2765 torre

106 2795 210 2866 Adon,
240 2795 289 2852 ubi
320 2796 373 2854 es?
389 2797 466 2868 (Gen.
492 2812 522 2854 ru
548 2797 596 2868 9.)
620 2797 674 2867 Qui
703 2800 790 2856 etiam
821 2801 952 2858 mulieris
1006 2804 1173 2872 sustinctis,
1197 2803 1244 2859 cui
1261 2802 1318 2858 vim
1341 2800 1435 2858 lacere
1461 2799 1647 2857 confidebatis
1674 2836 1682 2852 .
1705 2797 1853 2854 Abeuntes

107 2883 217 2945 iactum
245 2885 323 2955 qnod
351 2886 519 2956 improbas,
546 2894 686 2957 tanquam
712 2887 893 2959 incognitum
909 2889 954 2946 in·
971 2889 993 2946 G
1009 2901 1191 2959 retrorsum,
1208 2905 1265 2947 non
1290 2891 1316 2948 ei
1339 2889 1466 2947 valentes
1492 2886 1741 2959 appropinquare,
1763 2896 1851 2956 quern

109 2973 353 3072 terrogsnmais:
372 2974 462 3040 Quare
479 2973 708 3043 fecistiilldid„
737 2976 791 3047 13.)
805 2979 841 3033 lit
869 2977 957 3036 latuis
1011 2981 1115 3040 venitis
1132 2979 1394 3049 comprehendere,
1422 2978 1451 3034 in
1472 2985 1579 3034 terram
1592 2974 1720 3046 resupini
1747 2971 1858 3030 corrui·

110 3060 275 3133 vrrgrnrbns
303 3060 501 3130 respondens,
530 3061 625 3118 diois:
658 3062 747 3118 Amen
785 3065 844 3120 dieo
871 3066 956 3129 cobis,
1012 3070 1080 3128 sris.
1105 3069 1156 3125 llic
1180 3068 1289 3140 quippe
1315 3080 1400 3124 casus
1422 3065 1559 3138 proprius
1581 3072 1622 3123 est
1644 3062 1856 3134 reproborum,

110 3152 201 3248 belliq
240 3163 288 3248 ‚⁰⁰⁸
317 3148 449 3219 (notet.
472 3165 526 3205 ¹¹v
540 3189 548 3215 ι
581 3151 648 3219 lh).
683 3151 755 3208 Cum
796 3155 959 3211 econtrario
1013 3158 1087 3216 sicut
1122 3158 1225 3215 cadere
1253 3157 1283 3212 in
1303 3155 1404 3212 taciem
1430 3153 1579 3224 proprium
1603 3159 1645 3209 est
1669 3151 1855 3208 electorum:

113 3239 202 3309 noys
218 3236 318 3294 orcas:
338 3239 407 3294 noos
425 3241 450 3293 le
462 3253 496 3293 ee
510 3237 731 3310 sensuimus.
753 3254 871 3309 xum,
891 3241 958 3314 tel,
1012 3248 1125 3307 undeet
1154 3247 1225 3303 uiuo
1238 3253 1280 3303 est
1296 3245 1371 3303 ocati
1395 3243 1571 3316 creperum
1600 3240 1775 3312 sequiorem
1809 3240 1860 3296 no-

113 3332 142 3383 et
153 3324 294 3396 scriptum
309 3326 346 3383 sit
362 3327 464 3385 :Novit
478 3329 609 3383 Dominus
623 3330 674 3398 qut
698 3333 763 3384 sunt
778 3331 839 3399 ejus
855 3330 936 3402 (Num
952 3371 959 3384 .

112 3428 174 3483 xvi,
195 3413 235 3485 ὅ).
262 3414 474 3484 Responderunt
487 3419 512 3471 ei
531 3432 538 3472 :
554 3417 647 3472 iesum
659 3419 834 3475 Nazarenum
850 3419 931 3491 (loon
950 3458 957 3475 .

114 3515 196 3570 xvrrr,
217 3501 255 3573 ὅ).
275 3500 378 3559 Οιιιιί
393 3511 421 3560 ιι
448 3517 514 3560 vere
533 3504 701 3563 intenebris
716 3505 864 3564 venientes
886 3523 960 3566 con-

116 3597 163 3648 tra
183 3589 277 3648 lucem
291 3598 319 3648 et
335 3591 364 3648 in
385 3601 467 3650 nocte
482 3592 637 3651 adversum
652 3594 750 3662 diem,
778 3609 846 3653 oum
862 3596 888 3653 ei
911 3611 963 3655 vos

115 3678 212 3751 ipsum
225 3693 356 3751 querere
370 3681 557 3752 respondetis,
584 3696 670 3754 quern
700 3683 817 3753 perdere
842 3685 960 3744 venitisl

116 3766 247 3825 Procedit
273 3769 310 3826 ab
337 3768 445 3826 bellum
465 3777 605 3842 tanquam
635 3771 756 3844 signiter
780 3781 847 3831 ante
873 3789 962 3832 snos.

116 3856 179 3915 lion
195 3871 263 3915 eum
277 3859 480 3931 recognoscitis
499 3861 678 3928 Dominum,
705 3875 792 3933 quem
811 3877 963 3921 occurrere

119 3952 220 4010 videtis
248 3954 364 4011 solnm.
392 3954 421 4012 Si
456 3955 534 4013 enirn
560 3958 824 4028 recognosceretis,
853 3973 963 4031 nequa·

1015 3334 1141 3408 miliali)
1158 3351 1164 3392 :
1182 3355 1195 3380 e
1219 3334 1310 3390 Electi
1326 3334 1355 3389 in
1371 3333 1471 3389 laniem
1485 3372 1494 3400 ,
1509 3337 1538 3387 et
1565 3328 1680 3400 reprobi
1701 3334 1859 3386 retrorsum

1015 3427 1137 3492 eadunt,
1174 3426 1244 3496 qnia
1263 3421 1314 3494 qui
1329 3429 1394 3492 post
1420 3435 1451 3477 se
1464 3420 1541 3477 cadit
1555 3460 1563 3485 ,
1579 3419 1617 3476 ihi
1637 3418 1713 3475 cadit
1738 3416 1789 3475 uhi
1804 3429 1862 3472 non

1015 3514 1104 3572 videt.
1124 3511 1222 3584 lniqni
1238 3524 1307 3569 vero
1322 3510 1373 3581 qui
1388 3509 1417 3565 in
1433 3508 1595 3565 visibilibus
1607 3506 1736 3572 osdnnt,
1753 3511 1816 3576 post
1834 3517 1864 3561 sc

1018 3602 1120 3660 cadere
1139 3600 1295 3666 dicuntur,
1312 3599 1383 3669 quia
1405 3597 1444 3654 ibi
1473 3602 1613 3654 corruunt
1627 3636 1636 3664 ,
1651 3595 1703 3652 uhi
1717 3592 1788 3666 quid
1815 3605 1864 3649 eos

1018 3698 1089 3749 tunc
1110 3695 1251 3762 sequatur
1266 3686 1460 3744 modovidere
1475 3699 1534 3742 non
1557 3689 1687 3755 possunt.
1712 3680 1865 3739 tustivero

1019 3779 1090 3852 quia
1101 3779 1130 3835 in
1154 3778 1216 3834 istis
1230 3775 1393 3833 visibilibus
1415 3775 1583 3845 semetipsos
1600 3781 1701 3843 sponte
1715 3770 1864 3841 dejiciunt,

1019 3874 1052 3925 ut
1067 3864 1263 3922 invisibilibus
1276 3863 1435 3936 erigantur,
1459 3863 1544 3935 quasi
1557 3862 1588 3918 in
1610 3860 1711 3917 taciem
1736 3858 1864 3925 cadunt,

1019 3956 1090 4027 qnia
1104 3953 1206 4012 timore
1221 3953 1386 4023 compuncti
1403 3994 1411 4019 ,
1427 3951 1556 4008 ridentes
1571 3948 1773 4008 humiliantur.
1790 3948 1866 4003 »lte-

118 4055 208 4113 quam
246 4051 351 4101 vestre
380 4044 601 4102 machinationis
647 4045 746 4102 dolum
782 4049 966 4119 responsione
1020 4057 1086 4102 rum
1113 4056 1183 4112 ergo
1208 4054 1256 4098 eos
1276 4041 1463 4112 interrogavit
1489 4055 1495 4095 :
1521 4040 1603 4107 Quom
1633 4040 1757 4111 queritis
1783 4035 1798 4091 i
1820 4036 1867 4090 lita·

117 4135 214 4185 restra
238 4129 264 4184 ei
284 4129 469 4201 panderetis.
494 4128 599 4187 Contra
613 4132 782 4201 sapientiam
796 4136 965 4207 venientes,
1021 4133 1111 4185 cutem
1134 4128 1290 4183 dionunt:
1326 4127 1418 4181 lesum
1448 4128 1630 4183 Nazarenum.
1647 4124 1799 4194 Despondit
1823 4125 1867 4178 Je-

119 4217 189 4287 quia
213 4230 278 4273 eam
306 4231 364 4274 non
389 4218 583 4290 cognoscitis,
600 4219 680 4276 stulti
704 4225 899 4294 permanetis,
915 4237 1005 4293 neon
1021 4234 1067 4274 sus
1084 4233 1091 4273 ἓ
1108 4219 1173 4273 Dino·
1187 4215 1262 4271 vobit
1277 4217 1344 4286 quiu
1364 4229 1411 4282 09⁰
1443 4231 1513 4271 sum·
1535 4215 1590 4282 Qui
1611 4215 1744 4271 abierunt
1763 4221 1867 4270 reims·

118 4311 289 4375 praesennn
314 4305 430 4375 potesne
443 4307 691 4377 animadvertere,
716 4309 772 4367 nm
787 4324 821 4368 eo
835 4327 864 4369 se
880 4313 966 4371 vonis
1021 4322 1097 4375 sun,
1119 4319 1178 4363 non
1196 4304 1290 4361 sorum
1320 4316 1438 4373 corpore
1457 4310 1641 4370 corruentes,
1663 4315 1765 4359 verum
1779 4301 1880 4358 eriam,

119 4400 273 4458 indicante.
294 4403 393 4460 losum
418 4402 615 4473 respondetis,
631 4411 659 4461 er
675 4419 711 4462 ne
730 4406 789 4478 sps,
817 4406 852 4464 (ιθ
866 4416 968 4466 semet-
1022 4398 1052 4455 in
1067 4405 1175 4454 tantam
1198 4393 1334 4451 exstasim
1345 4391 1461 4463 pavoris
1473 4399 1500 4447 et
1523 4390 1749 4462 perturbationis
1775 4390 1865 4458 lacti,

118 4499 180 4571 ipse
195 4498 226 4556 in
250 4504 346 4556 vestra
372 4499 553 4570 responsione
576 4501 668 4573 possit
686 4517 808 4574 enam,
826 4511 966 4577 „nquam
1021 4493 1054 4542 ut
1070 4486 1224 4541 Dominum
1237 4495 1291 4538 neo
1305 4481 1342 4537 ad
1357 4480 1498 4537 indicium
1513 4493 1601 4538 suurn
1617 4521 1624 4548 ,
1640 4492 1694 4537 nec
1709 4478 1745 4535 ad
1771 4478 1866 4548 prodi·

119 4604 227 4653 enmet
241 4596 277 4653 dc
302 4595 394 4667 seipso
407 4595 550 4664 decenus,
573 4598 707 4656 subnexa
732 4600 968 4666 determinatione
1021 4571 1236 4633 ¹⁰si⁸⁰⁸⁰¹¹¹⁰m
1250 4582 1407 4643 ²⁸⁰⁰⁸⁰⁰f⁰
1434 4578 1557 4639 mmm·
1588 4566 1718 4626 5⁰⁰¹¹¹¹d⁰
1747 4567 1869 4625 intem*

119 4693 223 4752 additis
245 4695 456 4751 :Nazarenum
484 4695 520 4752 lit
535 4696 647 4753 utinam
661 4697 758 4754 lesum
771 4737 779 4765 ,
794 4706 882 4770 quem
904 4715 968 4772 pre
1021 4670 1071 4738 ⁸²¹
1084 4675 1132 4719 ⁰⁰⁸
1151 4673 1238 4732 ‘¹⁰⁰³‘
1261 4665 1405 4731 ‘mmm’
1421 4666 1488 4717 ⁰²⁸³
1513 4659 1618 4716 “esum
1642 4656 1797 4713 ⁵¹¹⁰ffl⁰³⁸⁰
1822 4655 1871 4711 ‘¹st

117 4790 239 4850 tlteminl
262 4799 403 4865 tanquam
416 4794 523 4862 lesum,
541 4793 568 4850 id
582 4801 625 4850 est
632 4793 807 4852 salvatorem
822 4838 830 4864 ,
858 4812 968 4870 quere·
1020 4759 1074 4820 ⁰⁰⁸¹
1091 4764 1178 4822 qum
1195 4763 1226 4805 ⁸⁰
1241 4748 1283 4805 illl
1304 4761 1434 4819 quaeme
1445 4747 1625 4818 mmmm
1648 4748 1680 4801 ¹⁰
1696 4758 1754 4816 ‘¹¹¹⁰
1769 4750 1869 4814 Μ’

118 4889 209 4959 retis,
227 4898 259 4948 ut
274 4891 352 4963 quod
369 4891 399 4947 in
414 4905 463 4948 ore
478 4890 609 4961 habetis,
627 4891 711 4948 eorde
737 4894 870 4951 teneretis
884 4910 893 4966 ;
907 4910 942 4954 ne
958 4930 966 4958 ‚
1021 4838 1648 4988 ξίΐηῶἰῒὲῗἒἳὶῦξιιίἐξῗὲξορέζξξὲῧᾞὲ
1667 4847 1698 4890 m
1723 4846 1868 4903 pa⁸⁵¹⁰⁰⁰’

118 4986 188 5044 dum
204 4987 379 5096 Silvawseffl
400 4990 522 5063 P⁰¹⁸d⁰s0
536 4988 690 5064 (Iuael'ifise
710 5003 762 5048 V⁰³
777 4990 853 5065 {9³⁰⁵
874 4993 969 5066 ll⁰¹i¹1⁸
1057 5021 1089 5075 sa·
1104 5032 1167 5087 erqo
1185 5031 1228 5072 me
1242 5017 1377 5084 queritis,
1394 5015 1477 5070 sinite
1491 5013 1540 5069 ltor
1561 5012 1644 5069 ehire.
1662 5014 1695 5069 Ut
1707 5012 1870 5083 impleretur

117 5083 271 5196 D0¹D²J¹⁸¹
1021 5122 1117 5173 semo,
1135 5113 1181 5163 ιιι
1190 5104 1281 5178 (totu,
1299 5103 1338 5175 8.)
1350 5103 1378 5160 Si
1394 5116 1461 5172 ιιι,
1481 5102 1587 5173 inquit,
1603 5114 1661 5158 non
1681 5101 1772 5157 alium
1785 5113 1869 5171 quae-

152 5183 226 5238 Drert
245 5197 284 5238 ers
297 5184 394 5242 lesus:
410 5187 468 5256 ltqo
481 5201 544 5242 sum
558 5183 653 5262 (loidi
670 5186 843 5246 nonenim
857 5201 967 5262 cogno-
1022 5197 1097 5265 ritis,
1118 5194 1241 5252 sicutex
1255 5193 1371 5250 duabus
1394 5191 1455 5264 jam
1470 5196 1548 5262 patet
1567 5188 1806 5262 responsionibus
1821 5202 1869 5245 ve·

117 5291 196 5338 scere
223 5293 291 5339 cnm
307 5280 364 5340 nisi
390 5283 451 5355 ipso
465 5291 598 5356 poterant
613 5283 784 5344 indicante.
811 5286 888 5347 siem
914 5300 968 5346 noc
1020 5284 1098 5355 stris,
1120 5281 1350 5344 subcerevobts
1368 5280 1452 5339 debes
1464 5287 1591 5338 vestram
1622 5279 1651 5336 in
1666 5292 1712 5335 me
1725 5276 1870 5350 complere

154 5437 194 5510 (7)
208 5439 312 5500 Patrcl.
329 5444 398 5498 tom.
414 5439 529 5510 LXXV,
544 5440 599 5500 eol.
614 5441 677 5499 872.
