3804 5962
1382 22 1823 51 ἡ

643 163 873 222 recensuero
894 162 1077 221 entotssru
1223 157 1227 164 ’
1332 110 1346 132 ’
1544 128 1546 132 ’
1683 163 1748 256 ⁷²⁶.

79 283 206 351 cnvenit,
226 283 373 349 ineantur,
398 283 568 353 procreandi
590 283 722 342 videlicet
748 285 829 354 lilios,
847 294 871 350 it
887 285 1064 342 nurudornm
1080 292 1108 342 ει
1123 285 1278 355 impierum
1294 283 1445 342 bominum
1463 283 1638 356 loqueretur.
1655 282 1745 343 con-⁸

79 373 149 430 tiam
169 373 341 430 concubitus
355 383 505 439 excusent,
522 374 573 444 qui
590 388 647 430 nen
671 375 726 431 bac
740 377 835 431 inten-
888 376 1006 432 cubitus
1033 376 1109 431 enim
1134 375 1313 431 necessarius
1339 386 1427 430 causa
1452 375 1621 444 generandi,
1643 374 1736 432 incul-

85 476 145 535 qua
166 463 312 532 convenit,
338 462 420 525 dunt,
451 470 540 533 atque
564 462 593 519 iu
617 463 718 534 seipsis
743 465 835 535 magis
888 465 993 535 pabilis
1012 474 1039 520 et
1060 465 1139 521 selus
1156 465 1215 535 ipse
1242 464 1381 534 nuptialis
1403 471 1455 520 est.
1481 464 1532 520 lile
1555 475 1662 529 autem,
1685 463 1738 534 qut

91 553 326 624 inoperationem
345 553 471 608 vitandae
490 553 697 622 fornicationis,
716 555 835 625 nuptias
889 555 967 612 ultra
988 554 1070 610 istam
1097 555 1294 611 nenessitatem
1318 552 1509 624 progreditur,
1535 553 1594 625 jam
1617 567 1676 610 nen
1692 565 1742 610 ra-'

79 657 160 700 renas
178 642 331 699 convincit.
352 640 433 698 Unde
447 650 475 697 et
491 641 519 696 in
537 642 671 712 predicto
697 643 780 699 libre.
795 645 835 700 De
890 644 970 712 tiooi,
995 644 1043 700 scd
1061 643 1170 699 libidini
1194 643 1373 714 obsequitur.
1399 643 1432 697 Et
1456 643 1534 698 bo‘nc
1560 651 1655 698 tamen
1678 656 1737 701 nen

80 732 187 789 scilicet
202 731 360 803 conjugali,
381 732 422 787 sic
437 732 476 787 ait
500 731 592 803 libbi:
610 751 623 782 o
642 734 750 788 Bonum
765 747 834 803 ergo
888 733 1014 802 eripere,
1031 733 1079 789 sed
1106 733 1224 790 reddere
1247 732 1376 803 conjugi,
1401 746 1438 788 ne
1460 730 1627 787 fornicando
1650 732 1736 788 dam-

79 820 123 894 pii,
136 820 212 892 qued
227 819 311 876 etiam
323 819 501 877 Dominusin
513 821 669 893 Evangelio
683 820 835 877 conflrma-
888 822 1023 878 nabiliter
1039 829 1143 892 peccet,
1165 821 1201 876 ad
1220 834 1370 891 personam
1391 819 1514 890 pertinet
1538 819 1739 892 conjugalem..

79 924 121 967 ‚en
151 909 245 966 selum
274 912 346 980 quia
367 908 515 979 prohibuit
539 910 684 966 dimittere
711 923 833 966 uxorem
887 911 915 966 Si
931 919 1026 968 autem
1044 910 1129 967 ambo
1143 910 1193 966 tali
1212 909 1451 981 concupiscentiae
1467 909 1655 980 subiguntur.
1673 922 1735 968 rem

79 1012 103 1055 ix
123 1011 212 1054 causa
239 997 445 1066 lernicatienis,
475 999 525 1055 sed
545 999 631 1055 etiam
661 998 732 1070 quia
758 999 834 1055 venit
888 999 999 1057 laciunt
1020 1015 1078 1056 nen
1103 999 1188 1071 plane
1203 999 1383 1070 nuptiarum.
1400 998 1607 1056 Verumtamen
1636 998 1658 1055 si
1676 1011 1735 1056 ma·

79 1092 125 1143 tus
148 1083 185 1141 ad
200 1084 326 1155 nuptias,
344 1099 398 1142 cur
414 1086 451 1141 sil
471 1086 580 1143 benum
604 1087 705 1142 merite
722 1085 833 1157 quaeri-
888 1088 932 1160 gis
961 1089 991 1145 in
1019 1102 1073 1146 sua
1098 1087 1303 1159 coniunctione
1326 1086 1452 1160 diligunt
1472 1087 1551 1159 qued
1567 1087 1732 1157 honestum,

79 1175 140 1239 tired
163 1173 233 1231 mibi
248 1189 306 1229 nen
326 1174 441 1230 videtur
457 1181 574 1245 prepter
589 1174 678 1230 solam
705 1174 832 1230 liliorum
887 1189 975 1247 quam
990 1165 1068 1247 quiid
1087 1177 1270 1232 inhonestum
1290 1184 1341 1240 εει,
1360 1175 1385 1230 id
1401 1175 1536 1247 estquod
1553 1184 1596 1232 est
1611 1176 1729 1246 nuptia·

79 1263 219 1329 rationem,
245 1263 291 1318 sed
318 1272 435 1332 prepter
456 1263 546 1332 ipsam
563 1264 648 1319 etiam
670 1263 832 1319 naturalem
886 1279 963 1326 rum.
991 1278 1079 1336 quam
1106 1264 1135 1321 id
1157 1265 1235 1336 qued
1257 1279 1315 1321 nen
1337 1271 1379 1321 est
1398 1264 1579 1336 nuptiarum,
1604 1264 1658 1321 bec
1681 1265 1732 1335 eis,

79 1367 149 1409 rerse
173 1367 245 1409 sexu
270 1350 443 1408 serietatem.
462 1372 475 1400 o
502 1353 571 1408 Item
596 1353 652 1426 ill:
676 1353 832 1408 «Tantum
887 1362 1004 1410 auctore
1026 1355 1170 1424 Apestele,
1196 1353 1356 1410 secundum
1381 1356 1495 1410 veniam
1520 1354 1698 1414 conceditur.
1718 1375 1730 1404 o

83 1442 143 1497 iiod
157 1441 260 1497 sociale
276 1441 426 1497 vinculum
442 1441 612 1513 conjugum,
624 1450 728 1499 utcum
744 1455 832 1497 causa
887 1447 956 1500 item
972 1445 1027 1517 bil:
1046 1467 1056 1493 ι
1074 1445 1125 1501 ille
1139 1443 1281 1500 naturalis
1295 1458 1375 1513 usus,
1389 1444 1508 1517 quande
1523 1444 1682 1514 prolabitur
1691 1444 1734 1502 ul·
1799 1505 1812 1513 ,¹

79 1531 152 1586 randi
182 1528 337 1601 crilligitur,
369 1544 422 1586 nec
447 1530 509 1600 ipsa
541 1545 629 1586 causa
662 1532 830 1601 procreandi
849 1506 868 1560 Β
888 1541 930 1589 tra
947 1545 1030 1603 pacta
1047 1533 1198 1604 nuptialia,
1217 1533 1243 1589 ld
1258 1543 1301 1590 est
1316 1534 1393 1590 ultra
1417 1533 1594 1604 propagandi
1610 1534 1733 1591 necessi·

79 1633 121 1675 ur.
158 1620 252 1676 Posset
283 1621 369 1675 etiam
411 1619 495 1676 beree
528 1620 672 1677 dimittere
704 1620 829 1676 sterilem
885 1628 981 1689 tatem,
999 1623 1120 1679 venialis
1144 1622 1174 1679 llt
1196 1623 1225 1678 in
1251 1636 1351 1690 uxore,
1369 1623 1396 1678 in
1413 1622 1561 1679 meretrice
1582 1622 1733 1681 damnabi-

79 1723 114 1776 m,
141 1717 169 1764 et
192 1708 296 1764 dur-ere
313 1708 410 1771 aliam,
427 1710 462 1765 de
483 1722 542 1779 qua
568 1710 639 1765 lilios
663 1709 777 1776 babeat,
801 1717 829 1766 et
884 1712 936 1781 ls;
955 1712 1017 1778 iste,
1034 1713 1085 1782 eui
1106 1720 1149 1768 est
1171 1720 1270 1769 contra
1288 1722 1435 1777 naturam,
1461 1712 1674 1769 exsecrobztiier
1698 1713 1730 1772 tit

94 1812 151 1853 nen
166 1796 228 1854 icet
245 1797 360 1853 babere.
374 1817 388 1847 o
402 1799 471 1853 item
487 1799 544 1869 iul:
561 1821 573 1847 o
588 1798 660 1855 Saue
672 1799 827 1854 videndum
884 1801 914 1857 in
943 1802 1101 1867 meretrice,
1130 1802 1178 1856 sed
1199 1801 1407 1863 exsecrabilius
1426 1800 1456 1857 iu
1481 1814 1581 1858 uxore.
1605 1800 1730 1858 Tantum

79 1886 183 1943 abiina
201 1888 289 1943 belim
312 1887 394 1943 nobis
419 1887 497 1953 dare,
521 1903 587 1958 quae
604 1897 717 1960 prepter
735 1890 828 1959 seipsa
883 1889 958 1945 valet
973 1888 1116 1944 ordinatio
1130 1888 1312 1945 Creatoriset
1326 1889 1396 1944 ordo
1417 1896 1569 1955 ereaturae,
1585 1897 1618 1945 ut
1639 1889 1667 1944 ln
1684 1903 1727 1946 re·

79 1977 140 2032 lida
153 1984 232 2044 sunt,
257 1979 331 2032 sieut
345 1985 387 2032 est
402 1978 552 2048 sapientia,
575 1979 664 2043 salus,
681 1978 825 2049 arrricitie3
881 1977 938 2034 bus
951 1977 985 2032 ad
1008 1977 1148 2033 utendum
1163 1978 1316 2040 cirecessis,
1337 1980 1423 2033 etiam
1439 1991 1505 2034 cum
1528 1978 1630 2034 medus
1642 1991 1737 2039 exce,

79 2075 119 2117 ιε)
139 2071 255 2130 prepter
277 2061 388 2131 alieuid
404 2071 472 2118 suut
495 2065 665 2128 necessaria,
689 2067 762 2119 sicut
779 2063 828 2119 de·
882 2066 970 2132 ditur,
995 2065 1078 2136 louge
1100 2065 1137 2120 sit
1159 2064 1334 2121 tolerabiles
1352 2078 1441 2136 qrram
1462 2065 1491 2120 ie
1514 2064 1640 2136 eisque
1663 2079 1730 2121 cen·

79 2149 179 2214 ‚cibus
200 2158 226 2206 et
243 2158 335 2218 petus,
357 2164 485 2216 somnus,
509 2153 690 2221 orologium,
715 2165 827 2207 concu·
881 2167 960 2209 cessa
986 2166 1043 2209 nen
1068 2161 1148 2219 sunl,
1171 2153 1214 2209 vel
1241 2167 1318 2209 uelis
1342 2154 1386 2210 vel
1406 2167 1492 2210 rarus
1516 2166 1674 2209 excessus:
1700 2157 1729 2210 ct

85 2239 196 2295 ilerum
210 2240 287 2294 euim
303 2239 436 2310 quolam
454 2241 614 2296 necessaria
629 2250 697 2295 suot
714 2251 827 2310 prepter
881 2242 944 2299 ideo
972 2244 1000 2298 iu
1023 2255 1054 2298 re
1077 2256 1221 2310 concessa,
1246 2244 1444 2299 immoderatio
1465 2242 1609 2315 conjugis,
1633 2256 1669 2299 ne
1697 2243 1728 2300 in

81 2329 161 2396 tiam,
173 2328 246 2384 sicut
261 2328 551 2399 deirtrina3quaedam
566 2332 824 2399 proptersalutem,
880 2345 940 2388 reue
971 2345 1029 2388 neu
1055 2345 1218 2386 concessam
1252 2331 1339 2387 libido
1370 2339 1551 2401 prorumpat,
1578 2329 1728 2386 toleranda

79 2416 170 2483 cibus,
195 2426 222 2474 ει
240 2426 332 2487 petus,
348 2426 376 2473 et
391 2432 531 2484 somnus;
556 2433 622 2488 qirae
633 2419 688 2473 lam
710 2429 826 2489 propter
879 2429 931 2476 est.
946 2421 1017 2476 iiiuc
1030 2427 1073 2476 est
1087 2421 1172 2475 etiam
1189 2420 1267 2492 qued
1291 2419 1374 2492 lenge
1395 2423 1492 2476 minus
1513 2426 1611 2491 peccat
1624 2431 1726 2490 uuam·

79 2509 147 2572 iam,
172 2507 249 2561 sieut
265 2509 373 2574 nuptiae
388 2505 433 2561 vel
458 2506 640 2562 concubitus.
659 2507 731 2563 ilinc
746 2506 824 2563 enim
878 2509 947 2566 libet
966 2509 1101 2566 assiduus
1116 2511 1150 2564 ad
1172 2522 1304 2576 uxorem,
1328 2524 1418 2580 tinam
1439 2511 1481 2565 vel
1508 2507 1675 2565 rarissimus
1689 2506 1726 2565 ad

79 2597 107 2651 tit
126 2593 296 2665 propagatio
316 2593 428 2665 generis
453 2594 583 2659 bomani,
608 2595 636 2648 in
665 2610 723 2664 ouo
740 2595 825 2651 soeie
879 2598 1106 2655 inminationem.
1129 2596 1202 2654 Cum
1221 2611 1290 2655 rere
1313 2599 1360 2655 vir
1375 2599 1504 2655 membre
1519 2598 1650 2655 mulieris
1666 2610 1725 2653 nen

82 2685 193 2742 icabilis
217 2697 355 2756 magnum
385 2684 492 2741 bonum
516 2693 568 2740 est.
595 2685 642 2739 llis
659 2684 756 2754 itaque
771 2685 821 2741 bo-
878 2687 915 2744 ad
938 2688 1139 2743 boccencesse
1161 2685 1204 2743 uti
1228 2687 1362 2754 veluerit,
1389 2687 1503 2758 turpior
1525 2693 1568 2742 est
1590 2698 1667 2742 uxor
1694 2685 1725 2741 in

80 2789 115 2832 re
131 2780 245 2846 prepter
262 2774 340 2829 atiud
366 2773 527 2829 necessaria
543 2780 621 2833 suut,
639 2775 689 2844 qui
714 2788 770 2829 non
785 2773 820 2828 ad
876 2791 916 2844 se,
946 2789 1034 2848 quam
1063 2778 1086 2833 si
1109 2777 1138 2831 in
1162 2775 1219 2831 alia
1246 2774 1308 2831 lleri
1334 2775 1506 2845 permiserit.
1534 2775 1627 2831 Decus
1654 2787 1724 2845 erge

79 2863 149 2929 itur,
166 2863 371 2933 propterquod
390 2861 522 2918 instituta
537 2871 616 2929 Silili,
631 2870 738 2930 peccat,
751 2864 821 2918 alias
837 2868 859 2926 c
877 2865 1030 2938 conjugale
1052 2873 1094 2922 εει
1116 2864 1231 2921 castitas
1255 2863 1435 2936 procreandi,
1465 2873 1492 2920 et
1508 2862 1644 2920 reddendi
1661 2875 1724 2918 ear-

82 2963 135 3020 ter,
170 2952 242 3007 alias
272 2948 484 3007 damnabiliter.
521 2950 658 3022 Quisquis
686 2966 754 3008 rere
781 2952 822 3008 eis
875 2956 950 3012 nelis
972 2954 1060 3011 debiti
1083 2953 1296 3025 ildes3becest
1317 2968 1391 3025 epus
1412 2954 1592 3025 nuptiarum,
1619 2953 1672 3009 boc
1686 2951 1722 3009 ab

79 3041 159 3097 rbec
184 3040 286 3106 utitur,
310 3040 522 3110 propterquod
550 3042 617 3094 data
636 3051 714 3105 snut,
732 3041 820 3098 bene·
874 3045 951 3101 ornei
971 3043 1091 3100 crimine
1118 3043 1244 3100 delendit
1273 3043 1432 3114 Apostolus,
1458 3042 1596 3098 dicende:
1634 3043 1668 3096 lit
1697 3041 1723 3096 si

91 3130 161 3186 item
175 3131 216 3196 iil
229 3129 337 3186 :ibiibi
351 3129 527 3185 videturbec
539 3131 817 3199 tempereselosees,
874 3137 1009 3205 occeperis
1027 3149 1218 3202 caeremonia
1242 3135 1370 3204 peccasti,
1387 3137 1412 3188 el
1434 3135 1460 3187 si
1478 3137 1556 3199 eirpe
1582 3134 1718 3201 cupierit,

84 3233 142 3274 nen
157 3218 314 3285 continent,
336 3219 487 3288 conjugari
503 3226 645 3289 oportere,
659 3221 818 3275 seeundum
874 3238 927 3278 neo
952 3229 1063 3293 peccet,
1081 3229 1117 3288 et,
1139 3222 1213 3293 qood
1237 3223 1296 3278 vuit
1316 3223 1486 3290 samotrace
1504 3225 1610 3294 peccet,
1634 3220 1659 3275 si
1673 3234 1723 3274 riu·

79 3307 205 3378 eiusdem
222 3307 347 3377 Apostoli
372 3309 562 3365 senteutiam:
581 3309 699 3376 Quodsi
718 3325 746 3365 εε
766 3325 823 3384 neri
875 3311 961 3383 belli
979 3313 1039 3370 eor.
1057 3327 1106 3377 vu,
1130 3312 1186 3383 ιθ).
1211 3311 1352 3383 Exigendi
1381 3319 1477 3368 autem
1504 3308 1593 3367 debiti
1615 3308 1651 3366 ab
1680 3308 1723 3365 al·

79 3401 120 3461 nt,
137 3397 251 3451 nubent.
277 3398 375 3452 illelius
395 3404 434 3452 est
456 3402 528 3453 enim
542 3400 645 3453 nabere
670 3414 754 3470 quom
775 3399 820 3453 siri
873 3406 982 3456 terutre
1005 3415 1078 3457 sexu
1101 3399 1316 3457 inituoderatior
1338 3404 1508 3472 progressio,
1537 3409 1652 3469 propter
1673 3397 1722 3454 illa

88 3500 141 3552 ru,
155 3484 182 3558 9)
211 3485 268 3541 Nec
287 3485 356 3554 ipsis
372 3495 467 3542 tamen
497 3501 555 3543 non
583 3496 731 3557 peccatum
750 3493 820 3544 suut
874 3502 941 3560 qua
963 3490 1211 3561 supradiximus,
1235 3489 1342 3561 conjug
1353 3489 1408 3546 bus
1426 3489 1584 3546 menradum
1607 3487 1721 3544 reniam

79 3602 91 3642 ι,
115 3589 182 3646 quae
201 3589 230 3630 se
252 3574 490 3643 inoperationem
518 3576 714 3633 fornicationis
734 3576 821 3647 elige·
874 3578 1051 3635 conceditur.
1076 3578 1156 3646 Quod
1171 3593 1241 3650 erge
1260 3576 1393 3644 ειιεΟιιε
1416 3582 1538 3650 innupto
1560 3584 1599 3633 cst
1618 3577 1722 3644 coellet

79 3706 85 3732 ,
111 3666 209 3720 minus
232 3675 379 3734 peceatum
395 3674 466 3722 esset
482 3680 572 3738 quam
589 3666 749 3732 loruicatio‚
770 3667 819 3723 sed
853 3653 859 3669 ”
874 3682 905 3722 ει
920 3681 980 3733 eoa
994 3673 1059 3722 sunl
1076 3669 1195 3734 Domini,
1214 3672 1243 3720 ut
1261 3671 1298 3722 sil
1316 3672 1413 3723 scocie
1426 3673 1451 3722 ει
1465 3681 1576 3739 corpere
1598 3673 1623 3720 ει
1637 3667 1722 3735 spiri·

79 3763 227 3825 peecatum
244 3762 326 3810 esset.
344 3753 429 3812 Nilne
443 3765 542 3812 autem
560 3756 629 3827 quid
647 3754 753 3812 dicturi
769 3769 819 3812 su·
874 3760 903 3809 to
919 3755 1010 3828 (ibid,
1034 3754 1091 3824 st),
1117 3768 1174 3810 neu
1194 3754 1235 3811 sic
1250 3752 1450 3825 accipiendum
1464 3763 1517 3819 cst,
1534 3756 1566 3810 ul
1585 3763 1721 3825 putemus

79 3841 205 3897 drersus
227 3842 471 3899 evidentissimam
500 3857 598 3900 vocem
627 3843 753 3915 Apostoli
775 3843 817 3899 di·
872 3858 930 3899 neo
960 3856 1021 3899 esse
1043 3849 1173 3897 sanctam
1197 3854 1315 3912 corpere
1342 3841 1537 3899 Christianam
1563 3841 1718 3912 conjugem

79 3930 179 3998 bned
202 3933 372 3999 voliteciot,
396 3947 450 3987 nen
468 3937 562 4002 peccet
580 3932 816 4005 sinubotlibtd,
872 3936 989 3988 castam.
1025 3929 1167 3988 Omnibus
1203 3932 1312 4003 quippe
1343 3929 1477 3987 fldelibus
1516 3931 1625 3987 dietum
1655 3939 1718 3987 est:

79 4026 113 4075 it:
147 4020 178 4077 Si
206 4022 341 4090 acceperis
369 4036 491 4088 oaorem,
522 4039 576 4078 tien
595 4027 714 4093 peccasti
739 4026 765 4078 el
793 4024 818 4077 ci
871 4016 986 4074 Nescitis
1001 4017 1132 4089 quonium
1146 4032 1261 4087 corpere
1281 4022 1373 4074 vestre
1392 4017 1523 4084 temptem
1538 4015 1657 4073 iacebis
1676 4019 1718 4073 esi

79 4108 196 4178 ideireo,
213 4125 268 4164 oen
282 4108 400 4178 peccet?
416 4110 510 4181 (ibid,
530 4111 589 4184 ιθ.)
871 4109 992 4178 Spiritus
1020 4109 1119 4175 soracti,
1157 4122 1236 4177 qoem
1268 4107 1372 4163 bebetis
1397 4105 1513 4162 olleo?
1541 4106 1564 4177 (i
1595 4105 1656 4164 dor.
1679 4120 1718 4175 rr,

103 4207 178 4254 certe
193 4199 253 4268 jam
278 4198 412 4255 dubitare
428 4199 470 4256 las
489 4215 546 4257 nen
563 4209 605 4259 εει
624 4201 741 4273 nuptias
758 4215 816 4258 non
831 4160 856 4218 Β
873 4199 927 4268 lii.)
943 4197 1047 4254 Sancta
1061 4203 1130 4252 suut
1143 4196 1229 4253 etiam
1248 4208 1368 4268 corpora
1382 4195 1616 4269 conjugatorum,
1633 4193 1718 4252 lldem

79 4294 216 4343 secatum.
240 4287 304 4344 Non
320 4290 418 4361 itaque
437 4291 554 4359 nuptias
576 4293 736 4348 secundum
764 4304 816 4346 ve·
871 4288 926 4345 sibi
951 4295 979 4344 et
1003 4287 1125 4344 Domine
1146 4288 1337 4345 servantium.
1362 4286 1416 4344 Cui
1431 4288 1578 4345 sanctitati
1600 4286 1719 4360 cuiusli-

79 4375 195 4431 encedit
211 4376 373 4446 Apostolus.
389 4377 462 4434 Nam
485 4379 552 4450 quis
566 4380 695 4447 ambigat
710 4379 817 4437 absur-
871 4375 919 4433 bet
933 4388 1044 4442 eorum,
1072 4389 1126 4431 uec
1150 4375 1295 4433 inlldelcm
1320 4377 1473 4448 conjugem
1497 4376 1644 4445 obsistere,
1669 4375 1719 4433 sed

79 4460 155 4518 adici
180 4467 579 4538 noncespeccasse,quibns
598 4467 684 4523 venia
705 4467 817 4525 datur?
873 4466 969 4536 potius
1000 4464 1180 4522 sanctitatem
1208 4465 1308 4522 uxoris
1345 4466 1477 4537 prodesse
1502 4466 1610 4522 inlideli
1643 4464 1717 4532 vire,

79 4564 121 4608 tm
144 4552 331 4609 concubitum
355 4556 516 4612 secundum
539 4555 652 4612 veniant
676 4555 815 4621 concedit,
871 4562 923 4611 aut
950 4552 1131 4610 sanctitatem
1159 4554 1215 4611 riri
1240 4556 1374 4625 prodesse
1390 4554 1496 4610 inlideli
1520 4555 1615 4616 uxori,
1642 4552 1718 4609 idem

84 4653 135 4711 per
150 4640 399 4710 incontinentiam,
413 4658 468 4699 nire
486 4645 648 4702 selacausa
663 4658 817 4716 procrean·
871 4644 1026 4713 Apostolus
1047 4637 1129 4700 'testis
1146 4652 1198 4711 est,
1222 4644 1336 4700 dicens:
1362 4643 1555 4715 Sanctificatus
1582 4648 1622 4699 εει
1645 4645 1718 4698 enim

99 4728 258 4800 aliquande
286 4731 369 4788 nulla
396 4745 485 4788 causa
511 4734 698 4803 procreandi:
729 4748 817 4804 quem
870 4738 914 4788 cir
928 4733 1046 4803 iopdolis
1063 4738 1093 4788 iu
1107 4749 1194 4788 unere
1215 4733 1308 4804 fideii}
1332 4738 1357 4789 ει
1371 4736 1543 4804 sanctific-ule
1558 4737 1598 4787 est
1620 4733 1719 4787 mulio

79 4831 159 4874 ineu
181 4826 289 4889 cogunt
312 4819 383 4887 lieri,
409 4823 455 4877 sed
484 4823 592 4892 ignosci
615 4821 779 4893 impetrant,
793 4824 818 4880 si
871 4822 988 4894 infidelis
1011 4837 1062 4894 per
1082 4824 1172 4878 cirum
1193 4823 1298 4892 fidetem
1314 4822 1340 4894 (i
1359 4823 1420 4880 Cer.
1441 4835 1489 4884 rit,
1512 4820 1565 4893 ts).
1596 4822 1719 4879 Proinde

80 4921 139 4964 neu
154 4907 193 4964 ita
208 4909 245 4965 sit
260 4909 378 4977 nimius,
396 4919 428 4967 ut
452 4911 598 4982 impediat,
614 4927 680 4985 quas
694 4913 818 4984 seposita
872 4911 943 4968 illud
964 4911 1073 4969 dictum
1098 4920 1140 4969 est
1163 4913 1322 4969 seecundum
1350 4911 1519 4991 ampliorem
1536 4909 1717 4969 sanctitatem

81 4995 149 5054 benl
173 5008 301 5069 tempera
316 5000 429 5068 eraudi,
448 5015 500 5058 nec
514 5002 685 5059 immutetur
700 5003 727 5058 in
749 5017 816 5059 eum
871 5002 1061 5072 innuptrom
1076 5016 1166 5073 quam
1179 5004 1348 5071 nuptarum.
1364 5020 1377 5052 ε

94 5086 145 5157 qul
164 5097 207 5144 est
230 5096 330 5145 centra
353 5098 499 5147 naturam.
522 5092 560 5148 lle
579 5107 638 5164 que
660 5094 815 5163 Apostolos
905 5091 975 5146 lem
997 5089 1055 5160 lbi:
1074 5109 1085 5138 ι
1105 5089 1201 5146 Manet
1223 5087 1375 5145 vinculum
1401 5087 1581 5160 nuptiarum,
1605 5085 1718 5147 etiamsi

86 5187 147 5232 nen
175 5175 362 5245 potuit,cum
389 5177 424 5234 de
439 5180 609 5252 corruptelis
638 5181 735 5238 nimiis
766 5182 817 5239 im·
871 5178 976 5252 proles,
990 5179 1077 5249 cujus
1095 5190 1185 5235 causa
1200 5177 1313 5234 initium
1328 5184 1380 5248 εει,
1402 5175 1554 5238 manilesta
1568 5179 1718 5237 sterilitate

79 5312 80 5343 i
99 5294 207 5352 Petrei.
226 5303 293 5353 lem.
311 5297 364 5366 XL,
380 5297 434 5354 col.
451 5302 513 5355 375.
919 5302 946 5374 3)
961 5300 1045 5370 lbid.,
1061 5302 1114 5360 cei.
1130 5305 1193 5368 381,
1214 5304 1275 5360 ³82.

79 5366 144 5430 bid..
158 5365 212 5423 cel.
229 5369 290 5424 ³78.
920 5375 937 5428 i
968 5372 1053 5441 lbid.,
1069 5375 1122 5432 cel.
1139 5376 1202 5431 ὅθι.

79 5436 145 5506 tid„
159 5437 288 5511 cei.,³80.
457 5494 462 5503 ,
908 5445 936 5517 (5
963 5445 1049 5512 lbid.,
1063 5446 1118 5504 cel.
1136 5446 1198 5503 285.
