3804 5962
46 264 49 269 ὁ
111 192 167 248 are
215 142 219 147 ’
381 180 488 241 cerm
506 182 700 242 nanctum
718 182 795 241 orr.
815 181 906 241 rans
923 182 971 242 111.
984 182 1253 243 -rncococrca
1272 185 1314 240 rr
1332 183 1596 244 rurucsormca.
1811 191 1865 247 reo

21 302 24 308 ’
114 317 224 386 peetus.
259 305 343 367 Unde
367 315 396 365 et
425 320 547 382 aporro
573 321 679 366 nomen
703 307 821 379 accepit,
846 308 925 379 quod
945 308 1082 367 aerius
1122 309 1332 381 mesopotamica
1360 323 1481 382 pergens
1509 318 1610 368 contra
1633 310 1771 382 Assyrios
1800 322 1864 384 post

114 399 220 460 Grecis
246 403 347 474 πρᾶσον
378 396 477 455 icitur.
513 397 587 454 Cum
613 396 730 455 laudem
758 399 962 472 cujuscunque
1016 397 1122 456 multos
1150 398 1293 456 circuitus
1313 399 1436 454 inmare
1455 398 1598 456 Mortuum
1616 399 1722 456 induit.
1739 400 1865 459 vocatur

112 489 198 548 durii
212 489 248 545 de
267 488 401 560 paradiso
413 486 589 558 egredientis
604 487 803 558 prosequitur,
821 487 851 543 in
883 499 960 543 com·
1015 495 1112 545 autem
1140 488 1193 544 hoc
1222 489 1339 544 nomine
1361 497 1477 558 propter
1502 488 1681 544 velocitatem
1704 488 1797 546 instar
1811 491 1864 547 be·

30 613 36 626 ·
114 576 326 635 mendationem
353 576 442 646 hujus
468 576 523 633 loci
557 576 722 632 redundare
750 576 877 642 videtur,
900 582 961 630 tan·
1014 578 1077 634 stiae
1099 575 1182 649 tigris
1198 578 1289 633 nimia
1318 577 1488 647 pernicitate
1512 579 1664 634 currentis.
1699 579 1864 650 Euphrates

112 679 203 739 quam
218 679 255 722 ex
269 666 329 721 loco
348 665 507 721 nativitatis
520 679 580 721 suae
595 665 700 731 trahat,
722 663 799 736 quod
812 664 857 721 his
877 664 962 721 bonis
1015 665 1127 722 durius
1142 665 1348 736 Mesopotamiae
1367 666 1583 736 copiosissimus
1598 667 1720 737 gemmis
1735 682 1785 738 per
1802 681 1861 724 me-

112 754 250 812 abundet.
263 753 302 810 Et
324 761 393 810 uota
412 753 491 825 quod
519 755 556 810 ad
569 754 709 825 majorem
728 755 835 811 horum
856 752 961 810 durio·
1016 755 1091 812 diam
1115 754 1300 826 Babyloniam
1330 754 1438 811 induit.
1459 755 1513 811 llic
1541 768 1558 811 a
1585 755 1719 827 frugibus
1750 757 1797 813 vel
1826 756 1863 813 ah

88 857 179 905 ,rum
198 843 330 900 notitiam
345 857 404 900 non
417 844 512 899 solum
527 858 564 900 er
578 844 747 901 nominibus
766 843 828 900 suis
841 856 889 900 eos
907 843 962 898 dis·
1016 844 1147 901 ubertate
1163 857 1267 900 nomen
1298 843 1406 914 accepit
1430 860 1437 911 ;
1458 857 1527 899 nam
1549 844 1687 902 Hebraico
1712 845 1864 916 Euphrata

111 932 232 1005 tinguit,
260 946 364 989 verum
398 932 487 989 etiam
515 946 551 989 ex
572 933 640 990 locis
667 940 812 989 terrarum
833 931 870 987 ad
893 945 959 1002 quae
1014 935 1146 1002 fertilitas
1186 933 1400 1002 interpretatur.
1439 933 1672 1002 Mesopotamiam
1699 935 1805 990 etenim
1823 933 1864 990 ita

111 1019 295 1090 perveniunt,
327 1014 423 1076 ut'ex
447 1019 574 1076 utilitate
597 1019 728 1089 ipsorum
755 1019 794 1076 ibi
815 1019 961 1089 praecipue
1016 1021 1046 1077 in
1074 1021 1251 1092 quibusdam
1278 1023 1346 1078 locis
1371 1020 1482 1092 irrigat,
1508 1021 1584 1077 sicut
1615 1022 1698 1078 Nilus
1734 1023 1857 1078 Alexan·

21 1118 24 1129 ·
111 1108 227 1180 eognia
254 1107 382 1179 amplius
406 1108 655 1165 commendentur.
685 1108 757 1165 Cum
777 1107 849 1163 dicit
863 1107 897 1164 de
917 1107 961 1164 bis
1015 1109 1119 1166 driam.
1145 1110 1299 1167 Sallustius
1325 1118 1421 1167 autem
1439 1119 1541 1166 auctor
1560 1111 1740 1168 certissimus
1761 1111 1865 1167 asserit

112 1195 284 1254 dominibus
307 1211 412 1265 unum,
439 1197 484 1253 rel
505 1197 676 1264 secundum,
693 1194 738 1252 rel
759 1195 876 1252 tertium
891 1210 956 1252 seu·
1015 1199 1134 1271 Tygrim
1151 1208 1178 1257 el
1198 1200 1372 1270 Euphratem
1396 1213 1454 1254 uno
1470 1200 1547 1256 tonte
1573 1213 1692 1256 manare
1714 1203 1743 1255 in
1762 1203 1863 1257 Arme·

111 1293 335 1358 quarumnam
350 1287 402 1343 hoc
422 1285 509 1356 Juxta
532 1285 662 1342 ordinem
677 1283 825 1354 positionis
847 1298 960 1353 eorum,
1015 1288 1076 1355 nia,
1090 1289 1144 1361 qui
1163 1302 1213 1359 per
1227 1289 1342 1345 diversa
1360 1296 1461 1344 euntes
1477 1288 1592 1359 longius
1608 1289 1779 1344 dividantur
1794 1303 1860 1359 spa·

111 1376 161 1433 sed
193 1376 289 1447 magis
321 1376 496 1432 narrationis
522 1375 727 1445 accipiendum
752 1374 878 1441 videtur,
904 1374 962 1430 nisi
1016 1378 1054 1433 tio
1081 1378 1172 1434 medio
1201 1377 1297 1434 relicto
1330 1376 1488 1433 multorum
1515 1377 1649 1433 millium.
1677 1376 1747 1441 Quae
1766 1385 1864 1435 tamen

111 1464 185 1523 lorte
211 1464 371 1536 quisdicat
395 1465 425 1521 in
447 1463 963 1535 predictaqnoquedivisioncipso·
1016 1474 1093 1522 terra
1124 1480 1190 1538 puae
1209 1467 1245 1522 ab
1268 1467 1339 1540 ipsis
1358 1467 1486 1522 ambitur
1518 1466 1721 1536 Mesopotamia
1743 1465 1863 1529 dicitur,

27 1556 35 1571 ⁴
112 1568 179 1612 rum
200 1554 279 1611 hunc
297 1555 426 1612 ordinem
451 1553 562 1623 haberi,
576 1559 609 1610 ut
622 1553 698 1609 alius
713 1553 769 1610 alio
788 1553 870 1624 prius
884 1552 961 1609 divi·
1017 1556 1061 1612 Ex
1076 1570 1134 1626 quo
1162 1557 1354 1626 Hieronymus
1369 1555 1622 1611 animadvertitali
1636 1569 1667 1612 er
1686 1555 1720 1611 de
1736 1555 1864 1625 paradisi

111 1644 199 1703 datur
221 1643 251 1701 iu
273 1643 389 1702 alveum
411 1657 515 1716 suum·
529 1644 565 1700 ab
586 1644 648 1715 ipsa
661 1642 776 1715 origine
797 1641 961 1700 nativitatis
977 1612 998 1698 ,Β
1017 1644 1561 1716 huminibusiutelligendnm.Bedahe
1574 1644 1863 1715 naturarerumlaat:

114 1747 187 1792 sue.
1016 1756 1031 1786 n
1047 1735 1105 1791 Nili
1122 1734 1242 1791 humine
1259 1748 1310 1804 pro
1337 1734 1444 1804 pluviis
1458 1734 1553 1791 utitur
1571 1734 1721 1804 lEgyptus,
1748 1740 1866 1804 propter

147 1825 208 1896 lpse
231 1828 271 1880 est
298 1824 464 1893 Euphrates.
490 1823 577 1880 Hunc
592 1836 649 1879 non
666 1822 706 1879 ita
720 1820 859 1879 describit
878 1835 915 1878 ex
926 1821 962 1877 lo
1016 1824 1083 1880 solis
1103 1825 1228 1881 calorem
1247 1824 1355 1879 imbres
1380 1831 1408 1879 et
1433 1823 1536 1879 nubila
1563 1836 1702 1894 respuens
1727 1839 1736 1894 ;
1764 1835 1863 1879 mense

113 1912 154 1970 eis
181 1927 231 1985 per
250 1927 317 1986 quae
338 1912 476 1969 discurrit
490 1913 567 1969 sicut
589 1918 704 1968 caeteros
725 1924 802 1978 cum,
818 1919 850 1966 ut
867 1911 959 1978 alunt,
1016 1914 1093 1970 enim
1115 1912 1187 1968 hlaio
1213 1913 1283 1969 dum
1308 1914 1381 1968 ostia
1406 1913 1470 1983 ejus
1494 1913 1604 1983 quibus
1619 1913 1649 1967 in
1662 1925 1741 1968 mare
1754 1911 1861 1978 induit,

112 2002 238 2060 vicinior
255 2011 344 2075 atque
370 2002 466 2059 notior
489 2001 597 2074 populo
614 2001 778 2058 iudeorum
795 2007 878 2056 esset.
896 1999 963 2055 ilaec
1015 2003 1140 2074 zephyro
1154 2000 1253 2073 flante,
1274 2003 1360 2058 undis
1379 2002 1477 2073 ejectis
1496 2015 1651 2058 arenarum
1664 2000 1791 2057 cumulis
1803 2014 1864 2071 per-

112 2090 239 2150 dumina
262 2092 399 2165 gentibus
421 2107 475 2166 per
500 2106 575 2164 qaas
597 2090 695 2147 fluunt
709 2090 861 2147 notissima
879 2095 971 2144 sunt..
1016 2097 1181 2157 struuntur,
1205 2091 1344 2160 paulatim
1379 2091 1573 2146 intumescens
1600 2103 1634 2144 ac
1648 2097 1724 2146 retro
1746 2088 1862 2159 propul-

112 2179 232 2238 llnobus
273 2196 373 2239 eorum
401 2189 531 2239 vetustas
558 2181 677 2238 nomina
705 2180 839 2236 mutavit.
885 2177 963 2235 Goon
1015 2192 1065 2235 sus
1086 2179 1172 2251 plana
1194 2180 1296 2251 irrigat
1333 2178 1448 2251 AEgypli
1466 2194 1474 2250 3
1492 2186 1578 2234 rento
1604 2186 1700 2234 autem
1734 2184 1864 2234 cessante

113 2269 883 2341 qnippeipseestquinuncrtilusvocatonehtson
908 2280 958 2323 au·
1016 2269 1170 2340 ruptisque
1203 2283 1359 2326 arenarum
1405 2268 1542 2335 cumulis,
1570 2280 1625 2323 suo
1650 2265 1784 2323 redditur
1822 2265 1860 2321 al-

112 2360 172 2414 tem
197 2356 244 2415 ille
267 2358 420 2415 dicebatur
444 2371 530 2429 quem
560 2373 640 2414 nuuc
662 2356 781 2428 Gangen
805 2355 961 2426 appellant.
1016 2372 1109 2415 reo.»

114 2446 177 2502 Duo
192 2460 260 2504 vero
283 2448 386 2519 Tygris
401 2453 429 2504 et
442 2447 605 2517 Euphrates
625 2444 750 2517 antiqua
764 2445 884 2501 nomina
903 2458 959 2501 ser·
1054 2449 1126 2502 Tulit
1148 2462 1221 2516 erpo.
1233 2447 1307 2515 Quia
1323 2447 1455 2503 videlicet
1471 2453 1529 2502 tam
1545 2444 1721 2502 delectabilis
1735 2450 1763 2501 et
1777 2457 1864 2502 amoe-

112 2544 269 2593 rarerunt.
285 2537 334 2592 sed
359 2550 474 2593 morere
503 2540 593 2606 potest
612 2535 689 2605 quod
704 2535 740 2591 de
759 2534 805 2590 his
836 2533 963 2590 flumini·
1016 2551 1073 2592 nus
1086 2544 1148 2594 crat
1167 2537 1214 2594 ille
1237 2536 1318 2594 locus
1332 2536 1469 2608 paradisi.
1481 2536 1636 2593 Commode
1652 2535 1699 2591 vir
1713 2543 1797 2591 extra
1812 2548 1861 2604 pa·

113 2618 171 2680 hus
186 2623 304 2689 dicitur,
322 2622 443 2681 altorum
460 2623 551 2680 lentes
565 2637 626 2680 esse
640 2632 733 2689 notos,
748 2623 872 2679 aliorum
886 2636 963 2692 pror·
1017 2627 1147 2684 radisum
1173 2627 1266 2683 laetus
1289 2635 1331 2683 est
1354 2634 1383 2682 et
1404 2625 1471 2682 inde
1498 2624 1664 2695 paradisum
1691 2624 1858 2691 translatus,

113 2712 296 2785 eusignotos,
312 2720 341 2769 et
353 2713 483 2771 ideonon
499 2727 577 2784 posse
592 2713 684 2783 accipi
695 2713 730 2769 ad
747 2712 871 2768 litteram
883 2710 962 2783 quod
1017 2725 1050 2772 ut
1075 2723 1156 2772 tanto
1183 2714 1308 2786 amplius
1334 2716 1527 2771 amoenitatem
1546 2713 1671 2785 paradisi
1680 2714 1862 2783 concupisce·

112 2799 962 2872 exunolootediridantur[sortederivanturpcumpotius
1016 2812 1059 2861 ret
1074 2819 1108 2862 ac
1123 2805 1245 2862 retinere
1258 2805 1407 2872 niteretur,
1427 2811 1538 2874 quanto
1566 2817 1630 2858 eam
1659 2810 1743 2858 terrae
1762 2802 1802 2857 iltr
1816 2815 1861 2857 ex·

113 2892 336 2949 credendumsit
348 2890 577 2964 quoniamlocus
591 2889 771 2960 illeparadisi
783 2895 961 2945 remotusest
977 2904 1000 2963 g
1017 2895 1114 2953 teriori
1143 2909 1204 2965 qua
1225 2894 1358 2949 conditus
1385 2891 1479 2950 luerat
1512 2892 1672 2963 precellere
1697 2891 1859 2949 ridebatur.

113 2993 131 3037 a
144 2981 307 3053 cognitione
319 2982 481 3048 homiuum,
493 2980 584 3051 quiin
599 2986 881 3049 quatucraquarum
896 2991 960 3048 par·
1053 2986 1087 3040 tlt
1110 2988 1279 3053 operaretur.
1296 2982 1328 3038 ld
1343 2991 1385 3039 est
1397 2983 1432 3037 ad
1448 2983 1638 3038 excolendum
1662 2981 1759 3051 ipsum
1775 2993 1858 3050 para·

116 3076 157 3128 tes
182 3071 335 3139 dividitur,
360 3071 446 3138 sicut,
467 3067 635 3125 fidelissima
654 3066 805 3137 Scriptura
828 3074 959 3122 testatur.
1015 3074 1112 3130 disum
1141 3080 1169 3130 et
1191 3086 1241 3143 per
1259 3072 1449 3129 obedientiam
1464 3080 1608 3129 servatam
1623 3070 1677 3127 sthi
1698 3069 1858 3147 custodies.

112 3157 167 3217 Sed
182 3172 216 3214 ea
230 3157 354 3216 flumina
372 3171 498 3229 quorum
515 3155 608 3212 fontes
627 3155 688 3212 noti
704 3153 956 3211 dicunturalicnbl

112 3259 174 3304 esse
186 3247 242 3304 sub
252 3248 338 3305 terris
353 3251 380 3303 et
400 3255 462 3318 post
480 3252 589 3301 tractus
603 3243 784 3314 prolixarum
808 3243 960 3314 regionum

115 3333 186 3392 locis
208 3335 273 3393 aliis
293 3335 434 3406 erupisse,
448 3334 502 3391 uhi
525 3342 666 3403 tanquam
688 3333 718 3388 in
741 3331 804 3388 suis
831 3332 958 3389 lontibus

1015 3162 1095 3229 dum,
1128 3175 1165 3216 ne
1187 3160 1321 3216 videlicet
1353 3172 1404 3229 per
1433 3159 1689 3230 transgressionem
1716 3155 1858 3228 expulsus

1015 3264 1083 3305 eum
1109 3249 1262 3305 amitteret.
1285 3249 1323 3305 ile
1342 3262 1401 3319 quo
1417 3256 1513 3305 autem
1528 3256 1668 3319 praecepto
1682 3246 1800 3303 deberet
1820 3245 1859 3302 ibi

1014 3338 1129 3394 obedire
1143 3338 1241 3393 statim
1258 3338 1397 3405 insinuat,
1413 3351 1481 3393 cum
1497 3337 1537 3392 ait
1554 3353 1560 3391 :

113 3423 174 3479 noti
193 3437 254 3481 esse
282 3422 481 3495 perhibentur.
508 3421 581 3478 Nam
608 3421 660 3476 hoc
675 3420 767 3476 lacere
787 3419 876 3478 solere
890 3435 961 3476 ncn-

1049 3443 1234 3514 Praecepitpuc
1268 3447 1301 3499 ei.
1331 3443 1396 3500 Non
1422 3442 1492 3498 dicit
1519 3446 1558 3498 eis
1586 3442 1746 3512 pluraliter,
1764 3441 1860 3498 sedei

113 3514 210 3571 nullas
232 3528 324 3585 aquas
339 3515 405 3586 quis
425 3511 558 3586 ignorati
578 3511 622 3568 Sic
642 3519 670 3568 et
695 3511 768 3567 illud
794 3511 885 3568 Boetii
909 3511 978 3578 ab-‚

1014 3534 1211 3605 singulariter,
1237 3533 1391 3604 respiciens
1417 3532 1452 3587 ad
1464 3531 1556 3589 solum
1574 3532 1669 3589 virum
1684 3545 1771 3602 quern
1788 3529 1861 3587 dixit

1014 3624 1044 3679 in
1061 3624 1196 3695 paradiso
1211 3622 1392 3684 translatum,
1414 3634 1483 3676 cum
1498 3628 1593 3676 tamen
1613 3620 1719 3676 mulier
1737 3626 1860 3688 postmo-

1014 3713 1084 3769 dum
1111 3713 1242 3768 'latentur
1262 3709 1315 3766 sibi
1332 3711 1438 3780 pariter
1453 3716 1486 3763 ut
1501 3709 1563 3764 viro
1583 3708 1675 3764 Deum
1689 3709 1741 3764 hoc
1755 3721 1857 3777 praeee-

1013 3800 1087 3870 pisse
1115 3800 1228 3855 diceus:
1245 3801 1284 3854 De
1297 3799 1392 3863 fructu
1419 3798 1488 3865 ligni
1512 3796 1585 3864 quod
1610 3800 1649 3850 est
1662 3799 1691 3850 iu
1706 3794 1795 3849 medic
1808 3811 1859 3865 pa·

1012 3889 1102 3943 rudici
1126 3890 1259 3959 pracepit
1296 3887 1373 3941 uobis
1407 3888 1476 3940 Deus
1504 3901 1538 3940 ne
1552 3885 1757 3940 comederemus.
1779 3883 1860 3940 Unde

1014 3976 1233 4047 intelligendum
1269 3983 1327 4044 est,
1362 3974 1439 4044 quod
1466 3987 1534 4029 cum
1563 3973 1617 4030 hoc
1638 3973 1699 4029 loco
1719 3971 1860 4027 Dominus

1013 4065 1127 4137 lignum
1144 4065 1213 4121 illud
1243 4065 1306 4121 viro
1331 4063 1485 4130 interdicit,
1502 4060 1538 4117 ad
1555 4062 1679 4132 speciem
1690 4060 1817 4117 hominis
1830 4061 1860 4116 in

149 4156 410 4228 isidorusEtymol.
423 4155 473 4212 lib.
490 4170 540 4210 xm
554 4154 611 4226 (Ἢ)
627 4168 633 4209 ;
648 4153 868 4210 ‹Geonvocatur
880 4151 959 4223 quod
1013 4153 1062 4209 illo
1089 4153 1282 4210 communiter
1312 4151 1452 4222 loquitur,
1481 4164 1540 4206 non
1560 4149 1722 4220 specialiter
1744 4149 1779 4203 ad
1796 4162 1859 4218 per·

111 4250 289 4306 incremento
317 4258 378 4301 suae
400 4245 608 4300 exundationis
629 4250 735 4299 terram
755 4242 871 4314 AEgypti
891 4241 957 4297 irri·
971 4244 998 4308 ὓ
1013 4256 1113 4299 sonam
1130 4241 1208 4299 illam
1235 4255 1395 4298 sermonem
1423 4238 1584 4305 intendens,
1610 4238 1659 4295 sed
1685 4237 1860 4309 generaliter

110 4347 195 4412 get.»
212 4337 364 4403 riGraece,
386 4333 485 4390 Latine
510 4338 611 4388 terram
629 4331 783 4404 significat.
806 4331 858 4387 Hic
881 4330 956 4400 apud
1011 4326 1051 4388 'ad
1071 4338 1208 4387 naturam
1237 4330 1408 4395 humanam,
1435 4327 1522 4383 idest
1548 4327 1664 4398 penitus
1685 4326 1860 4382 interdicens

112 4429 262 4502 Egypios
295 4425 378 4483 Nilus
392 4429 513 4480 vocatur
531 4429 647 4492 propter
673 4421 777 4477 limum
792 4433 879 4490 quem
901 4426 959 4474 tra·
1013 4434 1049 4476 nc
1064 4420 1131 4491 quis
1146 4419 1405 4475 humanaenaturae
1429 4417 1456 4472 id
1483 4423 1647 4486 praesumat.
1664 4415 1861 4484 Sicetsacer·

117 4518 170 4587 hit,
194 4517 246 4590 qni
274 4514 362 4572 elliclt
390 4511 597 4570 fecunditatem
617 4518 699 4567 terrae
715 4509 855 4565 :undeet
874 4507 959 4563 Nilus
1012 4511 1064 4566 dos
1080 4522 1146 4565 cum
1159 4507 1348 4578 aliquaaqua
1363 4513 1531 4578 praesentem
1546 4503 1728 4561 sanctificans
1747 4502 1859 4570 dicens,

42 4637 49 4648 ·
113 4607 209 4665 dietus
223 4613 265 4662 est
281 4603 366 4675 quasi
383 4600 617 4670 Niahomon[lc9.
633 4601 690 4649 νέαν
704 4595 797 4668 door}
815 4598 886 4652 liam
905 4610 957 4653 an·
1012 4600 1060 4664 pul
1085 4612 1168 4668 super
1195 4602 1221 4651 te
1240 4595 1360 4667 pedihus
1388 4595 1549 4658 ambulavit,
1567 4594 1766 4660 pallanteum
1794 4607 1858 4646 corr-

108 4705 155 4754 tea
188 4695 271 4754 Nilus
299 4691 398 4748 Latine
427 4689 499 4747 hlelc
527 4689 687 4744 dicebatur.
719 4685 839 4758 Ganges,
868 4699 957 4756 quem
1008 4689 1102 4751 uertit,
1117 4687 1152 4742 ad
1167 4686 1340 4743 elementum
1356 4697 1440 4755 aquae
1453 4698 1511 4740 non
1527 4683 1564 4739 ad
1586 4688 1753 4754 praesentem
1779 4680 1860 4737 illam

116 3601 189 3660 solvi
215 3604 358 3675 judicant,
390 3603 467 3675 quod
492 3600 566 3658 libro
585 3601 689 3673 quinto
712 3603 751 3657 lle
765 3600 960 3659 consolatione

112 3691 159 3749 his
178 3693 274 3750 verbis
287 3692 322 3749 de
334 3692 459 3764 Tygriet
477 3691 628 3760 Euphrate
644 3689 718 3746 dixit
734 3705 741 3745 :

154 3801 241 3870 Rupis
265 3800 427 3855 Achimeniae
447 3797 564 3867 seopulis
592 3797 638 3850 ubl
660 3811 725 3850 oua
749 3801 907 3866 sequentum

188 3872 344 3931 Pectoribus
357 3874 417 3941 ficit
432 3871 538 3940 spicula
549 3883 648 3938 pugno
661 3873 761 3935 lupae.

150 3950 248 4018 Typrt's
262 3949 288 4000 el
303 3943 465 4012 Euphrates
481 3956 534 3995 uuo
549 3956 577 3995 se
590 3939 823 4007 scateresoluurtl.

254 4035 349 4106 (Beer.
383 4033 422 4086 De
446 4028 551 4086 consol.
577 4026 597 4084 l.
630 4042 661 4095 v,
683 4034 750 4085 met.
777 4031 833 4096 l,r,
862 4025 922 4097 t-s).

107 4785 258 4856 Scriptura
286 4780 392 4837 Phison
419 4778 613 4849 cognominat,
634 4775 727 4847 pergil
751 4777 788 4830 ad
803 4774 892 4830 ludiae
911 4789 954 4831 re·
1010 4790 1118 4847 aquam
1146 4789 1243 4832 sermo
1271 4773 1416 4844 dirigitur.
1442 4772 1495 4828 Sed
1520 4771 1666 4843 quomodo
1695 4777 1858 4825 verumest

109 4875 219 4947 giones.
242 4873 343 4930 llictus
371 4876 413 4927 est
437 4874 534 4923 autem
557 4865 676 4933 Phison,
706 4865 799 4922 idest
828 4872 953 4933 caterva,
1010 4865 1088 4936 quod
1116 4865 1192 4922 Deus
1213 4864 1358 4921 homiuem
1386 4863 1512 4933 posuerit
1536 4861 1566 4917 in
1594 4859 1727 4930 paradiso
1742 4858 1780 4914 ad
1802 4859 1859 4914 hoc

110 4964 182 5035 quia
201 4964 297 5020 decem
323 4957 496 5017 huminibus
513 4956 626 5027 magnis
645 4954 699 5011 sibi
732 4954 877 5025 adJ'unctis
903 4953 955 5010 im·
1009 4961 1042 5010 ut
1056 4967 1122 5010 eum
1141 4954 1283 5010 excoleret
1292 4965 1326 5008 ac
1344 4951 1400 5007 sibi
1415 4949 1583 5016 custodiret,
1597 4961 1663 5004 cum
1685 4947 1741 5003 hoc
1755 4946 1858 5003 nulla-

105 5052 203 5123 pletur
227 5059 255 5109 et
277 5051 404 5109 eldcitur
422 5060 509 5104 unus.
531 5044 643 5116 Ganges
671 5051 768 5101 autem
786 5049 954 5111 vocatone
1008 5050 1094 5100 tenus
1117 5043 1155 5100 sil
1179 5048 1364 5099 commentum
1386 5048 1419 5097 ut
1440 5039 1525 5095 homo
1539 5037 1593 5094 sibi
1608 5050 1677 5093 eum
1688 5036 1855 5092 custodiret.

104 5153 173 5213 rege
198 5140 332 5210 Gangara
357 5137 456 5195 lndiae.
473 5136 575 5193 Fertur
593 5141 692 5191 autem
708 5132 763 5190 Nili
779 5131 953 5189 modoexal·
1007 5133 1126 5190 Duobus
1148 5132 1257 5203 quippe
1274 5129 1366 5187 modis
1380 5128 1504 5185 dicimus
1516 5124 1628 5197 aliquid
1643 5124 1705 5181 deri
1725 5133 1758 5183 ul
1774 5122 1856 5182 aliud

107 5231 163 5286 tari
188 5238 217 5287 et
235 5242 321 5301 super
335 5226 461 5287 Orientis
475 5235 567 5285 terras
585 5237 747 5296 erumpere.
768 5222 873 5294 tygris
893 5219 953 5280 llu-
1006 5221 1073 5280 iude
1090 5222 1238 5293 contingat
1263 5218 1309 5278 rel
1330 5217 1392 5287 dat,
1409 5224 1470 5276 tum
1484 5214 1620 5274 videlicet
1631 5215 1795 5275 meandum
1808 5215 1878 5271 in-.-

141 5475 199 5550 (hl)
214 5475 332 5537 Panos·
343 5485 412 5537 tom
429 5474 686 5546 umhratili-
1040 5469 1097 5544 (28)
1113 5469 1217 5530 Patrai.
1233 5475 1302 5527 tom
1317 5466 1377 5538 XC,
1391 5466 1446 5528 eci
1460 5468 1523 5525 2⁶2.
