3804 5962
1612 32 1830 43 ἡ

530 227 730 289 reuocatam
748 229 971 294 caniseiane.
984 260 1022 278 -
1043 230 1109 288 ιιε.
1130 230 1176 287 ιι.
1367 204 1372 212 ’
1655 228 1724 285 rara

80 357 172 415 ilioni
186 357 312 428 potentia
332 357 396 428 ejus
414 371 448 413 ac
461 357 602 428 sapientia
625 373 676 415 seu
692 357 824 430 benigni·
838 359 863 412 Α
878 359 1011 416 ειιίοιιειιι
1028 360 1178 430 premissa
1206 357 1308 431 regula
1327 363 1487 434 competere
1514 355 1641 423 videtur,
1657 370 1724 413 cum
1777 388 1780 393 ·

80 451 89 501 t
114 460 205 517 snpra
228 447 335 515 sapius
367 446 530 515 docuimus,
549 455 822 512 commemorantur,
877 460 895 502 a
910 461 995 502 sensu
1011 449 1167 504 verborum
1182 447 1266 518 longe
1276 447 1312 502 sit
1329 461 1337 500 ι
1354 445 1535 517 qualessnnt
1550 444 1722 516 huiusmodi

82 542 111 591 ta
123 535 244 591 relative
265 534 358 606 magis
382 548 471 605 quam
487 533 654 603 simpliciter
669 532 822 604 assignari,
878 535 1099 606 complexiones,
1121 536 1167 592 bic
1187 536 1273 592 bomo
1296 542 1338 593 est
1365 535 1420 591 boc
1447 547 1564 603 corpus,
1594 534 1643 589 sed
1672 533 1725 589 boc

79 623 200 680 videlicet
225 625 302 680 Deus
325 624 419 688 Pater,
446 623 544 686 Filius,
560 629 588 678 et
616 621 739 690 Spiritus
753 635 824 676 san·
878 637 983 693 corpus
1009 638 1123 693 semper
1149 632 1201 691 est,
1230 638 1299 695 ergo
1337 623 1383 679 bic
1411 623 1498 678 bomo
1532 629 1574 677 est
1601 635 1723 691 semper.

79 720 101 768 ιι
120 712 212 783 major
236 712 353 768 unionis
372 720 400 769 ct
421 711 580 790 concordiae
595 711 625 766 in
650 709 713 779 ipsa
727 723 822 779 perso·
877 711 959 778 Item,
975 710 1022 768 liic
1040 712 1125 767 bomo
1148 719 1191 768 εει
1213 712 1268 768 boc
1291 724 1406 781 corpus,
1432 715 1460 766 ει
1488 710 1544 765 boc
1563 722 1668 780 corpus
1682 716 1725 765 est

79 800 238 857 tl'rinitate
260 800 471 856 commendatio
496 799 555 867 fiat,
572 813 638 855 cum
653 812 702 854 eas
717 799 758 854 sic
778 798 823 853 in·
878 800 999 855 materia
1013 799 1102 869 nujus
1123 800 1258 867 bominis,
1282 798 1328 856 vel
1351 799 1460 856 iactum
1486 800 1529 853 est
1551 797 1599 852 bic
1627 796 1722 863 bomo,

86 903 116 946 se
141 889 278 946 babentes
299 898 327 947 ει
350 888 404 944 sibi
426 889 597 945 eternaliter
612 900 757 944 connexae
778 899 821 942 as·
877 888 922 943 vel
935 889 1015 956 prius
1031 898 1074 945 est
1093 887 1211 944 bomine
1225 889 1279 944 boc
1298 903 1305 942 :
1323 900 1391 957 ergo
1416 887 1462 942 bic
1474 887 1561 941 botrio
1578 891 1621 942 εει
1634 891 1722 940 mate-

79 991 139 1045 nus‚
155 985 188 1034 ut
214 978 301 1033 aliam
318 991 470 1047 personam
493 990 530 1032 err
552 977 609 1031 alia
623 976 714 1046 gigni,
735 974 824 1030 aliam
878 978 921 1032 ria
932 978 1020 1047 buius
1040 977 1173 1043 boeticis,
1186 976 1230 1033 vel
1246 976 1338 1033 lactus
1356 982 1398 1031 est
1413 975 1460 1030 bic
1474 975 1569 1039 bomo,
1585 973 1629 1029 vel
1646 972 1725 1042 prior

87 1065 203 1122 duabus
218 1067 370 1135 procedere
388 1063 588 1132 conliteamur,
608 1064 662 1120 boc
679 1071 722 1120 est
736 1063 823 1119 aliam
876 1070 918 1119 est
938 1064 991 1120 boc
1006 1064 1131 1120 bomine.
1149 1064 1218 1119 item
1230 1064 1278 1120 bic
1290 1063 1466 1119 citharoedus
1483 1068 1511 1118 et
1527 1061 1573 1116 ltic
1586 1059 1724 1116 citltaroe-

79 1168 97 1223 t,
113 1154 157 1211 vel
169 1170 205 1211 ex
221 1154 277 1210 illis
291 1168 361 1210 esse.
877 1150 932 1206 dns
955 1150 1047 1208 bonus
1066 1159 1108 1208 εει
1139 1150 1184 1208 vel
1212 1150 1385 1208 landandus.
1414 1151 1488 1220 Ergo
1506 1148 1553 1204 bic
1577 1147 1668 1203 milas.
1686 1147 1725 1203 lle

79 1249 140 1297 aret
156 1249 253 1297 autent
276 1254 313 1296 ex
332 1241 377 1296 liis
401 1255 466 1310 qum
489 1241 566 1297 dicta
585 1248 653 1297 sunt
670 1241 706 1296 de
720 1240 825 1296 discre-
877 1238 1017 1309 qtralibus
1044 1239 1162 1310 quidem
1189 1237 1490 1311 argumentationibus
1521 1236 1550 1292 in
1570 1235 1725 1291 Dialectica

79 1329 180 1385 scilicet
205 1330 440 1385 enuntiationum
460 1328 531 1385 illud
554 1329 654 1397 relelii,
670 1329 748 1399 quod
773 1343 825 1384 su·
878 1332 977 1384 nostra
991 1328 1079 1385 latius
1092 1330 1235 1398 prosecuti
1250 1341 1361 1384 suctus.

79 1418 267 1488 pponebatur,
292 1432 358 1473 cum
380 1417 512 1473 videlicet
537 1417 721 1488 objiceretur,
745 1417 823 1486 quod
913 1414 992 1481 Quod
1020 1425 1116 1474 autem
1147 1416 1226 1474 solus
1253 1417 1344 1474 Filius
1372 1430 1430 1473 non
1462 1415 1552 1471 etiam
1570 1415 1656 1469 Pater
1678 1410 1724 1468 vel

79 1507 237 1562 ostenditur
262 1520 311 1575 per
340 1507 394 1562 hnc
418 1506 495 1576 qnod
522 1506 606 1562 Pater
625 1513 668 1562 εει
694 1505 769 1560 Deus
796 1509 825 1558 et
878 1502 1001 1574 Spiritus
1015 1515 1133 1563 sanctus
1154 1507 1323 1563 incarnatus
1347 1496 1462 1567 dicitur,
1479 1517 1546 1560 cum
1566 1509 1661 1558 tamen
1676 1512 1724 1556 ea·

80 1602 123 1651 est
151 1602 287 1660 eternus,
319 1594 402 1650 Pater
424 1608 484 1650 esse
503 1601 643 1663 aeternus3
670 1594 710 1649 ita
737 1591 823 1649 etiam
879 1593 944 1649 dem
955 1596 1078 1651 essentia
1092 1609 1159 1666 quae
1174 1598 1256 1651 Pater
1269 1603 1312 1652 est
1333 1595 1393 1650 sive
1418 1593 1508 1648 Filios
1529 1590 1573 1647 vel
1597 1589 1725 1660 Spiritus

81 1683 199 1754 ipossit,
215 1697 265 1752 per
279 1683 333 1739 hoc
352 1683 429 1754 quod
445 1684 529 1739 Pater
548 1692 590 1738 est
605 1684 679 1739 Deus
693 1689 721 1738 ει
747 1683 822 1736 lleus
838 1700 860 1756 Β
877 1690 995 1740 sanctus
1007 1684 1044 1740 sit
1065 1684 1223 1748 incarnata,
1246 1698 1302 1739 non
1327 1683 1388 1739 sine
1412 1694 1518 1752 magna
1535 1679 1646 1736 ratione
1666 1685 1724 1733 tra-

83 1771 137 1837 ius‚
158 1772 242 1826 Pater
258 1785 320 1827 esse
344 1771 442 1827 Filius.
467 1771 509 1827 lbi
531 1772 638 1842 quippe
655 1783 690 1826 ea
714 1783 822 1840 propo·
875 1770 969 1828 ditum
983 1781 1034 1827 est.
1051 1772 1110 1828 lloe
1133 1773 1209 1829 enim
1226 1772 1270 1828 leis
1285 1772 1380 1828 verbis
1399 1769 1571 1836 ostenditur,
1592 1780 1660 1822 cum
1682 1765 1725 1821 di·

81 1873 125 1916 uae
148 1854 337 1930 consequitur
360 1873 397 1915 ex
423 1860 539 1916 duabus
569 1860 731 1929 praemissis,
757 1871 823 1928 qtree
876 1859 952 1915 citur
967 1860 1055 1916 Filius
1070 1861 1119 1916 Dei
1147 1869 1190 1917 est
1219 1861 1398 1925 incarnatus,
1426 1860 1524 1915 lumen
1551 1855 1658 1911 divinae
1673 1851 1723 1910 Sa·

79 1956 112 2003 ει
127 1948 166 2003 ait
184 1950 266 2003 Pater
280 1956 322 2004 est
336 1957 469 2012 aeternus,
483 1949 520 2004 ad
533 1948 623 2004 solam
646 1947 823 2003 identitatem
877 1949 992 2019 pientiae
1016 1962 1066 2018 per
1098 1951 1174 2005 banc
1198 1949 1428 2005 incarnationem
1447 1944 1616 2003 carnalibus
1643 1939 1726 1998 efful-

79 2035 110 2091 ire
128 2043 247 2104 spectat,
274 2036 350 2092 sicut
368 2045 396 2092 ει
420 2037 583 2105 praemisse,
604 2045 741 2104 utsupra
762 2035 822 2105 jam
876 2038 1059 2108 sisse,·atque
1084 2039 1138 2095 hoc
1161 2039 1265 2106 solum,
1292 2039 1336 2095 vel
1363 2039 1417 2094 boc
1440 2036 1601 2107 specialiter
1620 2031 1725 2089 bened-

79 2124 259 2180 iinavimus:
285 2125 405 2194 ideoque
422 2138 459 2181 ex
475 2124 542 2194 ipsis
556 2125 760 2181 convenienter
778 2121 822 2177 in·
876 2127 954 2183 cium
970 2128 1061 2183 Deum
1078 2127 1233 2184 intendisse
1253 2131 1281 2183 in
1311 2128 1373 2197 ipso
1396 2123 1499 2183 babitu
1527 2122 1623 2180 carnis
1641 2120 1725 2176 nobis

79 2212 251 2276 ‚ouaevern
268 2213 309 2268 ait
341 2213 424 2269 Pater
450 2220 493 2269 est
522 2212 619 2280 lilius,
649 2226 707 2268 non
729 2211 822 2267 solum
877 2214 1035 2286 impertire,
1052 2230 1104 2287 pro
1124 2231 1183 2286 quo
1212 2215 1341 2288 Angelus
1362 2215 1473 2271 consilii
1502 2214 1563 2270 sive
1586 2208 1726 2266 Consilia·

79 2301 118 2366 iae,
147 2314 249 2357 verum
280 2302 398 2370 insuper
425 2302 605 2372 proprietatis
645 2301 822 2357 identitatem
877 2304 940 2359 rius
954 2304 1106 2360 dictusest.
1118 2303 1197 2370 Quod
1207 2308 1235 2361 et
1248 2306 1373 2360 ioannes
1387 2301 1565 2374 evangelista
1577 2299 1721 2354 innuens:

81 2389 121 2457 it;
135 2389 258 2460 ideoque
275 2404 312 2446 ειι
336 2391 491 2460 praemissis
514 2405 572 2447 nou
591 2388 726 2458 procedit,
757 2400 824 2457 quae
879 2393 954 2459 Vita,
970 2391 1077 2462 innuit,
1105 2399 1165 2448 erat
1181 2395 1229 2448 lua
1253 2393 1402 2457 bominum,
1423 2395 1449 2446 et
1477 2391 1527 2444 lac
1552 2386 1722 2442 intenebris

78 2481 258 2548 tpraemissre
280 2480 451 2549 simpliciter
473 2480 510 2535 ad
535 2479 710 2534 identitatem
730 2490 824 2532 essen·
878 2481 958 2546 lacet,
988 2486 1015 2536 et
1040 2483 1155 2537 tenebrae
1185 2497 1243 2536 eam
1269 2497 1323 2536 noa
1351 2479 1612 2551 comprehenderunt
1631 2477 1722 2544 (lonc.

79 2575 183 2623 nectant
201 2584 207 2622 :
226 2569 283 2625 imo
307 2570 488 2639 apertissime
506 2569 612 2625 ialsum
637 2581 699 2622 esse
721 2566 822 2636 liquet,
877 2582 898 2638 1,
918 2568 958 2638 4).
987 2569 1026 2625 lie
1054 2583 1113 2640 qua
1141 2571 1228 2626 etiam
1251 2569 1464 2627 illuminatione
1492 2568 1631 2636 scriptum
1656 2568 1721 2619 est:

79 2668 103 2709 ιε
127 2655 205 2725 quod
229 2657 313 2712 Pater
340 2664 381 2712 εει
407 2658 483 2712 Deus
507 2663 535 2711 el
563 2656 639 2711 Deus
664 2664 706 2710 εει
721 2655 741 2708 F
745 2653 822 2719 iliuS,
878 2659 973 2726 stirpe,
1015 2658 1184 2726 illuminare,
1221 2659 1379 2727 ierusalem,
1424 2659 1492 2726 quia
1524 2656 1597 2710 vertit
1633 2654 1723 2707 lumen

80 2756 110 2798 re
124 2744 242 2800 concedi
265 2745 378 2801 Patrem
399 2758 460 2801 εεεε
485 2745 598 2801 Filium.
620 2744 700 2810 Quod
714 2748 757 2798 εει
780 2743 822 2798 di·
878 2750 954 2800 tuam
969 2744 1034 2817 (lso.
1059 2760 1107 2810 ax,
1140 2747 1174 2817 ι).
1199 2747 1234 2802 Et
1256 2748 1345 2802 item:
1366 2744 1553 2802 ambalabunt
1567 2745 1664 2809 fperttee
1691 2741 1723 2793 ia

79 2838 111 2888 ut
137 2846 227 2901 supra
251 2834 312 2903 jam
336 2833 536 2902 exposuimus,
567 2833 642 2888 idem
666 2845 727 2889 εεεε
755 2844 840 2901 pro·.
878 2835 979 2890 iumine
994 2835 1086 2904 (ibid,
1109 2835 1146 2906 3).
1163 2837 1198 2890 Ει
1225 2836 1374 2891 Ρεειιιιιειε
1391 2851 1397 2889 :
1414 2836 1447 2888 la
1467 2832 1569 2888 lamiae
1584 2836 1630 2885 tuo
1645 2829 1721 2884 oide-

91 2920 183 2977 Patris
198 2928 226 2977 ει
247 2922 323 2988 Filii,
348 2922 377 2977 in
397 2935 430 2977 eo
453 2921 560 2977 scilicet
581 2921 660 2990 qued
675 2919 760 2974 Pater
780 2924 822 2973 est
878 2923 965 2978 dicans
989 2925 1079 2979 lamen
1097 2924 1183 2995 (Psoi.
1211 2938 1302 2989 xxxv,
1325 2924 1377 2994 ld).
1400 2923 1436 2978 Et
1461 2921 1598 2977 Simeon:
1618 2919 1722 2973 Lumen

79 3021 121 3073 us,
135 3009 230 3080 ipsum
248 3012 329 3066 Patre
346 3010 400 3066 boc
415 3017 457 3065 εει
475 3010 568 3079 εειρεο
583 3009 673 3080 gigni.
700 3007 781 3071 Quod
796 3006 821 3061 Si
837 2972 861 3033 ⁰
877 3013 914 3067 ad
928 3013 1117 3068 revelationem
1135 3014 1257 3080 centium
1274 3011 1353 3082 (Luc.
1378 3026 1407 3077 ιι,
1426 3011 1481 3080 32).
1505 3010 1540 3066 Et
1556 3004 1695 3063 Platonici
1712 3019 1719 3060 :

79 3110 106 3152 ¹⁰
120 3112 239 3168 quoque
260 3096 749 3168 c⁰ffllilffll¹⁰1¹0111⁰0¹11l³r⁰b²²11dam
773 3091 823 3149 illd
879 3123 892 3148 ι
911 3101 1036 3159 Verbum
1051 3102 1127 3158 Deus
1140 3109 1183 3158 est
1204 3102 1430 3167 iumentorum,
1454 3120 1464 3148 ι
1491 3106 1544 3154 ειε.
1560 3095 1615 3163 Qui
1633 3094 1721 3151 etiam

79 3193 136 3243 llus
162 3187 377 3244 dialeeliwrum
401 3187 503 3256 regula
525 3200 592 3257 (111ae
616 3187 679 3241 ait:
707 3182 823 3250 Qu⁰lie⁸
876 3190 1012 3246 aindaeis
1038 3190 1195 3261 requisitus
1219 3191 1284 3259 quis
1306 3196 1390 3255 εεεει,
1407 3196 1439 3243 ut
1465 3185 1536 3257 quid
1559 3184 1721 3241 intenderet

79 3272 92 3329 1
116 3275 289 3343 praedicatur
310 3278 344 3331 de
358 3275 466 3345 aliquo,
491 3274 634 3345 quidquid
649 3271 823 3342 predicatur
876 3277 1021 3346 audirent,
1047 3279 1214 3348 respondit:
1238 3282 1295 3346 ligo
1317 3277 1485 3346 praeraptam
1501 3276 1549 3345 qni
1571 3278 1597 3328 et
1622 3274 1718 3342 loquor

79 3362 180 3419 alleato
194 3371 221 3419 et
235 3364 270 3419 de
284 3364 437 3435 subjecto:
459 3364 513 3419 boc
532 3371 574 3419 εει
590 3363 702 3433 quoties
722 3359 822 3429 aliqua
875 3368 950 3422 cobis
979 3367 1068 3438 (lona.
1092 3381 1155 3434 virt,
1172 3367 1242 3437 25):
1270 3379 1304 3422 ac
1318 3367 1342 3422 si
1362 3366 1485 3422 diceret:
1507 3364 1568 3435 ligo
1592 3360 1720 3420 Verbum

92 3450 213 3521 aliquid,
229 3460 257 3508 ει
276 3453 348 3508 illud
362 3453 437 3508 idem
451 3465 554 3508 rursus
565 3458 607 3507 εει
621 3449 741 3519 aliquid,
759 3449 822 3517 pri·
876 3462 942 3512 ante
957 3464 1094 3527 tempora,
1111 3456 1189 3526 quod
1204 3470 1255 3510 vos
1269 3468 1306 3511 ειι
1324 3462 1451 3523 tempore
1465 3453 1562 3509 verbis
1579 3452 1722 3507 instruere

79 3547 117 3610 est
132 3540 382 3608 ultimnm3lacile
403 3539 577 3610 deprehendi
592 3545 683 3609 potest
698 3537 770 3593 nibil
785 3536 822 3592 ad
876 3543 942 3599 veni
965 3557 998 3600 ac
1025 3543 1181 3614 praedicare
1202 3556 1325 3613 regnum
1356 3543 1414 3598 Ilei.
1439 3541 1507 3597 Tale
1525 3549 1568 3597 est
1587 3552 1656 3611 ergo
1672 3539 1721 3593 Sa·

79 3628 296 3698 complexionem
321 3630 452 3701 regulam
477 3628 608 3694 attinere,
633 3641 686 3682 uec
706 3638 771 3681 eam
785 3638 823 3681 ex
877 3632 1016 3701 pientiam
1032 3632 1081 3686 Dei
1096 3632 1275 3687 incarnatam
1291 3644 1362 3696 esse,
1379 3644 1413 3686 ac
1432 3632 1455 3686 si
1470 3631 1595 3693 dicatur,
1617 3627 1653 3682 ad
1668 3624 1722 3681 ltoc

79 3718 161 3787 egula
184 3718 338 3773 monstrari
364 3732 455 3787 posse,
482 3731 549 3773 cunt
570 3712 766 3773 videlicetilla
786 3713 823 3770 ad
877 3714 968 3775 lieum
984 3718 1167 3774 incarnatum
1196 3732 1266 3786 εεεε,
1296 3725 1330 3774 ιιι
1357 3731 1425 3774 vere
1447 3716 1578 3773 doctrina
1602 3712 1723 3784 justitia

83 3805 192 3861 stiones
207 3805 271 3861 illas
286 3813 399 3862 tautum
423 3807 552 3873 attineat,
573 3819 639 3876 qitee
653 3803 691 3861 ad
719 3802 822 3858 identi·
877 3821 929 3863 nos
948 3807 1112 3873 instrueret,
1129 3814 1191 3862 tum
1217 3806 1509 3876 praedamnatum
1528 3805 1615 3860 etiam
1628 3814 1722 3857 exem·

82 3893 172 3950 solam
186 3897 317 3950 essentiae
332 3902 471 3964 spectant,
488 3909 546 3950 non
563 3892 701 3950 etiamad
717 3890 823 3947 identi-
876 3898 922 3965 plo
938 3894 1094 3963 corporalis
1112 3893 1337 3950 conversationis
1355 3908 1423 3950 snm.
1450 3892 1530 3948 Unde
1552 3899 1580 3947 et
1594 3889 1722 3944 isidorus

82 3983 274 4052 proprietatis,
291 3983 365 4039 sicut
382 3983 444 4038 baec
458 3984 525 4038 lacit
540 3997 606 4053 que
628 3982 668 4038 ait
685 3982 768 4038 Pater
782 3988 824 4038 εει
877 3984 915 4036 De
930 3988 1033 4037 summo
1060 3983 1137 4050 bono,
1168 3982 1253 4051 primi
1280 3981 1345 4038 libri
1374 3981 1500 4051 capitulo
1528 3981 1574 4034 ll:
1602 3998 1617 4027 ι(
1644 3975 1719 4040 ldeo,

92 4071 153 4126 lmn
168 4072 191 4126 si
215 4071 274 4126 vim
290 4071 446 4127 verborum
460 4071 614 4141 diligenter
629 4071 821 4137 attendamus,
878 4071 984 4140 inquit.
1002 4072 1102 4126 ‹lieus
1118 4071 1147 4126 in
1163 4072 1278 4127 bomine
1288 4071 1376 4135 venit,
1392 4070 1462 4141 quia
1476 4067 1668 4139 perseipsum
1682 4064 1718 4120 ab

79 4159 151 4216 atius
164 4160 188 4215 ei
211 4160 313 4230 regula
327 4159 492 4215 inducenda
507 4167 589 4226 esset,
606 4162 629 4214 si
650 4172 720 4216 vera
739 4168 823 4214 esset.
878 4159 1047 4216 hominihus
1061 4161 1194 4232 cognosci
1206 4175 1262 4216 non
1274 4160 1377 4229 potuit,
1392 4173 1520 4230 quorum
1532 4155 1665 4214 videlicet
1675 4168 1720 4211 ra-

80 4247 217 4318 saiiqnid
231 4248 406 4316 praedicatur
421 4248 455 4302 de
470 4248 568 4318 aliquo
581 4256 608 4303 ει
624 4247 733 4318 aliquid
749 4261 822 4317 prae·
839 4256 860 4311 b
878 4249 916 4305 tio
932 4249 962 4304 in
978 4257 1090 4304 tantum
1106 4249 1167 4320 jam
1182 4249 1369 4305 multitudine
1383 4255 1565 4317 peccatorum
1586 4255 1722 4315 oppressa

79 4349 92 4391 r
106 4335 141 4391 de
158 4336 321 4405 predicato,
337 4336 412 4392 idem
426 4344 468 4392 est
484 4335 633 4405 proprium
653 4336 740 4406 primi
754 4335 822 4391 sub·
878 4346 966 4407 atque
979 4338 1162 4394 obtenebrata
1173 4346 1244 4404 erat,
1257 4346 1289 4394 ut
1302 4350 1475 4406 consurgere
1485 4337 1520 4392 ad
1537 4332 1696 4391 invisibilia
1707 4351 1721 4380 »

79 4434 86 4479 ι
113 4423 207 4480 ultimi
234 4424 361 4493 praedicti
389 4425 422 4495 [ι.
453 4425 631 4495 ριιειιιεειι];
656 4426 734 4494 qued
755 4438 822 4482 curn
876 4427 985 4482 valeret
995 4425 1030 4499 [t.
1040 4428 1158 4483 minime
1168 4425 1721 4499 valerent.nisivisibilibusqmbusdam

92 4511 194 4568 ialsum
212 4514 260 4580 sit,
289 4527 348 4569 non
376 4521 419 4569 est
441 4527 490 4580 pro
516 4513 617 4584 regula
644 4513 821 4571 babendum.
875 4515 994 4586 judiciis
1009 4518 1172 4573 duceretur.
1195 4515 1371 4586 Sapientiam
1396 4517 1495 4586 itaque
1518 4515 1568 4571 Dei
1590 4515 1722 4571 incarne

79 4615 134 4657 uus
148 4601 234 4656 etiam
250 4602 353 4664 dicere.
371 4602 394 4656 si
416 4602 582 4672 diligentius
604 4604 664 4658 rim
683 4611 711 4659 et
730 4604 823 4674 signi·
876 4618 940 4661 esse
957 4604 1011 4661 tale
1025 4613 1077 4672 est,
1093 4604 1233 4674 carnales,
1253 4605 1282 4661 id
1297 4613 1339 4662 est
1354 4604 1485 4662 homines
1509 4605 1562 4660 bac
1585 4604 1721 4659 incarna-

79 4703 142 4744 nem
158 4690 312 4746 verborum
337 4704 426 4760 qoam
449 4705 553 4747 sonum
574 4705 675 4748 eorum
694 4692 822 4748 attenda-
879 4693 955 4748 tione
970 4705 1045 4749 verte
1068 4695 1215 4764 sapientiae
1240 4696 1337 4751 lumen
1361 4693 1528 4763 suscepisse,
1544 4699 1572 4749 et
1592 4705 1656 4749 eam
1670 4704 1720 4747 no·

81 4793 130 4834 um
146 4779 326 4836 interebatur
340 4794 377 4835 ex
401 4781 557 4849 praemissis
571 4783 654 4836 Pater
667 4789 709 4836 est
723 4781 821 4847 Filius,
877 4789 943 4838 strae
963 4782 1144 4838 mortalitatis
1170 4791 1271 4838 testam
1296 4784 1359 4839 luce
1381 4796 1435 4839 sua
1450 4782 1623 4846 accendisse,
1647 4780 1722 4837 sicut

79 4882 125 4922 em
152 4869 302 4937 predicari
330 4868 408 4938 quod
436 4869 571 4939 primitus
600 4870 822 4939 predicabatur,
877 4871 1019 4940 scriptum
1039 4878 1103 4926 est:
1123 4871 1240 4927 Verbum
1262 4873 1445 4939 cerofarium
1471 4875 1560 4926 estet
1588 4870 1723 4926 habitauit

79 4955 200 5014 ridelicet
225 4957 380 5021 diceretur,
407 4960 483 5014 [leus
505 4966 546 5015 est
569 4960 677 5028 l'ilins;
695 4960 769 5015 sicut
795 4968 823 5018 ει
876 4959 995 5015 iacebis
1017 4963 1105 5027 (iona.
1124 4975 1144 5026 ι,
1171 4960 1232 5030 l4);
1248 4974 1282 5015 ac
1300 4962 1324 5017 si
1346 4967 1443 5030 aperte
1457 4959 1585 5017 diceret:
1606 4959 1650 5016 Ad
1668 4958 1722 5015 boc

81 5046 176 5112 icitur,
193 5047 254 5103 baec
269 5060 334 5103 cera
352 5054 394 5103 est
410 5048 468 5103 bac
484 5048 588 5118 imago,
609 5055 636 5104 et
653 5048 712 5103 baec
727 5048 822 5118 imago
877 5048 938 5119 ipsa
958 5046 1104 5119 Sapientia
1122 5049 1271 5105 incarnata
1292 5057 1343 5116 est,
1369 5057 1401 5106 ut
1415 5063 1468 5119 per
1482 5048 1722 5106 illuminationem

84 5135 229 5192 bencera.
248 5135 336 5204 Quasi
357 5136 448 5192 Filius
465 5136 517 5207 qui
531 5145 573 5192 est
586 5149 623 5192 ειι
646 5136 739 5202 Ρειιε,
753 5150 822 5207 ergo
878 5137 907 5193 in
933 5137 1015 5193 nobis
1030 5137 1169 5194 inhabitet
1197 5134 1269 5194 vere
1297 5139 1400 5194 notitia
1429 5137 1590 5208 Sapientiae.
1618 5136 1672 5204 Qui
1692 5136 1722 5192 in

79 5236 116 5279 ira
130 5231 173 5280 est
186 5239 222 5281 ex
243 5225 297 5282 bac
309 5239 385 5282 cera.
402 5224 455 5281 Sed
471 5227 506 5281 de
520 5226 575 5281 boc
595 5225 679 5281 nobis
697 5224 822 5296 diligen·
876 5226 941 5296 ipsa
952 5238 1039 5281 carne
1053 5238 1143 5297 qnam
1155 5227 1320 5295 assumpsit,
1343 5232 1417 5294 tum,
1433 5224 1552 5294 mdical,
1569 5238 1722 5282 conversa-

79 5315 190 5370 endum
205 5314 259 5371 erit
276 5322 382 5385 postea,
397 5329 465 5370 cum
484 5314 518 5370 de
533 5313 718 5384 generatione
733 5313 822 5371 Verbi
876 5313 952 5370 tinne
967 5312 1043 5378 vitae,
1072 5321 1134 5371 tum
1161 5314 1247 5370 ctiam
1276 5315 1407 5385 passione
1436 5316 1536 5372 mortis
1563 5328 1633 5379 suae,
1662 5315 1724 5371 sire

79 5414 159 5458 imus.
186 5401 258 5459 Sunt
281 5411 308 5460 et
335 5402 398 5459 aliae
422 5401 592 5460 consimiles
627 5402 821 5474 dispositionis
875 5401 962 5458 etiam
978 5401 1070 5474 gloria
1087 5403 1306 5461 resurrectionis
1325 5402 1444 5462 suaevel
1466 5404 1643 5461 ascensionis
1657 5417 1722 5476 per-

80 5489 248 5560 eutationcs
262 5492 371 5562 quibus
387 5499 504 5564 propter
516 5491 707 5551 terminorum
721 5490 817 5563 dispo-
876 5491 947 5550 lecte
961 5504 1013 5549 nos
1035 5490 1175 5549 iustruxit
1202 5499 1229 5550 et
1244 5492 1352 5550 docuit.
1377 5492 1526 5552 lloriendo
1539 5493 1656 5566 quidem
1672 5494 1721 5551 do·
