3804 5962
468 164 473 173 .
558 117 658 176 Parui
677 114 865 173 ltuAEhAttut
880 113 957 170 ort’.
978 112 1068 171 Plus
1087 114 1108 170 1.
1129 143 1164 158 -
1183 115 1371 175 EPISTOLAE.
1788 125 1841 183 ι296

97 135 151 190 296

100 277 114 306 a
137 254 167 311 Si
191 252 269 311 enim
296 246 445 307 Abraham
468 258 504 302 cx
528 241 664 314 operibus
686 239 862 312 justificatus
887 245 939 303 est,
957 238 981 290 h
996 243 1092 307 tatem,
1118 246 1150 296 ut
1173 241 1278 313 saepius
1301 242 1482 315 dictumest,
1505 246 1620 316 penitus
1643 257 1840 322 amputemus,

97 345 183 402 habet
212 340 353 415 gloriam3
388 336 437 393 sed
476 348 534 391 nou
567 331 643 401 apud
675 329 838 385 hominurn.
867 325 941 393 Quid
993 333 1021 383 et
1041 326 1156 385 infirmo
1179 331 1263 387 sexui
1287 331 1400 390 nullum
1428 333 1559 392 ciborum
1588 352 1686 408 usum,
1710 341 1759 397 sed
1781 357 1841 398 om-

96 435 173 493 enim
201 432 270 489 dicit
297 425 470 498 Scriptura?
499 419 625 479 Credidit
652 418 795 474 Abraham
830 416 886 473 Deo
913 423 941 471 et
994 415 1075 472 ulum
1117 417 1291 490 denegemus
1334 421 1469 478 abusum.
1508 422 1610 480 Omnia
1645 428 1842 486 concedantur

96 529 262 596 reputatum
287 526 329 576 est
350 518 375 573 ei
406 511 606 585 adjustitiam
634 510 719 577 (Rom.
748 521 787 574 iv,
815 505 878 577 tl.»
905 503 941 560 Et
994 504 1075 604 'sumi'
1097 507 1145 563 sed
1174 508 1256 565 nulla
1291 509 1652 612 immoderatoqconsumi.
1687 517 1839 619 “‚Qfflniffr

96 615 218 672 iterum:
236 633 250 661 «
266 607 340 677 Quid
354 618 424 676 crgo
441 602 573 667 dicimus,
591 597 668 670 quod
685 603 783 668 gentes
802 609 867 666 quae
881 607 940 650 uon
993 602 1090 664 inquil
1112 594 1277 668 Apostolus,
1300 603 1433 656 creatura
1450 600 1499 656 llet
1522 601 1609 666 bona,
1634 612 1662 660 et
1685 605 1758 662 nihil
1778 622 1842 678 rep-

96 702 283 761 sectabantur
317 692 469 768 lustitiam‚
504 687 756 760 apprehenderunt
778 683 939 756 justitiam

95 793 236 866 justitiam
252 793 358 854 autem,
383 796 449 854 quae
469 793 506 837 cr
528 778 584 834 fide
606 783 667 833 est:
694 773 779 831 lsrael
803 786 871 829 vero
896 786 938 828 se·

96 880 200 940 claudo
214 878 306 950 legem
319 871 446 946 justitiae,
462 869 491 925 in
514 867 607 938 legem
626 862 821 962 iustitiaeuuon
842 872 940 960 perve-

96 973 164 1032 nit‘l
180 965 294 1037 Quare?
306 963 376 1036 quia
390 973 449 1017 uon
462 972 499 1015 ox
514 957 578 1024 side,
600 954 647 1010 scd
674 965 760 1024 quast
781 964 818 1007 ex
845 963 939 1048 operr-

95 1061 151 1119 bus
165 1059 240 1132 (den.
263 1070 314 1124 xv,
331 1048 456 1124 6).»111)
480 1045 557 1118 quod
573 1041 660 1100 catini
684 1050 725 1098 est
744 1039 939 1139 vellparopsr-

95 1151 139 1210 dis
153 1150 188 1206 de
202 1147 271 1204 ioris
286 1140 469 1205 mundantes,
485 1137 520 1192 de
534 1132 662 1189 interiori
679 1129 821 1186 munditia
842 1139 939 1182 manns

94 1237 257 1313 provident,
268 1240 295 1290 et
305 1229 387 1287 carni
398 1225 490 1298 magis
504 1235 592 1294 quarn
608 1221 712 1301 animae
720 1216 872 1288 vigilantes
879 1227 939 1313 car-

93 1328 173 1389 nales
186 1324 283 1398 potius
306 1325 374 1378 sunt
398 1329 487 1388 quam
502 1309 674 1383 spirituales.
692 1308 749 1365 Nos
771 1319 844 1404 vero⁸
858 1303 939 1361 Chu-

93 1426 169 1478 slum
179 1405 474 1479 inexteriorihomine
485 1400 627 1474 perfidem
639 1397 769 1455 habitare
779 1400 936 1490 cupientes,

93 1521 145 1577 pro
159 1502 272 1561 modico
294 1496 428 1556 ducimus
453 1489 607 1557 exteriora,
629 1501 695 1559 quae
721 1493 781 1542 tam
806 1480 937 1579 reprobis

94 1607 183 1666 quant
198 1589 295 1649 electis
310 1592 378 1643 sunt
390 1578 567 1647 communia,
582 1575 759 1633 attendentes
773 1571 851 1644 quod
866 1583 936 1626 scri-

92 1692 176 1757 ptum
201 1688 243 1738 est
259 1693 266 1734 :
283 1700 297 1728 α
313 1679 346 1732 ln
366 1688 411 1732 me
434 1678 501 1728 suut
523 1670 600 1726 Deus
614 1673 680 1723 vota
703 1671 764 1726 tua,
785 1676 851 1734 quae
874 1659 937 1716 red·

91 1773 158 1831 dam
174 1767 353 1827 laudationes
374 1762 424 1820 tibi
439 1759 521 1834 (Psoi.
544 1771 590 1826 ur,
616 1753 671 1826 lt).
695 1774 706 1804 »
734 1751 813 1809 Unde
835 1757 863 1849 et
885 1761 936 1805 er-

91 1862 225 1922 tcriorem
252 1855 331 1913 illam
359 1851 429 1924 legis
461 1845 664 1905 abstinentiam
690 1856 749 1898 nou
774 1851 935 1940 sequimur,

90 1963 181 2021 quam
195 1944 269 2005 nihil
282 1942 401 2015 justitia
420 1945 531 1995 eertum
551 1942 593 1991 est
607 1931 747 1990 coulorre.
770 1929 829 1987 Nec
847 1929 935 1999 qnid-

90 2053 180 2113 quam
196 2034 280 2094 uobis
302 2033 332 2088 in
351 2029 421 2087 cibis
441 2025 581 2083 hominus
604 2020 747 2079 interdicit
770 2019 846 2091 (lac.
870 2033 934 2087 ιιι,

90 2129 147 2199 34),
162 2126 216 2185 nisi
232 2121 381 2193 crapulam
395 2124 423 2175 ct
445 2115 622 2178 ebrietatem,
639 2110 668 2167 id
691 2118 734 2167 est
752 2108 936 2210 superfluita-

88 2226 157 2275 tem.
186 2214 242 2280 Qui
258 2212 345 2269 etiam
368 2207 446 2280 quod
468 2204 551 2263 uobis
569 2200 698 2269 indulsit,
721 2199 750 2255 in
773 2213 863 2270 serpso
884 2213 934 2299 es:

87 2308 186 2365 hibere
217 2318 275 2360 uon
298 2298 426 2366 erubuit,
456 2296 521 2352 licet
548 2292 615 2348 hinc
642 2288 726 2346 multi
750 2287 933 2344 scandalizati

88 2408 148 2453 uon
162 2391 345 2452 mediocriter
361 2387 597 2457 improperarent.
618 2378 700 2436 Unde
716 2384 743 2433 et
766 2391 816 2448 per
829 2384 932 2433 semet·

88 2485 184 2557 ipsum
209 2480 348 2552 loquens:
368 2474 482 2534 «Venit
496 2474 629 2537 loannes,
653 2467 758 2537 iuquit,
782 2480 839 2566 non
854 2480 934 2522 man-

87 2575 200 2632 ducans
212 2579 240 2628 et
254 2582 312 2626 nou
324 2566 437 2632 bibens,
458 2571 486 2620 et
507 2562 665 2618 dixerunt:
682 2557 861 2612 Daemonium
884 2556 933 2612 ha-

993 682 1128 740 cleudum
1156 687 1233 756 quod
1254 702 1321 745 cum
1342 687 1503 760 gratiarum
1529 692 1642 750 actione
1671 697 1838 767 percipitur.

993 769 1195 831 sanctificatur
1217 776 1294 832 enim
1315 791 1365 847 per
1392 779 1515 836 verbum
1539 782 1587 838 llei
1615 790 1642 840 ct
1670 785 1838 844 orationem.

993 859 1053 917 Hoc
1070 875 1231 933 proponens
1257 865 1405 930 iratribus,
1422 868 1513 925 bouus
1527 870 1584 927 eris
1606 872 1735 930 minister
1756 875 1840 932 Chri-

993 950 1028 1005 sti
1052 951 1129 1020 Jesu,
1158 954 1303 1011 enutritus
1327 956 1424 1013 verbis
1449 957 1524 1027 tidei,
1541 968 1568 1017 et
1597 961 1679 1019 honae
1702 963 1839 1022 doctrinae

993 1053 1081 1110 quam
1106 1051 1254 1100 assecutus
1278 1059 1308 1101 es
1330 1045 1355 1117 (l
1372 1050 1445 1105 Tim.
1464 1064 1503 1117 tv,
1523 1051 1564 1119 4).
1589 1053 1724 1109 »lituos
1750 1054 1839 1125 igitur

992 1143 1057 1185 cum
1075 1129 1222 1188 Timotheo
1242 1132 1318 1189 hanc
1340 1135 1466 1205 Apostoli
1483 1137 1604 1196 insecuti
1626 1141 1795 1210 doctrinam,
1812 1151 1839 1200 et

989 1216 1076 1288 juxta
1107 1219 1286 1279 Domiuieam
1320 1226 1490 1283 sententiam
1518 1227 1590 1285 nihil
1623 1230 1653 1286 in
1682 1230 1752 1289 cibis
1782 1233 1838 1290 nisi

991 1307 1142 1378 crapulam
1174 1318 1202 1366 et
1234 1312 1402 1371 ebrietatem
1426 1315 1550 1375 vitantes
1579 1319 1654 1387 (huc.
1691 1335 1752 1390 ιιι,
1781 1324 1836 1391 54),

991 1395 1032 1451 sic
1053 1398 1149 1453 omnia
1178 1407 1379 1472 temperemus,
1409 1412 1440 1461 ut
1468 1417 1505 1462 ex
1531 1408 1665 1466 omnibus
1692 1410 1836 1469 infirmam

954 1494 1128 1584 ¹3naturam
1148 1497 1342 1549 sustentemus
1359 1508 1417 1550 non
1440 1495 1511 1552 vitia
1533 1499 1706 1555 nutriamus.
1722 1501 1757 1557 Et
1778 1516 1836 1572 quo

992 1590 1117 1647 quaeque
1138 1579 1264 1650 amplius
1278 1595 1332 1638 sua
1355 1583 1554 1654 superfluitate
1577 1596 1698 1657 possunt
1722 1604 1836 1659 nocere,

991 1669 1208 1736 temperamenti
1227 1671 1320 1743 magis
1334 1672 1486 1744 accipiant.
1503 1672 1597 1746 licius
1623 1676 1729 1748 quippe
1743 1686 1786 1736 est
1803 1694 1837 1736 ac

991 1753 1167 1814 laudabilius
1192 1765 1348 1830 temperate
1360 1761 1517 1832 comedere,
1538 1778 1628 1835 quam
1650 1766 1767 1823 omuino
1788 1768 1837 1825 ab·

990 1843 1105 1901 stinere.
1132 1846 1212 1904 Unde
1240 1855 1267 1904 et
1293 1849 1393 1908 beatus
1428 1851 1612 1925 Augustinus
1640 1856 1669 1912 iu
1695 1856 1768 1914 libro
1795 1858 1836 1914 Ile

989 1932 1065 1989 bono
1079 1935 1234 2008 conjugali,
1250 1952 1316 1994 cum
1338 1938 1374 1996 de
1396 1941 1592 2012 corporalibus
1606 1953 1704 2017 ageret
1725 1955 1836 2004 susten-

989 2023 1146 2080 tamentis:
1170 2024 1372 2097 Nequaquam,
1402 2028 1508 2101 iuquit,
1534 2053 1548 2082 «
1570 2032 1611 2090 eis
1635 2034 1706 2092 bene
1730 2035 1834 2103 utitur,

989 2110 1044 2167 nisi
1064 2113 1115 2183 qui
1135 2121 1163 2170 et
1185 2113 1228 2171 uti
1255 2130 1314 2172 non
1341 2125 1441 2189 potest.
1471 2120 1552 2178 hlulti
1577 2124 1694 2193 quidem
1719 2123 1834 2181 facilius

988 2213 1017 2256 so
1044 2199 1188 2259 abstinent
1216 2214 1249 2262 ut
1275 2220 1332 2262 non
1353 2214 1484 2273 utantur,
1510 2225 1599 2281 quam
1622 2220 1780 2284 temperant
1802 2222 1834 2273 ut

988 2287 1060 2345 bene
1073 2293 1203 2348 utantur.
1220 2292 1309 2350 Nemo
1327 2302 1424 2352 tamen
1447 2306 1538 2369 potest
1556 2301 1598 2357 cis
1623 2302 1765 2373 sapienter
1779 2302 1832 2369 uti,

987 2376 1041 2433 uisi
1056 2385 1147 2449 potest
1175 2389 1202 2437 et
1227 2382 1407 2442 continenter
1433 2402 1490 2444 nou
1518 2388 1603 2446 ιιι.»
1630 2391 1674 2448 Ει
1703 2393 1757 2449 hoc
1784 2393 1833 2450 ha·

985 2465 1047 2523 bitu
1066 2475 1094 2526 et
1109 2469 1220 2528 Paulus
1244 2473 1375 2531 dicebat:
1394 2495 1408 2528 ι
1427 2475 1489 2534 Scio
1512 2485 1540 2536 et
1561 2479 1710 2538 abundare
1733 2490 1760 2539 et
1788 2497 1834 2553 pc-

986 2541 1104 2613 nuriam
1129 2560 1187 2630 pati
1211 2560 1341 2634 (Philipp.
1367 2578 1406 2633 tv,
1431 2565 1485 2638 ta).
1509 2588 1520 2619 r
1543 2568 1699 2626 Penuriam
1724 2571 1832 2640 quippo

87 2663 143 2722 bet.
162 2661 248 2719 Venit
269 2656 358 2715 Filius
382 2651 506 2712 hominis
526 2648 708 2707 manducans
726 2652 754 2701 ct
776 2644 889 2713 bibens,
905 2653 932 2701 et
985 2647 1055 2716 pati,
1085 2662 1330 2723 quorumcunque
1346 2653 1496 2712 hominum
1509 2663 1550 2712 est
1564 2674 1572 2725 ;
1588 2658 1637 2714 scd
1651 2659 1830 2729 scirepenu-

86 2752 243 2811 dixeruut:
260 2749 333 2804 Eece
347 2745 432 2801 homo
453 2754 543 2799 vorax
558 2746 585 2797 ot
610 2741 723 2808 potator
740 2734 801 2791 vini
819 2736 928 2805 (hatti.
985 2734 1059 2792 riam
1072 2737 1140 2806 pati,
1157 2751 1330 2810 magnorum
1346 2746 1397 2798 est.
1410 2740 1456 2798 sic
1469 2750 1496 2799 et
1507 2745 1656 2802 abundare
1672 2746 1828 2818 quisquam

86 2858 117 2901 ιι
143 2843 197 2912 48).
214 2862 224 2889 ι
244 2837 299 2906 Qui
312 2835 399 2893 etiam
415 2846 483 2889 suos
501 2842 655 2894 excusans,
670 2826 749 2896 quod
772 2840 831 2882 non
855 2825 929 2882 siout
945 2818 967 2876 G
984 2821 1136 2882 homiuum
1166 2827 1291 2898 incipere
1319 2837 1418 2900 potest.
1448 2830 1524 2888 Scire
1552 2841 1649 2891 autom
1680 2836 1830 2894 abundare

85 2885 217 3002 discipuli
242 2926 360 2983 loannis
389 2921 556 2995 jejunarent
586 2919 696 2990 (liciti.
727 2931 769 2985 ιι,
798 2916 851 2986 ll),
877 2929 930 2971 nec
984 2915 1099 2971 nonnisi
1120 2929 1220 2973 eorum
1239 2925 1291 2984 est,
1312 2933 1386 2989 quos
1412 2920 1590 2979 abundantia
1613 2938 1671 2981 non
1696 2940 1830 2983 corrum-

85 3020 171 3079 etiam
204 3015 412 3074 manducantes
443 3009 617 3080 corporalem
648 3008 728 3066 illam
756 3004 928 3063 munditiam
982 3003 1034 3074 pit.
1059 3003 1180 3061 [levino
1207 3004 1315 3077 itaque,
1337 3006 1417 3078 quia,
1442 3009 1516 3066 sicut
1538 3011 1720 3081 dictumest,
1745 3014 1831 3073 luxu-

85 3107 297 3167 abluendarum
312 3115 454 3158 utanuum
472 3112 646 3170 magnopere
667 3093 928 3155 curarenttaNou
982 3092 1058 3149 riosa
1081 3107 1126 3150 res
1158 3101 1186 3150 et
1217 3094 1406 3166 tumultuosa,
1441 3098 1562 3171 ideoque
1594 3109 1652 3162 tam
1683 3104 1830 3161 continen-

83 3204 214 3272 possunt,
246 3193 351 3264 inquit,
380 3190 480 3263 lugere
501 3188 554 3245 ulit
581 3186 676 3259 sponsi
705 3183 837 3256 quaudiu
861 3196 928 3238 cum
983 3180 1128 3252 tiaequam
1143 3181 1255 3240 silentio
1275 3185 1400 3243 maxime
1423 3189 1610 3260 contrarium,
1637 3199 1688 3249 aut
1712 3194 1830 3250 omnino

84 3287 140 3344 illis
151 3297 274 3357 sponsus
296 3290 338 3338 est
352 3279 444 3353 (ibid,
470 3277 523 3350 lb).
542 3299 553 3327 υ
579 3279 615 3334 Et
630 3273 719 3333 alibi:
737 3295 751 3324 u
766 3273 828 3330 Nou
849 3272 927 3343 quod
981 3269 1093 3328 leminae
1107 3273 1269 3330 abstineant
1284 3283 1399 3345 propter
1414 3278 1514 3348 ileum,
1535 3280 1610 3337 sicui
1636 3292 1742 3341 uxores
1756 3298 1829 3355 gen·

83 3377 172 3435 intrat
186 3374 216 3430 iu
232 3387 263 3430 os
281 3371 450 3442 coinquinat
476 3367 633 3433 hominem,
658 3363 707 3421 sed
727 3363 805 3436 quod
829 3376 926 3433 proce·
981 3359 1076 3417 tilium
1100 3361 1136 3417 ab
1158 3361 1212 3418 hoc
1234 3361 1402 3422 inhibentur
1424 3375 1503 3424 metu
1526 3369 1755 3442 adulteriorum3
1778 3379 1829 3429 aut

83 3466 124 3523 dit
138 3479 172 3522 er
189 3477 246 3520 ore.
263 3462 332 3526 Quae
354 3466 450 3516 autem
463 3455 622 3527 procedunt
647 3453 682 3510 de
705 3466 765 3519 ore,
785 3451 819 3507 de
842 3452 927 3508 corde
981 3447 1021 3505 iia
1040 3449 1136 3520 ipsum
1161 3464 1239 3521 aqua
1260 3460 1426 3524 temperent,
1450 3464 1482 3513 ut
1508 3465 1535 3514 et
1550 3459 1595 3515 siti
1619 3460 1727 3530 pariter
1741 3467 1768 3518 et
1781 3475 1827 3517 sa·

81 3560 199 3621 exeunt,
216 3559 243 3609 ct
262 3565 296 3606 ea
317 3547 508 3620 coinquinant
523 3542 685 3600 hominem.
707 3540 769 3597 Non
792 3539 857 3597 lotis
877 3554 927 3597 au·
980 3538 1064 3595 nitati
1091 3540 1231 3610 consulat,
1254 3548 1281 3598 et
1306 3542 1383 3599 uires
1407 3546 1527 3603 nocendi
1553 3563 1611 3604 non
1633 3549 1745 3608 habeat.
1768 3551 1829 3608 lloc

81 3651 138 3702 tem
154 3641 289 3698 manibus
310 3638 485 3695 manducare
508 3647 566 3688 uon
590 3629 759 3702 coinquinat
781 3628 925 3686 homiuem
979 3635 1077 3685 aulem
1094 3629 1153 3686 lieri
1169 3630 1325 3699 credimus,
1341 3631 1363 3688 si
1384 3633 1474 3705 hujus
1493 3635 1621 3695 misturae
1641 3647 1747 3709 quarta
1760 3653 1828 3711 pars

82 3733 192 3806 (lictth.
209 3722 481 3799 xr,lt).»Nullus
495 3721 593 3791 itaque
610 3718 692 3776 cibus
712 3718 847 3790 inquinat
862 3718 924 3774 ani·
979 3717 1015 3773 ad
1046 3718 1142 3775 minus
1163 3734 1248 3791 aquae
1272 3719 1368 3778 luerit.
1392 3721 1599 3784 Difficillimum
1630 3742 1700 3786 vero
1727 3738 1828 3788 estut

81 3822 239 3891 mam;sed
261 3816 405 3888 appetitus
425 3810 481 3867 cibi
497 3809 586 3866 vetiti.
613 3809 691 3867 Sicut
717 3809 794 3865 euim
819 3823 925 3879 corpus
979 3806 1138 3876 appositum
1166 3808 1250 3865 nohis
1283 3817 1382 3911 potum
1412 3813 1464 3912 sic⁸
1485 3814 1682 3888 observemus,
1707 3825 1739 3876 ut
1767 3834 1826 3919 nou

80 3909 196 3970 nonnisi
220 3903 416 3978 corporalibus
438 3899 611 3970 inquinatur
638 3898 782 3967 sordibus,
807 3898 848 3954 sic
871 3912 925 3955 nec
978 3911 1073 3968 usque
1101 3899 1137 3954 ad
1165 3900 1323 3956 satietatem
1347 3901 1414 3957 rude
1438 3902 1582 3972 bibamus,
1607 3906 1681 3964 sicut
1696 3908 1730 3965 de
1756 3923 1825 3965 vino

79 4001 176 4060 anima
193 3998 248 4055 nisi
260 3990 471 4066 spiritualibus.
482 3988 541 4046 Nec
554 3988 713 4046 timendum
724 3997 765 4045 est
778 3988 923 4059 quidquid
978 3986 1079 4044 beatus
1096 3989 1225 4067 praecipit
1239 3990 1410 4049 Benedictus
1429 3993 1499 4064 (cap.
1518 3994 1574 4066 lo).
1596 3996 1719 4068 ideoque
1733 3998 1824 4054 tutius

79 4099 184 4164 agatur
211 4087 241 4142 in
266 4095 394 4152 corpore,
419 4081 442 4136 si
470 4078 584 4135 animus
602 4079 637 4134 ad
666 4091 838 4134 consensum
864 4091 921 4133 nou
937 4117 961 4175 D
977 4077 1163 4146 arbitramur,
1178 4086 1210 4134 ut
1225 4092 1277 4135 nec
1296 4079 1456 4138 satietatem
1473 4081 1691 4154 interdicamus,
1708 4101 1743 4143 ne
1759 4087 1824 4144 iude

78 4179 214 4238 trahitur.
240 4173 297 4230 Nec
319 4169 522 4226 conlideudum
543 4168 577 4224 de
602 4166 746 4224 munditia
769 4165 873 4236 carnis,
899 4166 921 4223 si
976 4166 1026 4239 [cl.
1050 4166 1128 4238 vitae]
1151 4168 1314 4237 periculum
1339 4169 1534 4230 incurramus.
1556 4174 1620 4231 Nou
1643 4175 1720 4233 euim
1739 4176 1823 4234 satie-

78 4281 160 4327 mens
186 4260 333 4321 uoluntate
357 4257 565 4331 corrumpitur.
590 4257 624 4312 ln
644 4254 727 4312 corde
750 4255 841 4327 igitur
864 4262 922 4312 tota
977 4265 1030 4325 tas
1045 4263 1077 4313 ut
1100 4270 1175 4327 saepe
1196 4257 1257 4329 iam
1277 4258 1415 4328 diximus,
1435 4261 1484 4318 sed
1507 4263 1693 4333 superfluitas
1719 4266 1748 4322 in
1770 4267 1824 4323 cri-

77 4369 154 4416 mors
181 4350 286 4409 animae
313 4346 444 4406 consistit
469 4354 497 4403 et
525 4346 593 4404 vita.
622 4345 702 4402 Unde
730 4343 862 4402 Salomon
891 4345 921 4402 iu
976 4345 1053 4403 mine
1076 4353 1128 4402 est.
1160 4346 1196 4404 ut
1212 4361 1281 4403 vero
1304 4362 1356 4419 pro
1382 4348 1590 4408 medicamento
1609 4352 1729 4410 herbata
1752 4355 1822 4411 vina

76 4439 256 4504 Proverbiis:
276 4437 389 4496 «Omni
412 4436 542 4494 custodia
564 4449 712 4493 semaoor
733 4442 920 4507 tuum,quo-
975 4435 1176 4503 conficiantur,
1209 4443 1259 4493 aut
1291 4437 1377 4494 etiam
1406 4438 1509 4495 vinum
1540 4455 1647 4512 purum
1676 4450 1819 4513 sumatur,

75 4530 205 4589 nlamex
222 4528 358 4600 ipsovita
376 4527 503 4598 procedit
523 4526 657 4598 (Prour,
679 4524 765 4597 tal.»
790 4526 921 4597 Etjuxta
975 4542 1034 4583 non
1061 4524 1273 4597 prohibendum
1308 4531 1359 4583 cst.
1393 4525 1504 4594 Quibus
1537 4539 1632 4586 tamen
1663 4540 1821 4589 conventus

75 4621 242 4693 praedlctam
264 4617 400 4676 Veritatis
427 4615 623 4685 assertionem,
650 4630 686 4672 ex
713 4615 797 4672 corde
823 4628 920 4686 proce·
973 4629 1127 4687 nunquam
1157 4622 1268 4683 utatur,
1296 4616 1345 4672 sed
1365 4620 1517 4688 separatim
1545 4620 1581 4676 ab
1608 4619 1729 4677 infirmis
1759 4622 1820 4679 haec

74 4711 147 4769 dunt
175 4724 242 4783 quae
268 4707 460 4780 coinquinant
483 4706 647 4778 hominem;
672 4705 809 4777 quoniam
838 4704 919 4762 bonis
973 4705 1172 4777 degustentur.
1190 4704 1317 4761 Triticeae
1341 4708 1605 4777 quoqnemedullae
1628 4710 1819 4783 similaginem

73 4799 119 4858 vel
137 4800 222 4858 malis
239 4797 388 4856 desideriis
411 4796 510 4854 anima
529 4796 684 4852 damnatur
705 4793 751 4850 vel
777 4791 917 4851 salvatur.
972 4795 1091 4852 omuino
1128 4794 1325 4866 prohibemus,
1351 4796 1400 4852 sed
1428 4810 1538 4868 semper
1565 4813 1632 4856 cum
1662 4799 1818 4859 habuerint

73 4886 280 4960 sedquoniam
305 4887 410 4943 auimae
425 4893 452 4943 et
471 4884 566 4941 carnis
592 4883 622 4939 in
642 4897 731 4940 unam
751 4882 918 4954 conjuncta·
974 4884 1111 4953 triticum,
1141 4883 1225 4940 tertia
1252 4898 1319 4954 pars
1344 4884 1379 4941 ad
1399 4885 1496 4943 minus
1522 4888 1673 4959 grossioris
1694 4903 1818 4947 annonas

72 4993 139 5039 rum
155 4989 309 5049 personam
332 4975 460 5033 maxima
479 4982 520 5032 est
541 4973 621 5037 uuio,
646 4986 828 5043 summopere
850 4987 916 5044 pro·
970 4975 1136 5031 misceatur.
1151 4973 1210 5031 Nec
1223 4973 1324 5031 calidis
1337 4988 1469 5047 uuquam
1487 4977 1665 5035 oblectentur
1680 4978 1815 5051 panibus,

71 5067 230 5126 videndum
255 5072 297 5123 est
324 5081 360 5124 ne
388 5066 483 5123 carnis
510 5062 657 5121 delectatio
684 5064 720 5120 ad
744 5077 916 5121 consensum
970 5064 1019 5122 sed
1037 5063 1088 5136 qui
1104 5063 1248 5122 adminus
1274 5079 1331 5122 uuo
1351 5065 1563 5124 dicautecocti
1589 5068 1704 5127 luerint.
1728 5071 1816 5127 Caete·

70 5155 199 5214 animam
227 5154 333 5225 trahat,
357 5161 385 5211 et
412 5155 481 5211 dum
511 5151 596 5209 nimis
628 5151 797 5224 indulgetur
824 5153 913 5222 carni,
969 5168 1069 5211 rorum
1091 5167 1160 5210 vero
1188 5152 1393 5212 alimentorum
1416 5155 1625 5226 providentiam
1648 5158 1689 5215 sic
1711 5158 1816 5216 haheat

71 5243 133 5317 lpsa
152 5241 304 5301 lasciviens
323 5242 479 5300 reluctetur
498 5241 626 5314 spiritui,
646 5250 673 5299 et
695 5257 784 5314 quam
805 5249 915 5314 oportet
969 5240 1141 5310 diaconissa,
1159 5249 1191 5299 ut
1205 5241 1279 5301 sicut
1299 5242 1361 5314 jam
1374 5244 1483 5315 praetatt
1506 5259 1618 5315 sumus,
1635 5248 1712 5318 quod
1727 5247 1816 5305 vilius

70 5332 177 5406 subjici
194 5331 310 5403 incipiat
331 5331 483 5389 dominari.
505 5331 564 5391 Hoc
584 5339 681 5391 autem
708 5346 809 5389 cavere
831 5335 914 5404 pote·
968 5331 1071 5404 poterit
1086 5331 1259 5405 comparari,
1276 5331 1320 5390 rel
1339 5333 1452 5391 lacilius
1466 5333 1576 5405 haberi,
1601 5334 1708 5393 infirmi
1727 5351 1815 5394 sexus

69 5419 171 5492 rimus,
195 5421 218 5478 si
246 5417 415 5480 necessariis
439 5422 575 5482 omnihus
597 5419 738 5481 concessis
764 5420 914 5493 superhui-
966 5422 1078 5482 daturae
1100 5420 1265 5482 subveniat.
1290 5420 1364 5491 Quid
1387 5423 1465 5481 enim
1486 5423 1604 5484 stultius
1627 5439 1717 5498 quam
1744 5440 1811 5485 cum
