3736 5962
121 160 174 216 837
392 161 493 216 PETRI
512 159 698 216 tumtunm
717 161 792 217 OPP.
813 161 903 217 PARS
921 162 1255 220 111-111110103131
1273 163 1318 220 ET
1338 163 1603 225 rullosorller.
1813 173 1858 228 888

120 286 265 360 telligeudi
278 287 442 343 facultatem
455 285 594 342 divinitus
609 293 791 356 acceperunt.
812 287 965 357 Propterea
980 289 1004 344 A
1017 286 1126 359 1331313
1145 288 1185 344 331
1210 302 1262 358 333
1286 288 1384 360 311333
1401 297 1582 348 censeantur.
1598 289 1684 348 llude
1696 297 1725 348 et
1738 289 1799 360 1333
1812 296 1860 351 13-

120 391 188 448 ergo
213 389 316 431 corum
338 388 459 444 corpora
485 382 684 431 resurrectura
713 389 769 430 nou
793 382 870 443 sunt,
896 376 966 446 quia
1019 379 1156 449 gostinus
1171 378 1200 433 iu
1215 377 1288 434 libro
1301 377 1497 445 Qnaestionum
1509 381 1658 437 1131331331
1672 380 1763 437 11333
1779 380 1855 454 legis:

120 464 257 535 33313313
279 463 453 519 animalibus
470 471 520 520 aut
539 463 661 534 13331133
676 471 727 520 331
746 464 964 535 1313311331311,
1020 485 1033 515 s
1054 465 1212 535 Quomodo,
1228 487 1241 516 n
1255 467 1361 537 inquit,
1381 486 1395 514 «
1410 481 1478 525 3333
1499 469 1689 526 constituitur
1705 469 1760 540 qui
1780 475 1856 528 1133311

121 569 173 626 333
195 567 255 625 333
277 554 317 609 313
332 560 382 608 331
406 561 512 608 aeterua
538 552 683 608 beatitudo
710 554 746 609 sit
766 552 963 620 retribuenda,
1019 556 1088 625 quid
1104 556 1222 611 13333111
1245 577 1255 605 ι
1283 557 1319 611 Et
1341 556 1533 627 llierouymus
1555 571 1644 628 33333
1667 557 1854 617 Enecbielen:

120 645 165 702 331
179 656 273 714 poena.
292 663 306 691 3
325 643 401 697 1333
423 642 452 696 iu
472 640 521 696 lib.
548 652 620 707 xxx,
648 649 750 711 quaest.
767 643 811 708 83,
826 655 888 712 333.
911 644 960 697 ld:
1021 664 1031 693 ι
1055 644 1191 709 Quandiu
1204 645 1303 700 anima
1316 645 1346 699 in
1361 645 1486 702 infautia
1501 647 1659 703 constituta
1680 653 1736 716 est,
1754 657 1856 719 peccato

158 753 168 781 ‹
184 733 260 788 11333
270 732 367 803 133133
379 738 421 785 331
434 728 600 800 gubernans
615 729 759 796 universa,
773 729 883 785 nullam
900 744 962 800 pue-
1017 742 1104 790 carct.
1128 754 1142 783 »
1156 735 1197 789 Ac
1211 748 1330 790 rursus:
1349 755 1360 784 ι
1377 734 1499 805 objicies
1512 734 1585 791 3131
1598 734 1672 792 11133
1698 738 1856 807 333333331-

115 835 183 878 nam
202 821 340 891 cuiqnam
365 819 433 874 31311
456 818 597 875 13333113
620 817 722 890 indigi,
749 818 864 875 nullum
888 833 960 889 prte-
1017 829 1078 878 tum
1094 822 1125 878 B.
1141 823 1296 893 Augustini
1311 823 1431 890 dictum,
1447 825 1525 894 quod
1538 824 1741 881 [leus-unllam
1756 839 1855 895 333333

115 910 207 969 3133
223 909 364 965 13333113
384 908 457 964 3331.
482 907 615 963 Meritum
633 915 731 964 33133
756 922 847 977 poenae
866 921 962 978 33333-
1016 908 1154 977 3313333
1184 907 1251 962 31311
1275 906 1418 964 13333113
1441 907 1546 979 inlligi,
1568 908 1685 965 nullum
1711 911 1857 980 praemium

115 993 190 1069 133,
205 1005 232 1055 31
243 999 381 1055 3331133
396 996 506 1067 praemii
530 1004 606 1053 recte
630 996 737 1052 133133
755 1003 807 1052 331.
831 997 962 1066 1133333
1015 994 1159 1052 13333113
1174 996 1247 1063 3331,
1265 995 1293 1050 13
1308 995 1437 1052 33133111
1453 997 1506 1066 331
1521 1011 1579 1053 333
1603 999 1714 1055 meruit
1739 1007 1791 1056 331
1810 1014 1858 1070 pe

113 1096 209 1145 catum
238 1094 288 1142 aut
314 1093 390 1141 recte
418 1086 524 1141 iactum
550 1084 686 1154 imputari
715 1086 854 1155 cuiquam
882 1093 960 1142 33313
1014 1091 1149 1141 333331
1164 1083 1316 1154 praemium
1342 1084 1476 1141 conferri.
1494 1086 1576 1150 Quod
1597 1088 1718 1157 quidem
1744 1102 1802 1145 uon
1819 1104 1857 1146 so-

114 1183 216 1248 potest,
238 1176 289 1246 qui
304 1173 377 1230 nibil
393 1174 510 1244 propria
529 1173 627 1230 lecerit
648 1172 806 1230 voluntate.
828 1175 878 1230 Est
892 1188 960 1246 ergo
1013 1170 1075 1229 lum
1099 1172 1129 1227 iu
1154 1171 1285 1243 parvulis
1310 1181 1368 1229 tam
1393 1182 1510 1244 propter
1544 1174 1685 1246 originale
1714 1185 1857 1247 33333133

113 1273 141 1322 31
157 1273 305 1336 33333133
320 1271 347 1320 31
363 1271 439 1320 33313
454 1263 561 1320 133133
578 1263 608 1318 13
623 1261 711 1319 113333
735 1262 893 1320 3313313113
915 1276 960 1319 ar·
1014 1261 1160 1318 damnatis
1174 1274 1264 1332 quam
1280 1275 1331 1331 per
1344 1261 1434 1318 solam
1456 1262 1578 1334 gratiam
1605 1263 1794 1335 baptismatis
1808 1268 1857 1324 sal·

112 1355 208 1412 bitrio.
228 1376 239 1405 ι
1012 1348 1087 1406 33113
1103 1350 1327 1419 reprehensibile
1341 1351 1467 1418 3133133,
1482 1365 1586 1408 33333
1602 1354 1691 1409 31133
1716 1355 1748 1411 in
1765 1355 1856 1425 313313

148 1443 264 1500 Boetius
291 1450 387 1498 autem
417 1440 466 1497 lib.
489 1456 519 1497 ιιι
542 1441 675 1497 editionis
697 1440 829 1498 secundae
854 1442 884 1497 in
908 1442 958 1498 Pe·
1014 1454 1071 1511 que
1086 1439 1161 1507 31113,
1175 1439 1292 1496 3133113
1314 1440 1365 1495 133
1384 1449 1573 1510 3333333331
1596 1442 1752 1513 11133333
1767 1446 1856 1501 bouri-

112 1531 312 1600 ribermenies,
338 1530 407 1602 quid
432 1531 467 1586 sit
499 1529 621 1585 liberum
643 1529 778 1585 arbitrim
807 1527 1405 1636 33133313333333333311,33311311313
1425 1543 1499 1586 33333
1520 1529 1605 1598 lacto,
1627 1545 1687 1587 uon
1712 1539 1747 1589 111
1761 1534 1857 1590 311113

112 1621 253 1693 33331333,
270 1621 327 1676 ait:
343 1643 357 1670 «
381 1620 438 1676 Nos
460 1618 537 1675 euim
561 1618 685 1675 liberum
699 1616 851 1674 arbitrium
875 1617 957 1687 poni·
1013 1619 1120 1685 miuus,
1144 1618 1215 1688 quia
1236 1618 1295 1687 ipse
1320 1624 1462 1687 peccasset
1485 1625 1536 1675 aut
1558 1627 1693 1689 parentes
1718 1621 1793 1692 3133,
1813 1625 1856 1681 333

112 1724 177 1767 333
192 1710 273 1766 33113
287 1709 467 1764 extrinsecus
481 1715 600 1778 cogente
615 1707 644 1763 in
661 1707 689 1762 13
704 1707 782 1777 3333
798 1720 849 1776 333
875 1706 958 1762 33313
1012 1715 1045 1764 31
1056 1705 1311 1763 manifestarentur
1335 1720 1422 1777 opera
1444 1706 1495 1764 llei
1517 1708 1546 1763 in
1561 1707 1610 1765 1113
1626 1709 1722 1779 ilcan.
1739 1725 1781 1780 rx,
1798 1713 1856 1781 ³i·¹·

110 1798 332 1856 133133333331
357 1811 414 1854 non
435 1797 598 1853 laciendum
618 1795 817 1867 judicantibus
840 1809 959 1866 perpen-
1011 1795 1092 1862 Quod
1110 1795 1263 1866 diligenter
1281 1796 1382 1853 beatus
1396 1795 1553 1867 Gregorius
1571 1799 1738 1867 311333333,
1748 1800 1858 1859 diuersa

111 1887 306 1956 dentibusque
326 1886 459 1941 31333133
490 1885 558 1940 :.ad
586 1898 674 1956 3333
699 1898 760 1939 333
781 1891 958 1954 praesumpta
1011 1885 1233 1956 promissionum
1250 1898 1355 1957 genera
1370 1885 1421 1941 inr
1443 1883 1597 1956 distinguit
1612 1884 1858 1952 113331133033

110 1977 192 2047 prius
205 1975 369 2047 cognitione
383 1973 586 2046 perficiendam
606 1981 634 2030 31
648 1964 790 2044 agendam
812 1972 955 2041 venimus,
1010 1973 1096 2029 etiam
1117 1973 1225 2029 nesciat
1250 1973 1339 2027 113113
1367 1985 1425 2028 1133
1444 1971 1537 2028 33133
1553 1971 1735 2042 3333111333,
1759 1986 1857 2030 rernm

110 2066 184 2122 3113
204 2064 281 2136 quod
298 2064 335 2120 sit
349 2077 386 2119 ex
401 2063 485 2119 nobis
499 2069 645 2118 31333133
658 2061 833 2132 principium
848 2061 957 2131 1331313
1010 2070 1037 2117 31
1050 2062 1152 2133 133333
1168 2068 1200 2117 31
1220 2060 1346 2116 13131313
1367 2061 1473 2116 3331313
1495 2075 1554 2117 333
1579 2061 1745 2118 33333333
1761 2063 1858 2120 merita

110 2160 216 2218 sumat,
232 2153 312 2209 nullo
327 2152 506 2208 extrinsecus
530 2158 580 2208 331
603 2151 742 2208 violenter
765 2157 884 2222 cogente
905 2157 956 2206 aut
1009 2151 1200 2208 eorumbene
1221 2150 1416 2207 retribuamus
1440 2164 1490 2219 pro
1515 2149 1609 2216 33113,
1634 2158 1662 2206 31
1686 2165 1741 2208 nos
1766 2165 1784 2207 a
1806 2153 1859 2209 beo

109 2241 290 2312 impediente.
307 2261 321 2290 n
336 2242 406 2297 1133
424 2257 431 2294 :
448 2258 462 2292 1
477 2240 534 2296 1133
547 2247 643 2296 33133
660 2240 784 2296 liberum
798 2239 956 2295 voluntatis
1010 2252 1061 2309 per
1083 2239 1217 2310 gratiam,
1242 2252 1317 2308 qnae,
1342 2250 1395 2292 nos
1417 2237 1556 2307 praevenit
1584 2238 1629 2294 331
1653 2238 1856 2311 subsequitur,

75 2346 87 2360 ·
110 2329 263 2385 arbitrium
280 2344 337 2385 nou
353 2329 379 2384 id
392 2328 515 2385 dicimus
530 2328 607 2399 quod
623 2329 747 2398 quisque
761 2326 894 2396 33133311,
906 2328 956 2383 333
1008 2328 1102 2383 33113
1117 2326 1256 2395 33113333,
1277 2340 1335 2382 333
1358 2340 1411 2396 333
1433 2328 1545 2382 333113.
1573 2327 1655 2383 Unde
1678 2328 1855 2398 Apostolus:

109 2418 187 2490 quod
216 2418 340 2488 quisque
366 2417 475 2488 1331313
501 2424 529 2472 31
556 2417 772 2472 examinatione
796 2415 953 2487 collegerit.
1008 2416 1148 2472 81331333
1173 2432 1206 2470 33
1230 2415 1439 2486 3333133333
1463 2431 1517 2471 noc
1539 2431 1573 2471 ec
1597 2418 1856 2485 33311331133313

108 2507 246 2579 Alioquin
265 2506 357 2563 multa
372 2519 489 2576 quoque
505 2505 643 2561 animalia
657 2504 806 2561 habebunt
829 2504 954 2561 liberum
1008 2507 1102 2573 333113
1112 2505 1173 2574 jam
1188 2519 1242 2559 nort
1268 2507 1413 2572 3313313113
1432 2504 1520 2575 (Rom.
1543 2521 1582 2570 11,
1597 2505 1635 2577 6).
1659 2505 1740 2572 Quid
1765 2507 1856 2579 itaque

106 2595 267 2653 uoluntatis
283 2595 446 2652 arbitrium.
458 2594 510 2650 1113
520 2594 597 2650 3313
608 2594 741 2649 3133333
754 2600 855 2664 333313
869 2608 953 2665 quae·
1007 2593 1079 2649 illud
1096 2593 1258 2664 Augustini
1271 2591 1341 2649 uelit
1355 2593 1434 2663 quod
1449 2593 1541 2663 33133
1565 2595 1722 2664 33331333
1737 2603 1767 2654 31
1782 2603 1854 2667 post·

108 2685 175 2741 dam
193 2685 335 2757 reingere,
357 2683 532 2754 quibusdam
550 2691 649 2752 sponte
668 2696 850 2739 concurrere.
872 2683 954 2747 Quod
1007 2684 1125 2739 modum
1146 2680 1345 2752 opposuimus,
1369 2682 1525 2739 Dominum
1546 2682 1681 2741 videlicet
1707 2684 1783 2742 nulli
1807 2686 1854 2742 irn-

106 2771 752 2845 31331133113313331113113113333313113331
774 2771 885 2828 33311311
898 2785 952 2828 vo·
1006 2772 1109 2829 merito
1129 2779 1179 2827 aut
1204 2785 1321 2844 313333
1347 2771 1458 2840 1313331,
1483 2778 1534 2828 331
1554 2773 1711 2842 praemium
1737 2774 1855 2832 33313131

105 2863 376 2933 333313133333133,
392 2876 451 2918 333
472 2862 636 2918 33133333
656 2868 728 2918 33331
752 2861 888 2929 11331313,
902 2860 952 2917 sed
969 2870 991 2927 c
1006 2861 1179 2930 permittere,
1200 2874 1259 2915 uon
1284 2858 1367 2915 lacile
1389 2859 1502 2916 absolvi
1523 2875 1607 2931 posse
1631 2862 1808 2932 31333,3131
1829 2862 1855 2920 in

104 2960 274 3009 3331333333
296 2965 414 3022 333333
440 2949 620 3017 331331133,
643 2949 751 3020 331333
773 2949 849 3005 11333
869 2948 953 3005 113331
1006 2949 1109 3006 33313
1125 2948 1281 3020 3333333
1298 2956 1440 3017 notemus,
1463 2950 1542 3020 quod
1564 2964 1630 3006 cum
1647 2950 1759 3008 dixerit
1774 2952 1852 3019 11333

105 3041 398 3110 333113113313313133
425 3039 603 3109 3333333313
624 3038 751 3094 nesciat?
774 3037 827 3094 833
838 3043 892 3093 ‘est
917 3037 952 3093 li·
1007 3037 1545 3109 3331311133133,3131331133133131
1568 3052 1627 3096 non
1651 3039 1681 3096 id
1704 3042 1852 3098 11331333

105 3128 207 3187 33333
221 3128 388 3192 333113133,
405 3127 482 3196 3333
506 3126 569 3197 1333
595 3141 712 3196 333333
727 3127 869 3183 33333313
884 3141 950 3197 pro·
1006 3142 1042 3184 ex
1063 3126 1175 3197 justitia
1197 3127 1360 3197 permittere
1376 3127 1453 3198 quod
1476 3135 1572 3185 tamen
1592 3128 1696 3199 aliqua
1712 3130 1852 3201 permittat

104 3217 187 3282 dunt,
213 3215 337 3272 liberum
359 3215 442 3270 nobis
468 3214 503 3269 de
526 3214 675 3270 voluntate
697 3213 851 3285 judicium.
876 3214 951 3281 Quo·
1005 3216 1228 3286 dispensatione,
1253 3217 1561 3274 331333333333113
1584 3219 1738 3276 3333113113
1762 3221 1850 3292 potius

104 3304 272 3374 1133333333
294 3303 372 3360 3313
396 3304 615 3375 imaginationes
639 3302 736 3359 animo
759 3311 949 3372 concurrunt,
1005 3304 1172 3376 1133113331,
1189 3319 1278 3376 quam
1298 3319 1334 3361 ex
1361 3306 1497 3376 aequitate
1516 3306 1645 3378 justitiae.
1672 3307 1725 3363 1131
1750 3310 1849 3380 qnippe

102 3399 130 3448 31
144 3391 321 3448 voluntatem
339 3390 529 3459 1311331333
546 3391 619 3447 33113
637 3391 798 3461 perpendit,
814 3399 841 3447 et
855 3392 890 3448 33
905 3391 950 3447 313
1001 3392 1116 3465 13311113
1132 3409 1198 3465 quae
1214 3395 1307 3452 reddit
1323 3395 1483 3465 unicuique
1505 3395 1583 3466 quod
1607 3410 1699 3453 sunm
1720 3404 1775 3466 est,
1800 3412 1848 3455 non

100 3480 221 3553 1331331,
238 3489 266 3538 31
282 3482 360 3552 3333
376 3480 400 3537 31
417 3480 521 3537 331133
535 3481 653 3537 uidetur
667 3494 733 3536 cum
749 3480 869 3537 arbitrio
884 3494 948 3551 per·
1003 3483 1158 3554 plusquam
1184 3484 1261 3555 quod
1287 3497 1373 3540 suum
1398 3491 1450 3551 est,
1475 3492 1525 3540 331
1546 3484 1655 3552 31333,
1683 3485 1739 3542 333
1765 3495 1808 3544 est
1826 3486 1849 3543 itl

102 3569 275 3640 3333331131
294 3569 470 3641 judicatione
485 3568 642 3640 collegerit,
666 3569 744 3625 13311.
768 3573 863 3640 Atque
887 3569 950 3626 ideo
1004 3568 1276 3638 133111333331113
1294 3567 1341 3623 cui
1354 3568 1486 3625 redditur
1501 3570 1616 3627 meruit.
1640 3570 1670 3627 81
1688 3572 1847 3643 33133133

102 3658 237 3729 quaedam
261 3657 357 3716 331313
388 3665 416 3714 31
443 3658 564 3728 3333133
593 3657 726 3715 utilitatis
758 3657 949 3714 monstrantia
1003 3656 1848 3730 311331313333313331333133331113333311,3111131

100 3748 274 3818 spernimus,
301 3747 435 3818 quaedam
468 3760 567 3803 amara
593 3747 659 3803 licet
686 3745 826 3817 nolentes,
852 3753 949 3802 lamen
1002 3758 1060 3801 nus
1075 3744 1188 3816 infligat
1201 3745 1393 3817 3311333113
1408 3746 1436 3803 id
1450 3749 1598 3818 331331133
1612 3761 1704 3819 quam
1721 3750 1846 3821 13311113.

100 3835 211 3893 13311133
229 3836 405 3894 sustinemus
430 3851 436 3892 :
461 3836 531 3892 adeo
546 3850 605 3892 non
628 3835 657 3891 iu
673 3835 832 3905 voluntate,
848 3835 896 3891 sed
917 3835 948 3890 in
1003 3834 1084 3889 81331
1107 3847 1123 3889 3
1146 3849 1284 3891 33333333
1308 3834 1477 3906 13133113113
1496 3850 1557 3893 esse
1583 3837 1711 3908 3133133,
1741 3840 1768 3896 31
1791 3840 1849 3913 quis

97 3923 280 3996 iudicatione
310 3924 469 3983 3313313113
500 3925 623 3982 1133333
645 3931 755 3983 3333131
781 3923 946 3992 arbitrium,
1002 3922 1090 3980 alicui
1114 3923 1211 3980 miuus
1234 3924 1303 3979 boni
1331 3924 1469 3996 33313331,
1492 3926 1627 3999 3313133
1650 3929 1722 3985 3311
1755 3930 1850 3988 reddat

99 4021 127 4070 et
149 4028 208 4071 uon
224 4014 255 4070 in
276 4013 495 4084 imaginatione,
509 4013 557 4069 sed
572 4013 601 4069 in
617 4013 708 4083 ipsius
733 4011 948 4084 imaginationis
1002 4025 1092 4081 quam
1106 4010 1153 4068 ille
1168 4014 1283 4069 meruit.

99 4103 289 4181 propensione
334 4102 473 4158 consistit.
515 4102 609 4173 Atque
650 4101 714 4159 1333
749 4100 986 4213 quarumdamn
1039 4102 1072 4156 Ut
1087 4115 1155 4173 ergo
1172 4101 1208 4156 ad
1223 4101 1401 4172 3333331133
1415 4110 1734 4177 3333313333,333313
1747 4115 1792 4166 331
1807 4106 1849 4165 1113

98 4191 246 4247 actionum
271 4204 324 4247 uos
347 4190 400 4261 ipsi
424 4189 565 4260 principia
587 4204 645 4245 non
668 4205 805 4262 33333333
833 4203 946 4248 sumus.
1002 4190 1354 4258 3333311133331133333,
1371 4206 1460 4263 quarn
1484 4194 1560 4251 Deus
1574 4193 1604 4250 iu
1620 4196 1756 4264 parvulis
1770 4211 1847 4256 exer·

98 4280 156 4335 1133
168 4286 210 4335 331
222 4279 299 4336 3313
316 4279 357 4335 311
371 4279 494 4344 3311333,
506 4278 548 4335 311
561 4277 750 4349 iudicatione.
770 4300 785 4330 a
1001 4292 1065 4336 cere
1079 4279 1206 4350 ridetur,
1229 4287 1261 4336 ut
1276 4280 1408 4339 videlicet
1432 4296 1500 4338 curn
1514 4282 1630 4340 nullum
1646 4284 1782 4344 inveniat
1796 4300 1849 4344 me·

132 4369 177 4425 Ex
192 4367 238 4425 his
262 4367 362 4439 itaque
384 4367 480 4424 verbis
503 4367 592 4424 Boetii
618 4375 706 4438 33131,
729 4368 851 4424 1133333
868 4368 946 4424 arbi·
1000 4367 1101 4435 ritum,
1124 4367 1325 4439 gravissimam
1349 4378 1445 4427 tamen
1466 4371 1617 4429 infernalis
1640 4372 1772 4433 incendii
1793 4390 1848 4448 33-

97 4460 185 4517 13133
201 4458 276 4516 31311
291 4456 372 4515 31133
388 4472 448 4514 3333
462 4471 552 4530 3333
570 4457 662 4528 13333
676 4457 765 4513 33131
780 4456 946 4514 1333113133
1000 4469 1069 4511 333
1086 4456 1215 4513 13333111
1230 4458 1304 4514 Hinc
1318 4459 1393 4515 euim
1410 4460 1481 4517 illud
1501 4469 1543 4518 est
1557 4462 1716 4535 Augustini
1731 4464 1765 4522 in
1780 4465 1849 4522 libro

98 4547 276 4605 deliberandi
292 4561 326 4602 ac
349 4547 528 4619 dijudicandi
548 4546 576 4604 id
599 4547 677 4618 quod
696 4547 884 4616 miltiadem,
909 4561 946 4603 an
1000 4544 1039 4600 De
1053 4544 1108 4601 1133
1127 4545 1163 4602 33
1185 4548 1299 4604 Petrum
1318 4562 1354 4604 :‹
1378 4549 1557 4607 Firmissime
1572 4559 1648 4622 tene,
1674 4559 1703 4610 et
1722 4554 1849 4612 nullate·

96 4637 203 4695 scilicet
219 4638 255 4694 sit
269 4636 443 4704 iaciendum,
460 4649 497 4692 an
512 4650 582 4705 uon,
601 4635 680 4707 3333
692 4634 810 4707 elegerit
824 4649 946 4707 sequen·
999 4648 1058 4690 nus
1072 4634 1186 4691 dubites
1199 4650 1257 4693 nou
1271 4636 1365 4692 solum
1379 4638 1511 4695 bomines
1521 4639 1582 4710 133
1597 4641 1709 4699 3311333
1725 4651 1848 4709 3133133,

95 4727 176 4785 333.
193 4727 274 4785 Unde
289 4733 316 4782 et
335 4727 388 4797 qui
411 4725 485 4782 nilril
510 4733 577 4782 3313
598 4724 746 4793 331133331,
763 4725 834 4796 3313
849 4733 944 4781 133311
998 4722 1203 4779 verumetiam
1224 4724 1373 4794 33333133,
1398 4727 1450 4798 331
1474 4727 1583 4784 sivein
1607 4731 1699 4786 313313
1720 4740 1849 4789 matrum

95 4816 131 4873 33
146 4815 367 4873 331133333333
382 4821 468 4885 33133
482 4821 535 4881 est,
551 4814 642 4871 libero
655 4828 713 4871 nou
726 4823 804 4871 caret
814 4813 943 4870 arbitrio.
998 4811 1096 4868 313333
1111 4811 1257 4883 133131331
1271 4822 1298 4871 31
1314 4814 1352 4869 131
1365 4815 1542 4884 333133133,
1558 4818 1619 4875 3133
1631 4819 1692 4890 133
1712 4820 1776 4877 3311
1791 4821 1850 4877 3133

95 4903 188 4972 Quam
201 4904 319 4978 quidem
334 4904 500 4962 1333113133
515 4917 599 4960 3333
622 4903 684 4959 3331
699 4903 800 4974 capitis
815 4903 944 4973 33333113
998 4910 1178 4960 3333333313
1197 4902 1386 4974 33311333113,
1404 4905 1481 4975 3333
1500 4907 1632 4964 daturin
1655 4909 1777 4967 nomine
1801 4911 1850 4966 Pa·

93 4994 192 5053 deesse
214 4993 402 5063 contradicet,
431 4993 492 5049 sive
516 4990 632 5048 luriosis
655 4997 706 5047 331
732 4999 828 5047 33313
842 4991 942 5061 333113,
997 4992 1050 5047 1313
1064 4998 1092 5048 et
1103 4991 1165 5047 Filii
1180 5000 1208 5048 31
1223 4992 1346 5062 83131133
1364 4995 1468 5064 sancti,
1492 4994 1526 5052 de
1551 4996 1605 5053 hoc
1632 5000 1740 5055 3133313
1756 5007 1850 5056 trans·

94 5084 146 5157 qui
174 5083 357 5142 discretionis
378 5081 521 5154 13313133
542 5095 601 5137 333
628 5080 745 5149 333331,
771 5094 823 5137 1133
846 5080 876 5136 13
899 5079 944 5137 313
998 5089 1078 5144 3331,
1095 5080 1171 5152 ignis
1185 5083 1284 5140 aeterni
1307 5085 1448 5155 supplicio
1471 5086 1646 5156 sempiterno
1671 5086 1844 5158 puniendos.

93 5174 145 5246 qui
160 5179 253 5246 agunt
271 5171 333 5227 sola
345 5171 505 5239 uoluntate,
523 5169 570 5228 331
590 5171 700 5241 133313
712 5170 816 5227 333113
831 5169 940 5243 agitati,
996 5169 1069 5238 Quia
1088 5171 1152 5228 etsi
1168 5179 1316 5243 peccatum
1334 5175 1456 5245 propriae
1469 5174 1590 5232 33113313
1604 5174 1722 5234 331133
1736 5177 1849 5236 babue-

92 5275 153 5320 uon
176 5261 275 5334 aliqua
299 5260 505 5318 deliberatione
538 5259 628 5317 33131
660 5259 805 5328 commoti,
830 5260 942 5332 aliquid
996 5267 1077 5330 runt,
1101 5260 1251 5333 originalis
1281 5269 1377 5321 tamen
1405 5264 1514 5335 3333311
1543 5264 1762 5325 damnationem
1787 5280 1847 5325 car·

91 5347 943 5421 333333333331331133331331313333313333113333
995 5348 1055 5407 nali
1088 5351 1273 5422 conceptione
1302 5352 1847 5431 313311311313133133331.113113313

90 5438 205 5513 legibus
218 5438 306 5497 etiarn
323 5437 476 5496 bominum
494 5437 665 5510 3331333331,
690 5437 788 5496 31331
809 5437 939 5498 humano
995 5437 1179 5511 3113133333
1202 5430 1333 5502 homines
1355 5441 1576 5518 iniquissimum
1594 5443 1791 5517 iudicaretur,
1821 5447 1846 5506 si
