3804 5962
68 104 102 153 iit
554 92 712 151 bisseni.
736 91 782 150 bu
802 92 883 153 i'lrh
901 94 946 154 ΕΤ
964 92 1120 154 scottiis
1138 94 1335 153 subtiliat.
1786 98 1822 153 00

66 224 223 287 homonem
249 218 410 276 collationes
435 217 496 275 duis
515 232 522 274 :
544 219 636 288 prima
662 218 770 274 collatio
814 218 913 276 hiloso·
929 221 954 276 Α
970 222 1079 276 nissimi·
1094 223 1363 291 comministrante
1397 224 1519 276 rmantes
1534 219 1645 290 quidem
1660 218 1822 291 dehiscat

64 294 109 363 pti
142 308 209 347 ctini
242 290 348 357 ludeo,
382 289 503 345 secunda
536 288 645 344 milatio
666 290 816 360 plilosopi
855 307 916 347 cum
970 293 1009 347 od
1035 292 1116 363 tidem
1131 308 1186 347 nort
1212 294 1354 363 pertinent
1389 293 1526 348 hristiano
1542 295 1661 346 tractare
1687 306 1742 347 non
1756 293 1819 348 lice·

63 364 248 420 Christiano.
273 362 394 427 ibidem,
421 374 502 417 num.
526 361 608 427 itii,
632 362 660 415 in
681 361 828 418 codicibus
848 377 914 419 iuss.
970 380 1010 431 re,
1030 372 1084 419 etc.

63 435 182 490 iboniae
206 432 331 489 basiavit
354 433 383 488 in
408 431 526 502 collegio
551 430 718 502 Reginensi,
741 433 838 489 codice
870 437 916 503 to,
1007 434 1064 490 iol.
1084 436 1157 501 ιιι,
1187 433 1304 505 explicit
1327 434 1439 504 primus
1454 432 1721 504 hypotheticorum,⁸
1748 432 1821 492 incl·

63 507 134 562 Petri
160 503 309 561 Abaelordi
333 503 495 561 collationes
520 502 596 557 dua:
628 509 655 557 ιο
677 503 835 575 Philosophi
856 520 917 559 oum
971 506 1012 576 pit
1040 506 1186 562 sccundus
1204 522 1211 559 i
1232 506 1358 561 Omnium
1391 510 1481 561 autem
1503 505 1744 577 hypotheticarum
1754 520 1822 577 pro·

60 577 173 641 luizo,
194 579 226 630 ιο
245 574 403 645 Philosophi
421 589 480 628 eain
499 574 666 631 christiano.
688 576 767 630 luter
784 589 852 631 mss.
872 590 918 632 co·
969 578 1137 646 positionum
1158 582 1260 631 natura
1289 577 1437 646 dilipenter
1454 581 1640 649 pertractata,
1666 576 1705 632 ad
1724 590 1821 633 earnm

60 648 135 704 dicos
157 646 350 703 ecclesiarum
376 643 487 715 anglia
507 644 718 701 cathedralium
744 652 773 702 et
791 646 916 703 aliarum
970 647 1335 715 sptlopismasaiscedamas,
1350 656 1402 704 ate.

60 718 222 775 celebrium
237 716 476 774 bibliothecarum
489 728 570 772 uum.
582 716 652 771 6086
662 723 690 772 ιι
709 717 790 782 boot,
801 718 832 775 in
847 731 914 773 mss.
1021 719 1080 774 llol.
1104 720 1164 773 lili.
1191 721 1268 775 Petri
1300 718 1443 774 hbaehrdi
1479 718 1608 775 Palatini
1642 720 1820 790 Peripatetici

59 789 211 846 codicibus
236 788 353 845 'thomae
372 785 470 851 Galaei,
487 785 634 843 codicibus
652 788 705 840 tot
717 793 745 844 ιι
762 790 815 843 aba
836 789 917 844 Patri
969 788 1182 861 analyticorum
1196 791 1378 858 posteriorum
1406 790 1552 847 secundus
1577 790 1649 847 liber
1675 790 1817 860 explialt3

59 860 208 915 ,abelardi
235 858 418 924 collationes,
444 859 518 912 Petri
538 857 682 914 Abaelordi
708 858 818 923 Ethica,
849 873 917 917 rara
968 862 1044 916 Petri
1074 858 1217 914 ethelardi
1249 862 1371 916 Palatini
1405 862 1581 933 Peripatetici
1609 864 1648 917 lle
1672 860 1820 917 dionioni·

59 932 180 1001 scripta,
195 943 352 1002 uunquam
368 929 516 997 impressa.
531 928 565 984 ιιι
581 928 780 985 ιιιιι.ιιιιιι.
793 932 872 999 ιιιοθ,
885 932 916 987 ιι
970 931 1043 987 bus:
1070 931 1218 986 biiiidendi
1238 946 1286 985 sea
1312 931 1472 1000 diffiniendi
1514 934 1620 988 critiam
1649 946 1703 987 nou
1732 933 1820 988 solnm

59 1017 124 1059 mss.
142 1001 446 1058 codicibuslacobaeae
461 999 650 1063 bibliotheca,
661 999 822 1057 codiceloi
835 1003 917 1057 Petri
967 1003 1030 1072 ipsa
1044 1002 1174 1057 doctrina
1188 1005 1334 1057 necessitas
1356 1018 1474 1057 commen
1496 1007 1534 1057 at.

58 1073 206 1129 lictardi·
225 1073 271 1129 sie
287 1077 312 1126 et
331 1087 396 1131 non,
412 1070 490 1126 deest
501 1077 600 1125 autem
616 1071 661 1127 Sia
679 1069 805 1129 initium.
824 1074 916 1142 Eius·
1005 1072 1064 1129 Pol.
1084 1073 1143 1128 lii.
1160 1072 1295 1144 Ejusdem
1306 1076 1344 1129 be
1355 1073 1584 1142 diffinitionibus:
1604 1074 1742 1129 lloctenus
1756 1076 1819 1145 piti-

58 1145 115 1199 deae
130 1144 267 1212 dialopits
281 1145 353 1197 inter
380 1141 607 1198 Christianumel
632 1142 836 1212 Philosophum,
868 1158 917 1200 cu·
969 1144 1077 1200 demde
1099 1143 1280 1199 divisionibus
1308 1150 1455 1199 tractatum
1478 1144 1645 1207 habuimus,
1663 1145 1698 1200 de
1719 1145 1820 1216 petoni

56 1216 100 1286 jus
125 1215 252 1271 initium
271 1213 357 1270 deest.
385 1212 504 1269 ibidem.
530 1225 612 1267 num.
629 1214 708 1277 ator,
735 1216 763 1268 in
780 1228 848 1270 mss.
864 1229 916 1271 co·
970 1218 1039 1270 sotis
1066 1220 1106 1269 est
1120 1215 1299 1285 disputassc,·
1313 1230 1385 1270 nunc
1406 1231 1470 1270 aero
1484 1230 1649 1284 consequens
1672 1220 1713 1271 est
1737 1215 1819 1272 ntod

58 1286 175 1343 dicibus
198 1285 339 1341 lambere
362 1283 542 1340 bibliothecae
563 1282 637 1351 ias,
662 1283 792 1351 Eiusdem
819 1287 915 1341 lilaci-
970 1286 1142 1355 definitiones
1167 1302 1215 1341 nos
1236 1291 1433 1353 convertamus,
1458 1288 1524 1357 quia
1546 1289 1617 1341 sicut
1641 1285 1744 1343 dictum
1766 1290 1817 1357 est,

59 1357 168 1423 dmias,
185 1357 257 1412 ιιι-8.
275 1357 352 1412 luter
368 1368 436 1411 mss.
460 1355 572 1412 codices
590 1354 778 1412 ecclesiarum
798 1370 915 1413 earum·
970 1357 1200 1412 indivisionibus
1216 1363 1376 1412 nascantur.

59 1429 119 1485 dem
137 1428 320 1485 numiam
341 1440 409 1482 mss.
426 1424 574 1481 codicibus
596 1425 721 1481 ecciesiae
744 1426 841 1484 Sancti
872 1429 916 1483 Pa
1005 1429 1037 1484 ln
1060 1428 1233 1485 bibliotheca
1253 1430 1331 1500 regia
1357 1427 1453 1485 codiee
1475 1441 1529 1483 ms.
1555 1427 1649 1492 sithi
1675 1426 1724 1483 tol.
1754 1427 1816 1497 los,

60 1500 92 1555 tri
108 1507 205 1555 metro
229 1498 346 1555 olitanae
369 1496 567 1562 Poctanensis,
588 1496 684 1552 codice
707 1498 751 1564 ιι,
768 1511 850 1554 nam.
872 1501 914 1567 ib,
933 1515 953 1568 Β
972 1500 1047 1553 Petri
1072 1499 1215 1554 abaelardi
1240 1515 1321 1568 saper
1342 1499 1440 1568 Topica
1466 1499 1567 1555 dlassa
1596 1497 1653 1554 inci
1676 1497 1750 1554 lunt.
1774 1497 1820 1555 Sic

59 1573 153 1627 Pristis
177 1513 483 1626 ,sialandensem
504 1570 726 1650 essentialleiet
750 1568 848 1638 denda
870 1585 915 1624 cn·
972 1578 1098 1627 autem:
1133 1572 1294 1641 Topicoram
1317 1574 1432 1626 interitio
1464 1575 1528 1639 est,
1554 1571 1625 1624 sicul
1649 1510 1759 1625 Boetius
1789 1572 1819 1624 in

61 1643 176 1712 tholica3
199 1656 294 1697 num.
323 1643 375 1705 ll,
406 1641 504 1695 Peliiis
535 1640 733 1708 Peripateticus
761 1639 794 1694 de
817 1641 915 1695 Sacra·
971 1643 1195 1711 carnequcntibus
1219 1641 1344 1696 dicturus
1370 1647 1419 1703 cst,
1444 1643 1500 1695 aim
1518 1641 1650 1696 similium
1672 1654 1817 1709 arcumen·

58 1720 143 1768 mento
169 1713 284 1766 altaris.
305 1710 416 1768 ibidem
430 1724 512 1767 uum.
535 1709 606 1764 olai
631 1709 661 1764 in
683 1723 750 1766 mss.
767 1710 916 1768 codicibus
972 1717 1069 1775 torum,
1094 1713 1124 1765 id
1147 1717 1186 1767 est
1208 1712 1394 1782 probabilium
1412 1713 1519 1781 copiam
1541 1712 1737 1777 demonstrare,
1762 1718 1817 1768 etc.

58 1792 80 1839 ct
100 1784 326 1855 Epistoloeejns.
353 1780 631 1837 inenodabilis
660 1779 691 1836 iti
715 1794 785 1837 mss.
810 1782 916 1840 codici·
1008 1784 1039 1838 ln
1071 1783 1245 1839 bibliotheca
1276 1784 1446 1840 Floriacensi
1475 1782 1570 1838 littera
1607 1784 1640 1836 h.
1669 1782 1696 1850 4,
1725 1786 1819 1840 exstat

58 1857 108 1912 bus
135 1855 257 1911 hienrici
284 1855 342 1910 Lau
367 1851 411 1922 ley
432 1852 547 1922 equitis,
570 1851 668 1908 codice
693 1855 715 1916 ι,
741 1854 816 1907 Petri
837 1853 916 1910 Aba·
970 1854 1070 1922 loaica
1085 1854 1321 1921 Petrihbalardi,
1340 1868 1399 1910 una
1411 1867 1477 1910 cum
1489 1853 1593 1924 logica
1605 1851 1728 1909 llabani.

58 1929 127 1982 lardi
145 1928 281 1982 tiocli-ina
301 1925 330 1981 in
346 1867 397 1979 iol.
422 1923 552 1994 benique
566 1922 595 1977 ιι
620 1920 789 1979 Calloniana
808 1923 915 1981 biblio-
1007 1925 1038 1981 ln
1064 1924 1237 1981 bibliotheca
1262 1924 1358 1981 Sancti
1388 1924 1522 1981 (ιιιιιιιι
1537 1924 1572 1979 ιιι
1587 1922 1701 1990 Pratis,
1723 1921 1819 1981 codice

58 1999 137 2055 theca
158 1997 330 2067 subeligie
350 1993 461 2051 ottonis
484 1991 636 2061 litterali,
659 1995 754 2050 codice
773 1995 814 2061 ιι,
830 2009 913 2051 num.
970 1996 1032 2062 635,
1064 1998 1140 2051 Petri
1169 1996 1311 2050 abelardi
1339 1995 1428 2050 diiiint
1459 1995 1638 2063 Peripatetici
1658 1993 1817 2049 Dialectica.

61 2074 99 2136 li,
120 2067 257 2139 Epistola
272 2066 408 2124 Bernatdi
429 2064 541 2121 abbatis
559 2064 787 2121 Ciaiaevallensis
810 2067 845 2120 ad
862 2067 914 2122 lu·
970 2066 1072 2123 Paucis
1094 2074 1191 2123 autem
1207 2075 1268 2136 post
1285 2067 1403 2123 titulum
1417 2066 1493 2121 carie
1521 2065 1615 2121 exesis
1631 2105 1638 2131 ,
1654 2066 1771 2120 intentio
1785 2064 1819 2120 de

60 2144 227 2197 nocentium
245 2153 349 2210 papam
363 2138 399 2193 da
419 2137 576 2193 heresibus
591 2135 720 2206 Magistri
743 2136 818 2192 Patri
835 2137 915 2193 hbae-
967 2140 1157 2207 propositione
1176 2140 1328 2205 caleporica
1349 2152 1406 2192 una
1430 2140 1496 2207 opta
1516 2136 1666 2202 caleporico
1692 2136 1818 2204 spllopis·

60 2212 138 2269 lardi.
175 2212 266 2267 lium.
299 2213 360 2279 lo;
387 2207 517 2277 ejusdem
545 2205 667 2276 epistola
694 2207 729 2262 de
754 2207 852 2263 eodem
878 2209 913 2264 ad
967 2223 1011 2261 mo
1026 2210 1158 2278 reputari,
1176 2216 1241 2274 etc,
1259 2208 1308 2279 qui
1336 2207 1453 2264 lorsitaa
1473 2207 1561 2263 codex
1576 2220 1643 2262 cum
1659 2205 1724 2263 aliis
1745 2219 1818 2262 cou-

61 2282 244 2344 caidinalcs:
264 2294 347 2336 num.
373 2282 417 2345 lt,
436 2279 583 2348 Responsio
598 2278 672 2331 Petri
688 2277 827 2333 abelardi
850 2295 913 2334 con·
968 2279 1057 2347 venit,
1090 2293 1143 2335 nec
1177 2279 1253 2335 enini
1280 2285 1416 2336 excutere
1453 2284 1480 2334 ot
1508 2292 1575 2334 cum
1590 2277 1654 2333 aliis
1687 2274 1819 2334 conterre

62 2361 97 2408 tro
119 2355 283 2407 calumnias
310 2351 475 2421 objectorum
502 2349 691 2402 articulorum.
734 2349 811 2405 luter
844 2364 911 2405 iuss.
968 2349 1060 2406 otium
1076 2350 1241 2406 datumcsl.

62 2426 168 2480 codices
199 2420 392 2479 ecclesiarum
416 2418 528 2491 angliae
558 2417 765 2476 cathedralium
794 2426 821 2476 et
844 2421 914 2476 alia·
1004 2422 1035 2475 lii
1053 2420 1226 2478 bibliotheca
1241 2419 1336 2476 Sancti
1353 2417 1499 2476 Michaelis
1519 2422 1548 2474 lu
1566 2416 1695 2476 Pericula
1717 2418 1817 2485 maris,

62 2509 120 2552 rum
134 2492 300 2551 celebrium
320 2492 570 2558 bibliothecarum,
593 2503 674 2546 uum.
692 2492 771 2555 acio,
789 2490 818 2546 ιι
844 2506 910 2549 mss.
968 2489 1045 2548 liitor
1061 2494 1089 2548 P.
1119 2492 1153 2547 li.
1184 2494 1228 2558 la,
1254 2493 1329 2546 Petri
1350 2489 1493 2545 hbaetardi
1516 2493 1660 2545 tractatus
1687 2488 1818 2545 deintet·

61 2566 207 2622 codicibus
231 2563 372 2621 lacobaete
397 2560 586 2624 bibliotheca,
615 2560 715 2616 codice
740 2561 802 2630 olo,
835 2563 913 2617 Petri
968 2562 1089 2618 lectibus.
1108 2562 1277 2632 lucipittlie
1306 2561 1538 2632 speculationibus
1551 2564 1654 2632 itaque,
1669 2568 1724 2618 etc.
1741 2600 1749 2628 ,
1764 2560 1816 2632 qui

60 2637 199 2692 hbaemrdi
234 2635 403 2692 Sdiolarins.
445 2630 648 2701 Relinquimus
679 2638 777 2687 autom
813 2633 913 2704 anglis
967 2633 996 2688 iii
1014 2632 1306 2704 haematitusesilt)

61 2708 271 2778 incutiendum
282 2705 353 2833 Ἓιιιιι
368 2702 460 2761 titulis
476 2701 768 2784 talibusdesignetur.
1293 2737 1410 2797 CAPUT
1439 2736 1477 2795 Η,

90 2780 128 2834 ιιι
149 2779 287 2850 philosop
311 2778 361 2833 icis
380 2775 441 2846 iam
473 2773 548 2830 Petri
569 2771 712 2829 hbaelardi
744 2772 911 2844 loquamur,
1098 2830 1103 2842 ,
1241 2828 1266 2843 ,,
1394 2828 1400 2841 ,
1480 2775 1489 2794 ·

61 2865 121 2922 quie
135 2851 243 2906 adbuc
264 2848 361 2904 omnia
382 2852 491 2901 restant
510 2852 538 2900 ct
560 2845 623 2899 visa
642 2856 659 2898 a
674 2843 756 2901 nobis
775 2853 842 2900 suut
855 2859 913 2900 ina·
928 2864 949 2920 (3
1039 2826 1161 2897 stillim
1174 2829 1247 2884 Pelii
1260 2827 1409 2896 Abaelssldb
1424 2841 1509 2899 ”iiiii
1520 2825 1558 2881 “d
1572 2829 1695 2881 mmm·

61 2923 212 2991 iuscripta
248 2918 278 2975 in
311 2916 490 2975 bibliothecis
523 2914 742 2971 Parisieusibus.
773 2914 846 2971 Nam
880 2917 910 2972 in
1001 2914 1121 2972 Nescius
1144 2930 1212 2988 crgo
1249 2930 1286 2973 uo
1310 2913 1641 2985 seretterct,Clnniaci
1669 2910 1814 2987 refugium

60 2992 210 3049 victorina
234 2989 439 3046 canonicorum
464 3001 494 3042 re
518 2985 644 3041 niarium
666 2985 724 3041 divi
743 2986 910 3058 Augustini,
967 2987 1045 3057 apud
1078 2986 1192 3044 Petrum
1221 2931 1598 3052 θιιιιιιιιιιιιιιιιιιιι,
1624 2983 1812 3042 illichicuulo

58 3066 143 3120 codex
167 3062 299 3118 eximius
314 3067 429 3117 notatus
443 3057 477 3111 ιι.
496 3001 539 3113 {h
557 3055 594 3112 ti.
618 3059 643 3122 o,
665 3057 715 3112 ubi
740 3060 837 3113 omnia
853 3059 911 3114 ιιι
987 3064 1040 3124 ost,
1062 3059 1222 3115 monachus
1236 3057 1433 3115 cluniacensis
1449 3056 1541 3137 lactus
1555 3055 1626 3136 obiit
1642 3055 1672 3111 ιι
1686 3055 1815 3127 prioratu

58 3134 261 3206 philosophica
294 3133 368 3186 Petri
401 3127 544 3185 abelardi
572 3127 695 3182 Palatini
723 3128 909 3196 Peripatetici.
967 3072 1063 3185 ginali
1080 3129 1203 3185 Marcelli
1224 3143 1313 3201 prope
1335 3128 1499 3185 cabilonem
1514 3127 1582 3209 dicti
1595 3126 1715 3192 ordinis,
1737 3139 1815 3183 anuo

58 3207 86 3262 ιι
110 3207 170 3263 boc
197 3207 298 3274 itaque
322 3217 374 3258 ms.
401 3201 496 3257 codice
515 3199 656 3267 donicalia
678 3200 745 3254 dieti
768 3199 912 3257 abelardi
969 3201 1046 3268 lili,
1062 3200 1107 3256 dic
1129 3203 1160 3253 ιι
1180 3201 1285 3271 Aprilis
1300 3241 1307 3267 ,
1322 3208 1414 3256 aetatis
1434 3200 1479 3253 ιιι.
1504 3198 1630 3254 lleloissa
1659 3211 1729 3254 reio
1751 3197 1816 3268 ojus

58 3277 155 3333 ordine
170 3276 222 3332 illo
240 3275 418 3345 procedunt:
967 3271 1034 3327 olim
1056 3271 1149 3327 amica
1163 3285 1197 3327 ac
1221 3271 1402 3341 postmodum
1427 3282 1530 3336 uxore,
1545 3270 1580 3324 ad
1595 3269 1814 3325 conversionem

86 3349 180 3418 super
212 3344 436 3418 predicamentis
464 3340 636 3408 Aristotelis,
660 3339 708 3397 iol.
734 3343 796 3397 ιιι.
825 3340 911 3398 Com·
967 3348 1029 3411 post
1054 3341 1171 3397 Petrum
1186 3343 1346 3398 venienset
1376 3340 1533 3408 abbatissa,
1549 3340 1686 3396 Paracleti
1701 3339 1731 3395 ιι
1753 3338 1816 3407 epi·

57 3418 220 3475 meutarius
243 3417 362 3485 incipit.-
380 3417 468 3471 liiiam
486 3427 550 3466 aero
565 3412 759 3466 uniuersaliter
776 3415 807 3466 in
827 3428 912 3482 peae-
966 3420 1087 3480 scopata
1112 3411 1273 3468 'tricassino
1300 3412 1472 3476 constituta,
1496 3425 1572 3466 anno
1603 3412 1678 3477 ilos,
1708 3408 1754 3466 dic
1780 3410 1815 3464 t'l

57 3492 128 3545 iilia
144 3489 371 3544 substantiarum
386 3483 563 3555 accipendum
576 3488 626 3548 cst,
641 3490 695 3539 etc.
966 3482 1032 3539 biiii
1048 3490 1162 3539 mortua
1173 3486 1225 3539 esi.
1243 3483 1353 3538 Sancta
1377 3482 1469 3552 ipsius
1484 3481 1557 3537 Patri
1580 3481 1647 3537 vitae
1677 3488 1705 3538 et
1719 3479 1816 3537 obitus

88 3562 258 3633 Ejusdem:
284 3563 323 3614 lle
343 3557 431 3613 modis
457 3554 644 3623 sipniticnndi,
669 3553 717 3609 iol.
740 3555 814 3608 lat:
842 3555 910 3608 llio·
966 3560 1066 3609 testem
1092 3553 1231 3611 babemus
1257 3554 1335 3609 omni
1349 3555 1516 3623 exceptione
1531 3552 1670 3622 maiorem
1696 3550 1813 3608 Petrum

57 3630 125 3686 latus
153 3635 288 3701 superius
310 3634 401 3684 tentiis
430 3626 468 3681 ad
489 3625 678 3679 discretionem
701 3625 910 3694 sipnificationis
965 3622 1164 3681 venerabilem
1201 3624 1459 3696 cognominatum,
1495 3623 1626 3679 abbatem
1649 3620 1813 3678 cluniacen

56 3708 195 3758 nominarii
210 3707 239 3756 et
260 3716 361 3766 raam,
378 3703 493 3754 notitias
517 3710 577 3766 quse
595 3695 703 3751 uocibus
729 3697 912 3763 denanarius·
965 3708 1035 3762 sem,
1054 3695 1083 3750 lu
1099 3695 1226 3766 Epistola
1241 3696 1277 3751 ad
1301 3694 1457 3751 llcioissam
1483 3693 1708 3751 Paracleiensom
1723 3691 1814 3750 abba·

57 3775 205 3843 litiaenier
240 3772 390 3827 secundnm
418 3768 621 3824 distinctionem
658 3768 748 3822 decem
772 3767 909 3837 predica·
965 3767 1074 3834 lissam,
1103 3765 1132 3821 in
1148 3781 1207 3836 aua
1231 3773 1384 3837 postquam
1408 3768 1499 3835 ipsum
1513 3781 1574 3820 aere
1601 3765 1704 3821 Christi
1722 3763 1813 3834 philo·

57 3852 208 3900 mentorum
223 3848 344 3913 aperuit,
359 3850 413 3898 etc.
965 3836 1080 3904 sophum
1103 3837 1238 3905 praedicat
1253 3844 1280 3891 et
1291 3836 1421 3905 extollit,
1439 3837 1493 3891 ista
1507 3835 1622 3892 subdit:
1650 3837 1711 3891 lion
1726 3835 1813 3889 recolo

89 3918 151 3973 ibid
169 3915 220 3971 lul.
246 3917 307 3981 toa,
327 3914 401 3970 Petri
421 3908 563 3966 Abalardi
587 3907 710 3965 Palatini
734 3909 911 3978 Peripatetici
965 3906 1066 3961 cidisse
1081 3923 1122 3960 me
1135 3908 1178 3961 illi
1191 3910 1220 3960 iri
1244 3907 1408 3961 humilitatis
1424 3905 1519 3959 habitu
1539 3911 1565 3958 ιι
1580 3909 1659 3972 aestu
1671 3906 1812 3970 similem,

56 3990 269 4056 analyticorum
285 3987 413 4055 priorum
439 3981 511 4038 liber
535 3980 656 4050 primus.
681 3980 804 4050 luciplt:
831 3983 911 4035 iusta
965 3982 995 4032 in
1011 3983 1163 4033 tantumut
1191 3978 1405 4033 ncctlcrmanus
1434 3976 1566 4045 abjectior
1585 3989 1633 4028 neo
1663 3974 1813 4045 ipseltar·

57 4060 187 4114 eldibila
207 4058 277 4113 serie
300 4061 390 4112 taetus
406 4054 539 4122 eaipenlc,
560 4055 623 4120 post
645 4055 792 4106 tractatum
815 4053 910 4120 sinaii-
966 4051 1040 4104 tinus
1068 4049 1133 4103 bene
1157 4048 1322 4104 discernenti
1343 4050 1494 4118 pauperior
1513 4048 1677 4116 appareret.
1694 4044 1814 4115 canone

58 4132 145 4185 larum
160 4130 324 4195 dictionum,
338 4136 393 4185 etc.
964 4123 994 4175 in
1008 4136 1107 4190 mapno
1119 4120 1167 4174 illo
1194 4121 1318 4188 fratrum
1346 4124 1501 4175 nostrorum
1515 4131 1614 4186 prope,
1631 4131 1674 4172 me
1699 4116 1814 4187 compel-

90 4203 149 4258 Fol.
179 4203 241 4263 iil,
257 4200 375 4271 explici,
397 4195 470 4254 liber
493 4193 626 4264 primum
648 4192 748 4262 incipit
763 4192 908 4250 sccundus
925 4212 947 4265 ῃ
964 4193 1043 4259 ἱιιιι,
1069 4191 1187 4261 pradum
1217 4194 1383 4261 superiorein
1408 4193 1523 4249 teneret,
1553 4189 1667 4244 ultimus
1692 4190 1812 4244 omniunt

56 4272 245 4338 eorumdem,
277 4272 329 4327 hoc
353 4276 396 4326 cst
421 4268 663 4333 Caleporicorum:
690 4265 909 4332 cateporicarum
963 4267 1063 4318 uestitu
1088 4263 1268 4318 incultissimo
1287 4261 1441 4317 uidebatur.
1471 4261 1593 4316 ltirabar
1618 4273 1690 4330 sape
1713 4264 1761 4327 et,
1783 4262 1814 4314 in

56 4347 143 4412 ipitnr
169 4347 390 4412 propositionum
412 4338 538 4410 partibus
565 4349 613 4389 scu
646 4334 773 4391 membris
809 4335 909 4406 quibus
961 4334 1181 4404 processionibus
1201 4349 1230 4388 eo
1255 4349 1296 4389 me
1318 4348 1379 4388 cum
1401 4330 1515 4396 reliquis
1542 4346 1593 4400 pro
1620 4345 1695 4385 more
1717 4342 1814 4401 priete-

57 4418 122 4485 ipsis
133 4419 339 4483 comportentur,
353 4412 498 4479 dilipeitler
506 4409 695 4478 pertractatis,
712 4415 766 4463 cto.
965 4405 1054 4473 dente,
1075 4421 1145 4475 pena
1163 4405 1316 4474 stupebam,
1345 4404 1417 4458 tanti
1442 4409 1552 4471 tamque
1573 4403 1677 4470 famosi
1694 4400 1813 4457 nominis

92 4487 151 4542 Fal.
172 4486 234 4551 ιιι,
256 4482 373 4552 explicit
393 4480 554 4543 secundus;
577 4477 678 4548 incipit
694 4479 797 4535 tertius
812 4491 818 4531 ε
834 4476 909 4542 Quo·
964 4478 1099 4531 hominem
1118 4479 1158 4531 sic
1173 4477 1292 4543 seipsum
1311 4480 1488 4538 contemnere,
1501 4474 1541 4528 sic
1554 4488 1583 4528 se
1605 4473 1724 4541 abiam
1743 4484 1812 4541 poi-

61 4560 138 4612 niant
161 4561 257 4611 autem
274 4555 493 4625 propositionum
515 4553 623 4604 natura
653 4551 683 4604 in
708 4549 751 4604 his
780 4553 907 4604 enuntia·
963 4562 1001 4602 se.
1029 4550 1062 4603 ot
1076 4551 1143 4616 pain
1156 4549 1227 4602 sicut
1251 4546 1365 4612 puidam
1392 4544 1535 4613 sclipionis
1552 4546 1735 4614 professores,
1765 4541 1815 4608 ani

57 4629 179 4684 tionibus
194 4626 373 4691 ostendimus,
392 4633 446 4682 etc.
963 4624 1054 4688 ipsum
1065 4634 1144 4685 quem
1158 4622 1258 4686 perani
1272 4617 1396 4671 habitum
1412 4616 1571 4684 relipiosnm
1592 4616 1673 4669 nimis
1697 4614 1815 4683 capiunt

89 4701 151 4757 Fal.
195 4700 254 4760 lto,
294 4699 367 4753 Petri
394 4691 536 4752 Abaloriii
578 4691 703 4748 Palatini
733 4691 910 4760 Peripatetici
964 4695 1232 4759 essesumptuosum,
1259 4693 1318 4742 erat
1343 4688 1520 4757 illaprorsus
1537 4700 1639 4757 parens
1663 4685 1771 4739 inistis
1787 4686 1815 4737 et

56 4773 220 4843 Topicoram
247 4769 376 4840 primus:
398 4769 475 4823 Sicut
497 4771 561 4821 ante
588 4763 802 4831 cateporicorum
826 4760 909 4832 spllo-
963 4761 1149 4830 cujuscunque
1168 4761 1275 4828 pmeris
1298 4759 1419 4829 simplici
1438 4761 1512 4813 ueste
1526 4761 1666 4812 actitentus
1680 4755 1753 4811 nihil
1772 4752 1814 4809 al·

53 4847 210 4911 piemorum
223 4841 452 4901 constitutionem,
473 4839 596 4906 ipsorum
615 4837 760 4889 materiam
780 4832 812 4886 in
836 4836 907 4886 cate·
964 4837 1008 4886 ιιι
1018 4832 1165 4901 querebat.
1184 4833 1238 4886 tioc
1266 4835 1291 4885 et
1318 4835 1347 4886 in
1367 4831 1436 4894 cibo,
1453 4830 1500 4883 hoc
1522 4834 1548 4883 et
1561 4829 1591 4881 in
1608 4833 1676 4897 polu
1694 4868 1701 4896 ,
1718 4826 1767 4881 hoe
1786 4829 1813 4881 et

52 4917 155 4982 noricis
170 4911 404 4982 propositionibus
418 4911 540 4979 oportuit
552 4907 788 4981 praeparariue.
962 4904 1076 4958 inomni
1101 4919 1168 4959 curo
1183 4903 1304 4971 corporis
1331 4904 1376 4956 sui
1390 4900 1525 4955 secabat.
1547 4899 1582 4952 lit
1608 4913 1663 4953 non
1678 4897 1813 4982 dicatu·

86 4987 160 5043 Fal.
193 4986 259 5048 183,
287 4982 365 5038 Petri
393 4979 533 5036 Abaiardi
565 4979 694 5036 Palatini
729 4975 909 5044 Peripatetici
959 4977 1078 5044 pertua,
1094 4974 1142 5029 sed
1156 4978 1181 5029 et
1195 4979 1292 5029 cuneta
1310 4975 1365 5026 nisi
1385 4971 1632 5026 aameneeessaria
1648 5012 1655 5037 ,
1672 4973 1729 5024 tam
1742 4981 1814 5023 inse

54 5059 222 5129 Topicorum
257 5053 329 5112 libet·
367 5051 505 5121 explicit:
542 5051 621 5107 Petri
648 5046 789 5103 ethelardi
825 5044 907 5101 Pala·
963 5061 1046 5115 quam
1060 5046 1240 5110 inomnibus,
1257 5043 1336 5099 uerbo
1349 5044 1458 5113 pariter
1478 5042 1573 5097 elcita
1588 5040 1747 5096 damnabat.
1762 5039 1812 5095 he·

52 5131 104 5184 tini
158 5127 334 5194 Peripatetici
370 5123 581 5191 Analulicorum
621 5122 804 5190 posteriorum
853 5115 910 5185 pri·
962 5118 1016 5171 clio
1030 5120 1092 5172 erat
1102 5118 1276 5183 deonlinua,
1303 5118 1390 5169 oratio
1408 5115 1550 5184 frequens,
1563 5114 1631 5182 inps
1645 5112 1810 5178 silentium,

52 5213 148 5257 mus:
193 5199 297 5252 Nonam
327 5195 509 5251 accusationis
559 5192 725 5250 calumniam
761 5187 909 5244 adeersum
962 5188 1019 5242 nisi
1037 5192 1088 5242 ant
1116 5190 1238 5257 fratrum
1259 5187 1408 5252 familiaris
1424 5186 1533 5240 collatio
1557 5193 1605 5240 aut
1629 5183 1668 5239 ad
1691 5185 1765 5253 ipsos
1782 5184 1814 5235 in

51 5288 90 5327 nie
121 5269 159 5325 de
183 5272 246 5324 arte
272 5268 415 5323 dialectica
437 5266 641 5335 scriptilaitem
669 5259 761 5317 amuli
789 5261 842 5314 mei
862 5275 910 5314 no·
962 5268 1094 5317 conicntu
1117 5260 1150 5316 de
1175 5259 1278 5315 diuinis
1304 5273 1390 5314 senno
1406 5257 1536 5330 publicus
1559 5271 1620 5312 eum
1639 5254 1717 5325 loqui
1731 5266 1813 5323 urps·

84 5414 128 5484 ‘l)
168 5413 213 5470 lte
241 5409 385 5469 hbaelardi
420 5406 625 5481 philosophicis
663 5405 800 5478 operibus
837 5418 906 5462 mss.
959 5402 1020 5460 dits
1044 5400 1220 5472 d'dliailard,
1234 5417 1306 5473 pour
1319 5404 1407 5459 serair
1422 5405 1439 5458 d
1452 5401 1587 5458 l'hi'stoire
1608 5397 1642 5454 de
1670 5393 1813 5479 laphita-

51 5442 114 5545 sile
138 5481 367 5544 eruditissimam
389 5481 424 5539 b.
459 5481 491 5537 ιι.
511 5480 619 5539 cousin
654 5480 851 5550 prelationem
871 5475 908 5533 ad
962 5476 1057 5545 sophie
1084 5473 1268 5540 scholasticae
1284 5489 1319 5531 en
1339 5473 1457 5544 stante,
1479 5472 1588 5541 tii-io,
1617 5471 1709 5537 Paris,
1734 5470 1813 5527 teis.

52 5558 163 5618 ibrum
187 5555 228 5613 ab
251 5554 316 5626 ipso
335 5552 459 5624 editum,
480 5552 527 5611 cui
549 5550 671 5611 titulus:
694 5548 833 5619 οιιιιιιιιι
852 5549 909 5603 int·
962 5546 1045 5606 Enii.
1062 5545 1152 5603 Piri.
