3736 5962
73 138 125 195 ‚29
849 131 1041 193 nusum.
1768 144 1822 203 aso

71 261 243 335 moedotee,
272 258 429 335 splendidis
454 266 483 318 et
507 258 650 318 inauratis
681 256 811 318 restibus
838 258 920 342 adorf
934 259 959 314 Δ
973 257 1136 328 llatthsens,
1162 273 1230 317 cnm
1251 220 1330 320 dese
1356 226 1464 336 pariter
1477 269 1505 322 et
1518 263 1630 322 ceteris
1652 267 1821 340 retulisset,

70 345 136 404 nati.
177 347 214 404 Et
242 360 317 417 saepe
347 345 392 402 his
424 343 610 414 benedicunt,
645 343 755 418 quibus
779 343 921 403 Dominus
976 366 991 399 e
1005 346 1087 405 dunc
1100 347 1233 420 discipuli
1247 363 1357 421 omnes,
1379 351 1478 411 relicto
1491 367 1534 423 eo,
1550 353 1691 426 ingerunt
1706 356 1818 430 (llottb

70 435 226 493 maledicit.
258 433 383 493 Humilis
419 433 524 492 mulier
558 448 618 490 nou
649 441 763 494 mutuo
797 433 917 502 habitu,
974 450 1057 505 xxvi,
1086 436 1142 508 tle).
1172 458 1187 487 e
1227 440 1471 510 perseverantiam
1506 443 1689 514 postmodnm
1710 459 1820 520 suppo·

66 540 121 582 non
157 531 322 596 preparato
356 521 449 587 cultu,
486 522 553 595 ipsis
587 536 705 595 quoque
740 522 917 594 indignanti·
974 524 1032 581 suit
1051 524 1217 594 mulierum,
1245 541 1311 597 quae
1332 527 1386 598 ipsi
1405 529 1493 587 etiam
1516 530 1658 588 crucifixo
1676 543 1821 605 qnantum

66 614 120 670 bns
147 613 288 685 apostolis
310 614 372 670 haec
394 612 424 670 in
446 612 560 671 Christe
585 618 769 670 sacramenta
795 611 918 684 peragit,
974 613 1197 683 permittebatur
1206 615 1387 673 assistebant.
1398 619 1694 692 «,Erant,oiuquit,«
1706 621 1748 681 ibl
1767 636 1820 682 mu

64 717 120 760 nen
143 701 326 774 prelationis
345 699 449 769 cldcio,
473 701 523 759 sed
542 700 695 759 delationis
716 700 768 773 [el.
787 699 918 758 dilectio·
973 699 1057 759 lieres
1085 701 1183 760 multae
1213 702 1333 776 alonge
1355 720 1422 777 quae
1449 715 1554 764 secutae
1584 709 1701 769 inerant
1719 712 1819 770 lesuin

64 792 119 857 nis,
147 793 217 848 Per.
238 790 298 847 eod.
313 789 486 863 devotionis]
513 790 664 848 maritet]
693 802 830 862 magnam
867 787 918 845 dei
973 789 1140 860 aGalilaea,
1178 792 1372 850 ministrantes
1404 795 1431 851 ei
1459 797 1570 865 (hotta.
1593 812 1682 869 xxrtr,
1710 800 1773 872 55).
1803 822 1816 852 s

64 879 285 937 constantiam!
312 895 329 937 o
355 878 575 937 inestimabilem
600 880 749 937 charitatis
774 878 917 945 ardorem,
973 880 1050 945 Quae
1071 878 1197 952 deniqne
1227 880 1316 952 ipsius
1339 897 1457 956 quoque
1480 885 1612 955 sepulcro
1633 887 1819 947 immobiliter

65 983 133 1040 quae
163 968 265 1026 omnia
285 967 384 1037 eredit,
414 968 513 1026 omnia
527 976 634 1040 sperat,
651 967 749 1026 omnia
772 967 916 1025 sustinet!
973 967 1154 1025 adherentes
1167 968 1241 1027 idem
1269 969 1422 1043 diligenter
1451 974 1630 1046 evangelista
1659 975 1817 1047 describit,

66 1058 237 1115 linrmurat
258 1057 423 1116 Pharisaeus
447 1057 551 1115 duma
576 1058 733 1130 peccatrice
755 1056 841 1129 pedes
864 1057 918 1112 ho·
971 1054 1071 1113 dicens
1086 1071 1092 1112 :
1110 1078 1121 1107 ι
1140 1059 1231 1115 Erant
1256 1066 1352 1117 autem
1377 1061 1470 1119 llaria
1494 1063 1710 1135 llagdalene,st
1723 1067 1836 1124 altera

66 1146 168 1204 ruiniei
186 1146 373 1220 inunguntur
384 1162 395 1219 3
420 1146 614 1220 indignantur
634 1154 765 1219 patenter
787 1143 916 1216 apostoli,
972 1145 1063 1203 llaria
1093 1145 1223 1204 sedentes
1248 1154 1349 1204 contra
1383 1148 1549 1220 sepulcrum
1577 1153 1725 1224 ibid.,til).
1742 1154 1818 1213 »llo-

65 1235 148 1306 qued
166 1235 310 1308 decapite
336 1250 453 1308 quoque
477 1234 582 1293 mulier
604 1234 829 1307 presumpserit.
846 1234 918 1290 Per·
972 1234 1081 1305 quibus
1116 1235 1204 1293 etiam
1226 1235 1398 1294 mulieribus
1427 1238 1538 1297 Hancne
1562 1254 1816 1316 commemorans,

62 1332 179 1382 severat
200 1324 309 1396 ubique
335 1325 384 1397 [et.
403 1324 517 1395 utique]
538 1322 668 1380 mulieris
685 1322 756 1381 tides
775 1322 915 1389 immota,
971 1323 1038 1380 ait:
1066 1343 1077 1374 ι
1108 1324 1200 1381 Erant
1223 1332 1319 1383 antem
1349 1333 1377 1383 et
1403 1327 1539 1385 mulieres
1567 1329 1603 1387 de
1626 1330 1712 1403 longe
1737 1332 1816 1405 aspl-

63 1413 99 1468 de
127 1413 308 1485 benignitate
329 1412 444 1470 bomini
471 1412 592 1480 conlisa,
611 1426 664 1469 uec
689 1412 716 1468 ο)
737 1411 768 1468 in
792 1419 917 1483 utroque
970 1411 1086 1480 cientes,
1117 1413 1193 1470 inter
1220 1427 1295 1484 quas
1322 1422 1384 1471 erat
1410 1415 1588 1487 llagdalene,
1612 1420 1744 1479 etllaria
1771 1422 1816 1478 la·

64 1501 225 1560 [lominica
248 1502 503 1560 commendationis
525 1502 629 1560 desunt
652 1501 804 1573 suiiragia.
825 1501 916 1573 Cujus
970 1499 1034 1557 cohi
1057 1500 1186 1570 minoris,
1199 1505 1228 1558 et
1253 1502 1357 1573 loseph
1383 1511 1486 1574 mater,
1510 1512 1538 1562 et
1561 1505 1683 1565 salome.
1699 1508 1817 1566 Etcum

62 1590 186 1661 quidem
196 1598 347 1664 unguenta
366 1604 455 1662 quam
472 1598 598 1662 accepta,
610 1604 700 1661 quam
719 1597 802 1663 grata
816 1589 951 1663 homi-g
970 1596 1044 1648 esset
1059 1590 1088 1646 iu
1104 1590 1221 1648 Galilaea
1244 1591 1444 1664 sequebantur
1456 1608 1540 1663 eum,
1555 1602 1583 1651 et
1611 1596 1817 1656 ministrabant

62 1693 121 1736 nus
149 1678 296 1748 babuerit,
325 1679 445 1752 ipsemet
468 1678 619 1751 predtetur
641 1694 707 1737 cnm
727 1679 782 1736 sibi
796 1677 858 1735 haec
871 1692 915 1736 re·
970 1680 1007 1749 ei,
1034 1689 1062 1737 et
1075 1680 1140 1737 aliae
1164 1679 1263 1737 multe
1277 1695 1344 1753 quae
1370 1681 1456 1739 simul
1483 1696 1551 1740 cum
1567 1698 1600 1741 eo
1628 1685 1817 1745 ascenderant

60 1769 177 1825 serrari
200 1767 349 1839 postulans
376 1767 543 1840 indignanti
571 1768 652 1825 Iudae
675 1768 778 1825 dixit:
807 1789 818 1818 ι
848 1769 915 1824 sine
969 1768 1176 1839 lerosolymam
1214 1768 1313 1839 (llum.
1334 1783 1387 1838 xv,
1418 1770 1488 1842 to).
1522 1788 1538 1826 a
1566 1772 1682 1831 Stetisse
1716 1782 1815 1834 autem

60 1856 145 1914 illam
173 1856 250 1914 utin
268 1856 314 1914 die
338 1856 496 1929 sepulture
523 1871 596 1915 mem
615 1864 708 1916 servet
724 1855 795 1915 illud
823 1855 913 1928 (loen.
964 1856 1052 1930 juxta
1072 1872 1198 1925 crucem,
1218 1866 1246 1916 et
1271 1858 1411 1917 crucifixo
1436 1874 1467 1918 ee
1481 1861 1566 1919 etiam
1581 1863 1704 1922 astitisse
1726 1865 1816 1924 loan-

61 1963 112 2015 nu,
145 1946 187 2017 7).
205 1966 219 1994 ιι
248 1946 291 2002 Αο
308 1945 332 2003 si
354 1945 479 2002 diceret:
505 1945 547 2004 Ne
562 1946 684 2018 repellas
706 1947 760 2003 hoc
783 1945 848 2016 ejus
863 1946 911 2002 ob·
968 1960 1042 2010 nes,
1068 1947 1120 2018 qui
1154 1948 1236 2017 prius
1262 1946 1429 2020 antngerat,
1458 1956 1559 2007 narrat
1585 1966 1593 2020 ;
1628 1952 1677 2009 sed
1717 1967 1814 2025 porse-

62 2036 235 2108 sequiuma
257 2035 336 2101 vivo,
361 2049 398 2091 ne
431 2034 591 2092 devotionis
611 2034 673 2105 eius
705 2034 913 2092 exhibitionem
967 2035 1130 2091 verentiam
1181 2036 1331 2105 premittit
1367 2036 1549 2106 mulierum,
1590 2040 1675 2112 quasi
1708 2055 1813 2102 earum

63 2125 93 2181 in
113 2125 172 2180 hac
192 2136 356 2196 quoquere
371 2122 487 2181 auleras
513 2123 659 2181 deiuncto.
674 2124 790 2182 Certum
806 2125 913 2196 quippe
967 2123 1098 2194 exemplo
1119 2123 1267 2181 animatus
1284 2132 1357 2181 esset
1371 2137 1406 2180 ac
1422 2135 1584 2184 moecatus.
1609 2149 1625 2179 ι(
1645 2129 1776 2202 Stabant,
1799 2153 1811 2183 s

63 2221 116 2284 est,
143 2210 302 2284 sepulture
316 2225 433 2284 quoque
456 2210 613 2269 Dominicae
637 2219 751 2270 sanctas
778 2213 913 2271 mulieres
966 2210 1073 2282 inquit,
1090 2234 1101 2263 ι
1115 2211 1412 2283 juxtacrucemlcsu
1427 2217 1604 2288 materejus,
1619 2223 1815 2279 etsorerma-

63 2309 198 2361 aromata
216 2314 343 2373 parasse.
360 2301 442 2367 Quod
471 2308 542 2358 tunc
565 2301 619 2358 ista
633 2301 734 2373 ntique
756 2302 854 2358 minus
869 2316 913 2358 sa·
966 2299 1019 2356 tris
1029 2301 1093 2372 ejus
1105 2300 1197 2357 llaria
1217 2300 1358 2371 Cleophae,
1378 2310 1407 2360 et
1434 2303 1525 2362 llaria
1539 2305 1723 2378 llagdalene.
1738 2309 1813 2368 cum

64 2397 187 2464 lageret,
215 2389 239 2446 si
255 2403 335 2447 nunc
360 2390 479 2463 repulsa
494 2391 698 2449 verecundiam
717 2391 904 2449 sustinuiset.
966 2388 1084 2447 vidisset
1105 2403 1174 2462 ergo
1201 2391 1282 2448 lesus
1296 2399 1429 2450 matrem.
1444 2400 1472 2449 et
1486 2393 1661 2465 discipulum
1686 2404 1813 2458 stantem

63 2480 117 2549 Qui
148 2479 236 2536 etiam
263 2479 347 2550 qnasi
374 2479 415 2537 de
434 2486 515 2538 tanta
533 2479 911 2552 mulieristpraesumptione
967 2479 1054 2549 (teca.
1068 2492 1131 2535 arx.
1161 2479 1207 2550 ³5)
1223 2522 1232 2549 ,
1250 2501 1264 2531 ο
1278 2487 1334 2537 οῑο.
1351 2481 1543 2539 llancautem
1557 2492 1725 2544 sanctarum
1744 2502 1812 2546 con·

62 2568 214 2640 discipulis
243 2565 474 2640 indignantibus,
505 2575 533 2626 et
548 2576 581 2627 ut
594 2568 710 2627 Marcus
729 2568 868 2637 meminit,
881 2571 911 2626 in
965 2566 1099 2624 stantiam
1114 2568 1281 2638 mulierum,
1297 2576 1326 2626 et
1339 2570 1547 2641 discipulerum
1562 2571 1704 2632 delectum
1728 2574 1813 2650 longe

61 2673 126 2717 eam
160 2657 360 2722 lrementibus,
401 2672 468 2716 cum
496 2673 545 2715 eos
588 2656 747 2715 mitissimis
781 2655 912 2730 fregisset
966 2660 1032 2711 ante
1048 2656 1150 2713 beatus
1166 2655 1218 2713 lob
1242 2656 1537 2728 inpersouahomini
1563 2663 1755 2737 prophetarit,
1770 2665 1813 2724 di·

62 2749 219 2820 responsis,
247 2751 276 2809 in
308 2756 423 2808 tantum
451 2747 506 2804 hoc
533 2746 639 2804 extulit
667 2746 849 2815 benedcium,
877 2755 911 2805 ut
965 2758 1052 2800 cens:
1071 2766 1083 2795 ι
1100 2743 1170 2802 Pelii
1188 2760 1260 2802 meae
1274 2748 1453 2819 consumptis
1468 2749 1606 2807 carnibus
1632 2752 1753 2811 adhesit
1780 2768 1813 2812 cs

61 2839 160 2909 ipsum
184 2839 344 2913 Evangelio
368 2836 553 2895 inserendum
568 2850 629 2892 esse
647 2843 785 2904 censeret,
800 2843 828 2893 et
843 2848 910 2892 cum
965 2841 1116 2901 meumst
1139 2833 1275 2892 derelicta
1302 2843 1372 2893 sunt
1395 2838 1607 2895 tamtummodo
1634 2840 1712 2898 labia
1732 2842 1811 2900 circa

62 2929 124 2999 ipso
152 2928 260 2999 pariter
288 2928 398 2999 ubique
421 2925 638 2998 predicandum
665 2939 725 2981 esse
744 2924 910 2996 praediceret
926 2958 948 3014 C
964 2920 1063 2978 dentes
1087 2936 1164 2979 meos
1187 2923 1252 2995 (lob
1266 2937 1331 2990 ¹1¹,
1354 2923 1400 2996 20)
1415 2964 1421 2979 ·
1439 2946 1454 2976 >³
1469 2926 1586 2993 „1110880
1602 2928 1811 3002 quippe,quod

61 3018 162 3086 {llere
187 3031 249 3086 xrr,
275 3018 314 3089 e),
358 3015 387 3072 iu
425 3013 592 3071 memoriam
614 3012 721 3070 scilicet
745 3020 773 3070 et
793 3013 908 3071 landem
965 3024 1080 3068 earnem
1094 3018 1122 3068 et
1147 3011 1248 3083 pellem
1277 3019 1418 3070 sustentat
1432 3021 1461 3070 et
1491 3022 1593 3086 gestat,
1620 3016 1811 3077 tortitudoeet

62 3104 205 3172 tuulieris,
227 3119 293 3178 quae
319 3104 348 3162 id
361 3102 460 3161 lecerit
488 3103 519 3159 iu
546 3116 604 3173 quo
619 3116 677 3158 non
702 3101 851 3159 mediocris
865 3116 911 3158 ar·
963 3102 1100 3172 corporis.
1118 3102 1152 3156 ln
1173 3114 1292 3172 corpore
1320 3100 1410 3173 igitur
1428 3102 1546 3173 Christi,
1562 3105 1641 3177 quod
1655 3114 1697 3164 est
1711 3107 1808 3166 docle-

60 3194 209 3266 guebatur
228 3193 470 3265 presumptionis.
487 3191 569 3258 Quod
582 3204 769 3263 nequaquam
785 3190 821 3247 de
843 3191 908 3249 aliis
962 3188 1015 3255 sia,
1031 3203 1063 3246 cs
1089 3189 1181 3260 ipsius
1199 3189 1274 3247 dixit
1296 3189 1470 3247 Christianae
1500 3190 1567 3248 iidei
1590 3193 1692 3252 stabile
1706 3194 1810 3254 lunda·

58 3296 317 3356 quarumcumque
342 3294 532 3355 personarum
559 3279 708 3352 obsequiis
734 3279 907 3337 anctoritate
960 3287 1102 3348 mentum,
1113 3278 1174 3335 site
1190 3277 1286 3336 terror
1297 3279 1346 3336 ille
1360 3279 1510 3337 charitatis
1524 3322 1531 3350 ,
1545 3281 1581 3338 de
1599 3296 1658 3354 quo
1672 3283 1807 3342 canitur:

57 3372 212 3430 Dominica
239 3373 282 3429 sic
306 3370 539 3429 commendatum
568 3382 629 3426 esse
666 3367 789 3440 legimus
819 3376 907 3440 atque
961 3368 1081 3439 «Aque
1099 3368 1198 3425 multae
1212 3382 1272 3425 non
1287 3375 1423 3439 poterunt
1437 3370 1623 3441 exstinguere
1637 3371 1808 3433 charitatem

55 3461 214 3519 sancitum.
231 3460 286 3529 Qui
307 3461 395 3519 etiam
419 3458 515 3517 viduae
532 3456 668 3529 pauperis
695 3456 906 3530 eleemosynam
960 3456 1051 3526 (caat.
1066 3467 1125 3524 rint,
1137 3457 1176 3527 7).
1192 3476 1207 3507 o
1222 3456 1329 3528 hequo
1342 3463 1371 3514 et
1384 3457 1539 3528 Apostolus
1558 3473 1565 3512 :
1583 3459 1721 3531 «Omnia,
1737 3462 1809 3520 »in-

54 3551 195 3608 omnibue
224 3548 321 3621 templi
343 3547 499 3621 praeterens
513 3545 707 3604 oblationibus
735 3545 832 3618 (iture.
853 3561 905 3614 xn,
959 3545 1034 3618 quit,
1051 3543 1186 3615 «sudent,
1203 3544 1412 3614 omniacredit,
1427 3545 1809 3618 emniasperaqemnlaen-

54 3641 113 3711 la),
130 3653 221 3711 quam
245 3646 361 3710 accepta
389 3637 426 3694 sit
453 3635 479 3694 ei
507 3635 683 3692 laminarum
711 3635 824 3693 devotio
839 3634 905 3693 dili·
959 3636 1044 3692 stinet
1072 3633 1095 3705 (l
1111 3635 1171 3691 Cor.
1196 3647 1259 3703 xttt,
1274 3630 1313 3705 7).
1327 3653 1342 3684 »
1368 3634 1548 3692 caroautem
1563 3638 1807 3712 incorporepare

52 3736 156 3801 genter
172 3726 304 3785 ostendit.
334 3725 433 3783 Ausus
462 3723 579 3796 quidem
598 3731 640 3780 est
663 3725 764 3781 Petrus
778 3723 904 3795 seipsum
958 3723 1078 3780 interior
1087 3728 1140 3791 est,
1167 3729 1196 3780 et
1210 3722 1293 3793 peltis
1305 3723 1441 3779 exterior.
1457 3723 1585 3794 Apostoli
1598 3739 1667 3798 ergo
1678 3728 1806 3788 interiori

52 3825 81 3875 et
116 3815 294 3888 coapostolos
316 3829 385 3873 snos
408 3828 459 3886 pro
486 3813 599 3871 Christe
624 3811 722 3868 omnia
750 3811 902 3884 reliquisse
958 3810 1064 3868 animae
1078 3810 1338 3881 cibopredtoando
1353 3810 1543 3881 intendentes,
1557 3820 1586 3871 et
1599 3814 1736 3874 mulieres
1745 3830 1806 3876 cor·

55 3904 195 3977 prodteri.
223 3905 260 3962 Et
283 3904 420 3961 Zachaeus
448 3902 641 3960 desideratum
664 3899 779 3957 Domini
800 3899 905 3956 adven-
958 3901 1034 3971 peris
1048 3899 1210 3956 necessaria
1233 3906 1431 3969 procurantes,
1447 3900 1530 3956 carni
1545 3912 1751 3972 comparantur
1770 3914 1800 3964 et

53 4005 117 4052 tutu
132 3993 293 4065 suscipiens
308 3992 460 4050 dimidium
486 3990 628 4049 honorum
652 4003 772 4046 suorum
791 4001 904 4060 paupe-
958 3989 1035 4061 pelli.
1052 3988 1125 4045 Cum
1145 3989 1243 4059 itaque
1257 4000 1359 4045 carues
1372 3998 1613 4047 consumerentur
1628 4031 1636 4058 ‚
1651 4005 1684 4050 os
1696 3992 1804 4052 christi

55 4086 142 4143 ribus
155 4083 289 4157 largitur,
311 4081 383 4140 etin
398 4079 598 4153 quadruplum
627 4078 736 4151 siquid
751 4077 904 4136 delrauda·
958 4077 1074 4134 cohesit
1088 4075 1175 4149 pelli;
1190 4075 1259 4148 quia
1285 4076 1483 4134 scandalizatis
1496 4077 1527 4134 in
1541 4077 1676 4148 passione
1688 4081 1805 4141 Donnlrd

55 4176 110 4242 rit,
126 4173 252 4232 restituit
280 4174 357 4243 (lite.
384 4185 447 4238 nix,
473 4170 511 4243 8).
539 4169 575 4225 lit
602 4167 688 4226 multi
716 4166 765 4224 alii
780 4167 903 4240 majores
957 4165 1101 4238 apostolis,
1118 4173 1146 4224 et
1169 4165 1313 4224 demente
1335 4165 1425 4238 ipsius
1452 4166 1618 4239 desperatis,
1634 4177 1803 4232 sanctarum

56 4265 87 4320 in
117 4262 230 4320 Christo
259 4275 312 4319 seu
348 4274 400 4332 pro
431 4257 544 4316 Christo
581 4257 712 4315 lecerunt
749 4269 900 4328 expensae,
916 4306 940 4362 n
957 4256 1070 4315 devotio
1092 4254 1266 4313 laminarum
1289 4255 1411 4326 perstitit
1440 4255 1606 4328 immobilis,
1633 4266 1661 4317 et
1684 4259 1722 4318 ab
1741 4273 1804 4319 osse

52 4361 81 4410 et
129 4351 214 4424 louge
249 4347 422 4423 pretiosiora
445 4346 476 4403 in
517 4344 692 4416 obsequium
733 4341 903 4401 obtulerunt
957 4344 1063 4403 christi
1087 4345 1205 4403 minime
1227 4345 1367 4411 recessit,
1394 4344 1464 4417 qnia
1493 4345 1559 4404 ddei
1574 4389 1583 4413 ,
1596 4347 1642 4405 vei
1664 4350 1733 4423 spel,
1754 4349 1803 4408 rel

53 4441 201 4510 divinum,
229 4437 275 4497 vel
301 4451 352 4509 pro
370 4435 483 4495 christo
505 4433 700 4507 reliquerunt.
725 4432 784 4491 Nec
797 4429 838 4490 ita
856 4438 902 4488 ta·
956 4434 1106 4493 eharitatis
1130 4433 1321 4492 constantiam
1333 4433 1364 4491 iu
1386 4440 1499 4491 tautum
1513 4437 1633 4495 retinuit
1649 4477 1657 4506 ,
1671 4445 1703 4496 nt
1716 4450 1802 4496 neca

53 4546 123 4589 men
157 4528 313 4587 Dominicae
354 4523 612 4584 commendationis
651 4522 767 4581 laudem
805 4520 901 4592 adepti
954 4531 1069 4581 mortno
1097 4528 1192 4580 mente
1219 4521 1457 4596 disjungerentur
1470 4532 1522 4580 aut
1535 4537 1663 4595 corpore.
1688 4524 1802 4585 suntet

52 4627 135 4688 sunt,
150 4618 225 4676 sicut
240 4615 364 4674 leminae.
375 4613 505 4683 Quarum
529 4612 648 4686 quidem
662 4610 775 4669 devotio
789 4616 901 4683 quauta
954 4612 1010 4670 viri
1034 4610 1206 4669 naturaliter
1219 4618 1278 4669 tam
1301 4616 1397 4668 mente
1423 4625 1513 4683 quam
1541 4625 1660 4683 corpere
1686 4611 1801 4672 leminis

50 4722 168 4780 semper
188 4721 259 4780 erga
286 4719 354 4763 euru
377 4701 528 4771 exstiterit,
560 4702 621 4773 ipse
654 4714 772 4773 quoque
800 4697 900 4756 llomi-
954 4699 1181 4759 tortioresllnde
1204 4707 1233 4758 et
1251 4699 1352 4757 merito
1366 4714 1418 4773 per
1431 4714 1560 4768 carnem,
1589 4715 1656 4773 qum
1678 4699 1802 4760 vicinior

50 4801 125 4857 nica
141 4798 209 4855 vite
219 4796 316 4854 exitus
331 4799 462 4866 patenter
480 4791 618 4849 insinuat.
639 4790 690 4847 lla
704 4789 821 4862 quippe,
838 4787 900 4858 ipso
952 4796 996 4848 est
1020 4789 1088 4858 ossi,
1110 4789 1204 4848 virilis
1221 4797 1343 4862 natura3
1360 4803 1410 4861 per
1424 4788 1527 4860 pellem
1544 4788 1695 4846 muliebris
1718 4790 1799 4848 inhr-

50 4887 250 4963 apostolorum
280 4884 411 4957 principe
440 4887 576 4954 negante,
608 4886 636 4937 et
658 4877 760 4936 dilecto
784 4873 899 4934 homini
952 4879 1038 4936 ruitae
1052 4879 1232 4951 designatur.
1259 4877 1316 4950 ipsi
1339 4891 1457 4951 quoqne
1471 4876 1601 4947 apostoli,
1618 4886 1800 4949 quorumest

52 4980 192 5054 lugiente,
220 4975 265 5033 tel
297 4973 408 5032 ceteris
424 4969 561 5042 dispersis
588 4966 734 5040 apostolis,
750 4967 899 5038 intrepide
952 4967 1184 5039 reprehendendo
1208 4966 1309 5039 lapsus
1322 4966 1445 5025 aliorum
1459 4964 1614 5033 mordere,
1633 4965 1733 5025 dentes
1746 4967 1801 5024 llo·

51 5067 249 5139 perstiterunt,
274 5078 328 5121 nec
354 5075 404 5120 eas
432 5073 450 5116 a
477 5057 588 5117 Christe
615 5056 662 5115 rel
696 5057 727 5113 iu
754 5055 896 5127 passione,
952 5057 1024 5114 mini
1051 5057 1199 5115 dicuntur.
1224 5055 1337 5124 Quibus
1365 5054 1688 5124 tantummodo-iahia,
1710 5056 1800 5115 idest

48 5157 95 5214 rel
110 5157 140 5213 in
155 5161 247 5212 morte
261 5151 382 5210 lormido
403 5149 513 5222 aliqua,
527 5146 572 5205 vel
590 5145 749 5218 desperatio
764 5157 898 5217 separare
951 5146 1042 5203 rerha
1064 5145 1159 5216 petius
1183 5157 1272 5215 quam
1287 5143 1362 5200 laeta
1377 5151 1585 5214 remanserant,
1600 5158 1668 5203 cnm
1679 5144 1740 5217 iarn
1752 5144 1800 5204 de

47 5244 152 5321 potuit.
169 5244 205 5303 llt
228 5243 271 5301 eis
292 5239 452 5314 specialiter
484 5236 557 5295 illud
583 5233 712 5308 Apostoli
738 5247 898 5308 congruere
952 5233 1060 5309 sperati
1075 5234 1111 5291 de
1123 5231 1334 5305 christomagis
1347 5231 1546 5304 loquerentur,
1555 5247 1645 5305 qnam
1653 5246 1706 5305 pre
1717 5233 1799 5292 Chri-

47 5335 208 5394 rideatur:
238 5331 336 5399 «Quis
356 5343 410 5388 nos
434 5322 580 5401 sepambit
608 5337 627 5381 a
652 5322 792 5383 charitate
818 5321 898 5381 ltelt
951 5319 1079 5395 stoquld
1100 5326 1298 5392 operarentur.
1314 5318 1534 5394 Talespmtecto
1554 5321 1595 5379 iili
1615 5328 1698 5380 eram
1711 5320 1797 5380 discl-

47 5423 210 5486 'lrlbnlatio
244 5436 285 5484 an
314 5417 483 5495 angustiat
508 5436 521 5468 ›
545 5415 709 5489 (hemum,
733 5412 792 5491 tt).
814 5412 898 5474 Unde
951 5409 1025 5486 puli,
1040 5408 1149 5485 quihus
1162 5408 1194 5470 in
1208 5408 1359 5472 oneum
1389 5411 1528 5472 liumans
1545 5409 1695 5484 ewulm,
1710 5417 1741 5473 et
1754 5409 1796 5472 lo·
