3804 5962
358 251 537 311 Earosltlo
555 250 594 310 IN
612 250 723 312 misr.
744 252 851 311 alubi
869 255 916 310 ab
937 254 1066 312 uolt·
1078 254 1144 315 tte.
1165 256 1186 311 l.
1596 259 1648 313 830

79 379 164 432 lcum
204 375 335 448 thuod
360 375 460 433 dixit:
501 377 562 434 llon
591 380 633 432 εει
650 376 941 449 jostnsaexpostuo
955 384 998 435 est
1012 377 1153 449 premissi
1169 377 1330 449 parabolice
1344 378 1423 449 dicti,
1438 394 1505 437 cum
1519 379 1647 438 diciteos

80 472 149 536 puto
164 479 202 521 cx
216 479 249 521 eo
275 466 440 536 sumpserit,
469 480 524 520 non
536 471 575 520 εει
591 467 640 535 qni
658 467 745 532 Ῑεειει
800 466 830 522 in
844 466 909 523 dolo
924 466 1016 538 loqui,
1038 467 1127 524 idest
1148 476 1248 524 contra
1274 469 1481 525 conscientiam
1504 482 1588 526 suam
1610 484 1645 526 ca

79 570 91 608 ι
121 558 162 608 εει
180 568 265 624 usqne
288 553 325 608 od
347 568 441 608 unum.
472 553 556 618 Quod
580 568 649 610 vero
664 553 744 624 dicit,
800 557 1000 613 commendare
1019 557 1055 613 ad
1083 572 1149 628 quae
1166 557 1350 628 persuadent,
1380 558 1425 614 vel
1448 558 1645 628 vituperares

79 647 168 698 aciens
194 646 233 697 εει
259 647 357 711 puttnr
375 657 476 710 eorum,
503 643 605 711 linquis
623 645 680 697 anis
696 643 744 698 do·
801 644 1121 716 quibusdenurtantur.

79 736 108 798 ιι,
141 730 170 785 ιιι
198 730 301 801 quinto
328 729 439 800 psalmo
453 731 588 801 reperies.
609 733 745 787 Venenum
838 736 976 790 Venenum
998 735 1136 806 aspidum.
1163 735 1243 800 Quod
1268 742 1296 792 et
1323 735 1384 806 ipse
1399 734 1509 805 Moyses
1527 735 1642 792 insana-

79 820 196 874 rblobiis
225 834 327 886 eorum,
353 832 390 874 ex
407 820 534 890 quodam
561 819 670 891 psalmo
699 835 745 877 as·
800 822 856 879 bile
870 822 950 892 dicit,
976 837 1010 880 ac
1034 838 1084 894 per
1111 824 1165 881 boc
1183 823 1295 881 caeteris
1323 825 1417 895 pranis
1431 831 1561 882 testatur
1583 840 1645 882 csse

78 917 148 978 puto
174 908 335 964 immutatis
362 908 557 964 sermonibus.
581 909 699 975 Quorum
716 925 744 964 οε
801 911 958 978 mortifera,
985 912 1012 966 ld
1034 919 1076 969 est
1090 912 1255 970 criminalia
1271 920 1387 983 peccata
1405 913 1557 984 significat,
1581 928 1647 986 quae

79 1003 135 1051 εει
157 998 344 1052 amaritudine
373 996 486 1066 plenum
511 1002 560 1064 est,
595 1011 632 1052 ex
668 1012 745 1054 nono
801 1001 1117 1070 quasivenenumsuis
1142 1002 1379 1073 persuasionibus
1403 1001 1539 1073 infligunt
1567 1003 1642 1069 aliis,

81 1093 147 1142 etur
164 1092 324 1155 acceptum.
367 1086 473 1141 Veloces
499 1085 582 1155 pedes
597 1101 689 1139 eorum
709 1086 745 1139 od
801 1089 868 1144 llaec
892 1088 1136 1145 auternvidelicct
1166 1099 1289 1159 peccata,
1309 1090 1344 1146 ad
1370 1103 1435 1159 quoe
1460 1093 1644 1159 persuadent,

79 1191 93 1228 n
115 1177 287 1242 sanquinem,
302 1173 347 1230 vol
366 1173 394 1230 in
409 1173 484 1228 lsaia
499 1174 638 1242 invenies,
653 1174 698 1230 vel
715 1174 745 1229 in
800 1178 855 1234 sub
891 1177 976 1233 labiis
999 1192 1100 1234 eorum
1128 1193 1188 1235 esse
1204 1179 1353 1246 dicuntur,
1372 1179 1455 1234 idest
1468 1177 1579 1235 callidis
1600 1194 1646 1236 eu·

86 1262 139 1318 Sed
153 1266 279 1318 contritio
298 1268 325 1317 ει
344 1264 494 1330 infelicitas
525 1265 555 1316 in
572 1265 625 1318 olis
641 1279 744 1331 eorum,
800 1280 866 1323 rum
890 1266 1073 1322 sermonibus
1090 1267 1129 1322 lta
1155 1266 1303 1336 occultari,
1332 1274 1364 1323 ut
1391 1267 1584 1323 animadverti
1608 1269 1645 1324 ab

79 1354 101 1406 ιε
123 1368 178 1407 non
203 1355 380 1420 opponerent,
409 1365 468 1408 non
494 1351 612 1422 quidem
632 1351 669 1408 ad
703 1352 743 1408 ιιι-
766 1398 768 1402 .
800 1354 987 1412 audientibus
999 1369 1057 1412 non
1080 1355 1200 1426 possint.
1226 1358 1384 1412 Possumus
1400 1364 1426 1412 et
1441 1370 1491 1427 per
1501 1370 1646 1413 venenum

79 1441 184 1509 :ordor,
203 1441 253 1497 ubi
269 1441 411 1510 scriptum
425 1440 471 1501 sit,
490 1441 623 1510 suspicor
649 1448 745 1497 tamen
800 1443 934 1514 aspidum
960 1443 1131 1513 insanabile,
1153 1443 1224 1500 illud
1238 1445 1268 1500 in
1292 1443 1431 1515 Spiritum
1445 1452 1577 1500 sanctum
1607 1446 1646 1501 ir·

81 1529 233 1600 phalarum
263 1529 389 1585 inveniri
404 1544 494 1600 posse.
513 1531 544 1584 ln
561 1529 681 1585 Psalmis
696 1544 747 1585 au·
800 1532 971 1588 remissibile
993 1542 1142 1602 peccatum
1167 1533 1305 1604 accipere,
1334 1533 1451 1603 quando
1476 1533 1544 1603 quis
1570 1533 1646 1590 vidc-

79 1632 121 1676 ιιιι
138 1626 199 1676 est:
223 1620 284 1677 Noa
319 1624 358 1674 εει
378 1621 458 1673 ιιιιιει·
484 1620 533 1673 Dei
560 1625 625 1673 onte
655 1620 745 1674 oculos
800 1620 868 1677 licet
892 1633 943 1692 per
970 1619 1112 1677 invidiam
1141 1620 1185 1678 vel
1213 1622 1401 1692 cupiditatem
1412 1622 1542 1693 aliquam
1556 1635 1644 1692 opera

325 1724 327 1729 ·
760 1707 927 1780 pillornm,
943 1723 1042 1780 quaea
1067 1711 1124 1766 lieo
1146 1709 1207 1766 lieri
1234 1725 1293 1767 nou
1308 1710 1432 1778 dubitat,
1459 1709 1575 1767 diabolo
1596 1713 1643 1767 tri·

79 1811 119 1855 em
151 1796 317 1854 testimonia
342 1796 458 1853 videtur
486 1811 676 1868 congregasse
710 1802 742 1853 ut
801 1799 881 1855 buit:
902 1797 978 1856 sicut
1001 1799 1134 1856 nonnulli
1160 1799 1326 1856 ludaeorum
1350 1799 1505 1869 iaciebant,
1530 1799 1583 1870 qui
1613 1804 1646 1856 ut

85 1886 156 1958 quia
177 1887 255 1957 quod
282 1894 420 1942 causatur
444 1885 557 1941 ludaeos
580 1893 609 1942 ει
631 1882 744 1943 Graecos
800 1887 972 1958 populuma
994 1885 1107 1944 Christo
1135 1895 1305 1957 averterent,
1321 1901 1408 1958 opera
1421 1886 1485 1959 ejus
1506 1894 1645 1958 tanquam

81 1982 194 2047 peccato
207 1989 279 2043 esse,
296 1988 353 2030 non
365 1982 423 2029 tam
439 1987 493 2030 sua
512 1987 602 2044 qnam
617 1973 744 2044 scripto·
799 1976 940 2034 diabolica
954 1976 1178 2047 vituperabant:
1196 1991 1262 2048 qum
1289 1985 1386 2034 tamen
1409 1976 1513 2048 spiritu
1537 1976 1597 2045 Dei,
1615 1975 1645 2032 id

79 2065 102 2121 ia
121 2063 301 2134 pronuntiat,
330 2076 429 2119 onrnes
457 2062 512 2118 sub
543 2073 658 2133 peccato
682 2077 744 2119 esse
798 2065 956 2122 estdivina
975 2065 1150 2136 gratiadcri
1171 2080 1229 2121 non
1255 2064 1438 2133 dubitabant,
1463 2073 1491 2122 et
1523 2065 1586 2122 ideo
1614 2065 1645 2122 in

79 2152 175 2209 iturali
192 2151 236 2209 vel
250 2151 359 2222 scripta
374 2151 434 2222 lege
451 2165 485 2206 ne
501 2158 618 2220 peccent
634 2159 745 2208 constat
800 2154 938 2226 Spiritum
955 2154 1014 2222 liei,
1026 2154 1057 2209 td
1071 2161 1113 2210 est
1137 2153 1244 2210 divinae
1269 2154 1370 2225 gratiae
1394 2153 1502 2210 donum
1527 2166 1644 2222 peccare

79 2239 400 2311 aronymusinrraetat.
419 2238 468 2296 lib.
498 2254 548 2295 xvi
583 2239 611 2294 in
639 2239 745 2296 isaiam
799 2242 1065 2310 dicebantur,cum
1096 2242 1219 2298 scienter
1249 2241 1363 2298 diabolo
1382 2241 1545 2298 tribuerent
1568 2241 1644 2297 unde

79 2326 744 2399 inm(59):eouaesdunculamdetulistl,quod
800 2330 963 2404 glorificare
983 2331 1075 2388 Deum
1102 2331 1249 2399 deberent,
1272 2339 1372 2387 contra
1396 2330 1542 2401 propriam
1567 2344 1644 2386 men·

87 2418 139 2490 qui
154 2417 294 2487 leguntur
309 2415 339 2470 in
354 2412 498 2481 Ecclesiis,
510 2421 538 2470 ει
553 2415 582 2470 in
606 2416 745 2474 liebraico
800 2417 901 2475 tientes
925 2418 1135 2475 conscientiam.
1152 2419 1234 2484 Quod
1258 2419 1376 2489 quidem
1400 2424 1561 2487 peccatum,
1590 2425 1642 2473 etsi

79 2520 106 2574 r,
123 2505 200 2562 tertii
216 2503 319 2561 decimi
344 2501 448 2574 psalmi
475 2504 629 2573 apostotus
660 2520 743 2563 usur·
800 2519 850 2576 per
882 2507 1078 2576 poeniteutiam
1109 2507 1198 2564 deleri
1225 2514 1329 2577 posset,
1358 2507 1398 2562 ita
1417 2516 1512 2562 tamen
1546 2504 1644 2563 divino

78 2596 185 2650 ulnam
207 2597 316 2663 potens,
346 2599 401 2648 etc.
417 2591 616 2649 Animadverti
632 2592 686 2649 boc
702 2603 745 2651 te·
799 2594 944 2651 sancitum
956 2593 1076 2667 judicio,
1094 2603 1126 2651 ut
1138 2595 1237 2652 nullus
1251 2596 1280 2651 in
1294 2594 1347 2651 boo
1359 2594 1459 2664 lapsus
1473 2594 1645 2664 resipiscen-

81 2685 116 2741 de
132 2683 250 2754 psalmis
275 2680 305 2737 in
318 2682 463 2738 lsaiaesse
477 2688 655 2738 contextum.
671 2682 744 2740 Nam
801 2682 836 2739 do
848 2682 955 2750 redeat,
971 2690 1059 2754 atque
1076 2683 1138 2740 ideo
1154 2682 1352 2740 irremissibile
1375 2682 1495 2759 dicitur.
1519 2682 1578 2737 lloc
1592 2695 1641 2737 au-

92 2787 205 2842 versus,
236 2772 391 2843 sepulcrum
416 2776 525 2841 potens,
551 2778 614 2840 etc,
650 2771 746 2842 quinti
800 2779 856 2828 tem
872 2779 1023 2842 peccatum
1039 2772 1093 2828 sub
1108 2771 1193 2828 labiis
1204 2785 1306 2828 eorum
1322 2771 1437 2839 latebat,
1468 2785 1526 2826 non
1550 2770 1580 2825 in
1603 2768 1644 2852 la-¹

82 2868 101 2918 t.
133 2861 209 2918 lllud
231 2868 329 2917 ειιιειιι
361 2861 440 2930 quod
454 2860 597 2930 sequitur,
613 2876 746 2915 amenum
801 2859 857 2916 biis
885 2860 1053 2930 apparebat,
1081 2862 1161 2933 quia,
1201 2861 1272 2916 dum
1299 2859 1342 2916 sic
1370 2869 1470 2916 contra
1499 2857 1645 2928 propriam

79 2950 105 3006 rb
132 2949 213 3006 labiis
251 2965 353 3018 eorum,
379 2962 488 3004 cxxxix
515 2949 587 3019 psal.
617 2949 745 3007 Rursum
801 2948 1007 3006 conscientiam
1023 2949 1234 3021 delinquerent,
1264 2947 1479 3005 aliudincorde
1501 2946 1646 3003 habebant

79 3054 125 3098 ur:
154 3041 275 3105 Quorum
302 3053 331 3092 εε
351 3038 540 3092 meledictione
562 3042 588 3092 ει
617 3041 748 3093 cmoritu—
764 3014 786 3071 C
804 3051 893 3109 quam
908 3052 957 3094 ore
981 3038 1170 3109 proterebant.
1205 3039 1324 3105 Quorum
1338 3053 1378 3105 os,
1403 3037 1491 3093 idest
1515 3044 1573 3092 tam
1588 3034 1645 3090 sibi

79 3145 113 3196 m,
143 3128 177 3185 de
196 3142 273 3183 nono
302 3127 412 3197 psalmo
445 3125 587 3196 scriptum
614 3134 667 3182 est.
682 3126 750 3182 Tres
805 3126 873 3197 ipsis
887 3140 977 3197 quam
992 3126 1244 3200 acquiescentibus
1267 3125 1495 3183 maledictionem
1517 3122 1647 3194 acquirit

79 3217 148 3275 iculi
162 3217 213 3288 qul
233 3223 406 3286 sequuntur,
436 3215 536 3271 veloces
550 3215 631 3285 pedes
658 3231 750 3271 corum
804 3215 966 3282 abonrino,
979 3223 1007 3272 et
1034 3209 1259 3272 amaritudinem
1290 3214 1379 3283 illam,
1395 3212 1527 3269 videlicet
1539 3212 1575 3268 de
1586 3223 1646 3281 qua

79 3307 159 3362 ειιιιιιι
182 3309 354 3374 sanquinem,
369 3307 496 3360 contritio
516 3309 542 3358 et
560 3306 710 3372 infelicitas
720 3309 750 3360 in
803 3318 854 3374 per
871 3304 1179 3374 propbetamdicitur:
1202 3307 1259 3362 Vos
1285 3304 1341 3358 diei
1361 3304 1436 3358 illins
1459 3315 1566 3369 amaru,
1595 3303 1647 3355 tri·
1739 3359 1744 3367 ,

84 3400 110 3451 ει
125 3400 197 3451 oium
219 3397 307 3465 pacis,
333 3408 392 3449 non
419 3391 448 3447 in
469 3392 542 3448 lsaia
552 3393 747 3463 reperiuntur.
803 3390 1086 3460 bulubituribisortis
1109 3392 1203 3465 (Sept.
1213 3410 1232 3462 ι,
1252 3393 1304 3464 tl).
1317 3392 1384 3448 Tale
1397 3398 1441 3447 est
1454 3389 1647 3445 maledictione

79 3498 147 3551 rsus,
175 3483 265 3540 idest
288 3481 497 3547 octavus,Non
523 3485 563 3536 εει
586 3485 668 3537 timor
699 3485 750 3538 liei
802 3481 1036 3547 ειαειιαιιιιιειιιιε,
1059 3482 1132 3537 acsi
1157 3481 1300 3538 dicaretur
1327 3494 1427 3536 amara
1452 3479 1502 3535 illa
1525 3476 1646 3536 maledi-

82 3588 184 3637 corum,
208 3579 239 3627 ut
250 3568 386 3626 tricesimi
417 3568 525 3625 Psalmi
547 3569 642 3640 quinti
670 3571 749 3641 prin·
802 3570 906 3637 ctione,
922 3570 1103 3640 quadicetur
1119 3571 1247 3640 reprobis
1259 3569 1513 3626 indemnationcm
1531 3579 1647 3623 eorum:

78 3660 150 3719 item
165 3660 292 3730 denique
321 3671 420 3714 omncs
447 3656 562 3713 Graeciac
583 3663 749 3715 tractatores
802 3658 851 3725 lte,
880 3657 1029 3726 maledicti,
1053 3664 1083 3713 tn
1102 3661 1193 3726 ipnem
1221 3663 1352 3714 aternum
1380 3657 1488 3729 (Molli.
1501 3670 1571 3720 xxv,
1588 3656 1647 3724 ιι).

81 3747 253 3806 ειιιιιιιιοιιιε
268 3760 328 3803 suae
345 3746 375 3801 in
391 3744 516 3815 psalmos
531 3748 751 3804 commentarios
803 3746 854 3802 Est
877 3747 994 3818 quidem
1013 3747 1071 3804 alia
1084 3747 1246 3804 maledictio
1262 3747 1346 3818 quasi
1362 3745 1455 3803 dulcis
1479 3753 1506 3801 et
1517 3753 1647 3815 paterna,

79 3855 92 3906 ;,
116 3838 169 3894 bos
190 3835 347 3892 versiculos
350 3873 417 3889 ......
431 3834 751 3907 adnotantatqueprae
804 3835 921 3904 quando
932 3834 1081 3907 aliquibus
1110 3835 1301 3891 anathematis
1326 3833 1556 3890 maledictionem
1577 3831 1647 3887 inle-

79 3925 336 3998 tuidoconsrtentes
353 3922 382 3979 ιιι
398 3922 537 3978 Hebraico
557 3936 610 3979 nec
639 3923 749 3989 baberi,
804 3924 895 3980 rimus
923 3924 960 3980 ad
995 3923 1202 3980 correctionem
1228 3923 1324 3994 potins
1349 3935 1438 3993 quam
1462 3920 1499 3976 ad
1527 3919 1646 3975 damna-

79 4039 82 4071 t
99 4014 177 4072 Lxx
189 4011 409 4082 interpretibus,
430 4010 479 4067 scd
491 4012 521 4067 in
539 4011 664 4070 editione
678 4012 749 4069 Vul·
805 4012 921 4070 tionem.

79 4102 165 4160 lraece
178 4106 249 4159 κοινή
264 4100 384 4167 ιιιειιιιι,
400 4100 465 4156 etin
485 4107 542 4156 toto
554 4100 621 4157 orbe
634 4101 750 4158 diversa
843 4102 951 4158 Velocee
970 4102 1064 4172 pedes,
1089 4101 1117 4158 id
1140 4108 1182 4158 est
1205 4099 1325 4158 allectus
1351 4098 1459 4156 babent
1474 4110 1580 4167 pronos
1612 4096 1648 4152 ad

79 4198 193 4248 ,autem
208 4191 332 4246 litteram
350 4202 571 4260 persequamur.
805 4189 969 4258 homicidia,
979 4190 1032 4246 etsi
1051 4204 1136 4260 opere
1150 4205 1208 4246 non
1223 4189 1430 4260 permittantur
1450 4186 1579 4257 implere.
1598 4185 1649 4242 Pes

81 4290 120 4338 st:
145 4281 241 4337 Omnes
271 4280 478 4333 declinaverunt
504 4284 529 4333 ει
557 4293 610 4333 non
637 4283 678 4334 εει
700 4284 750 4349 qui
764 4300 787 4358 ῃ
805 4279 892 4349 ειιιιιι,
919 4293 977 4350 quo
1004 4279 1174 4348 incedimus,
1200 4277 1346 4346 allectum,
1372 4277 1400 4334 id
1415 4283 1458 4333 est
1470 4274 1650 4332 voluntatem

79 4385 123 4425 tm.
151 4370 183 4426 Et
208 4383 265 4425 non
287 4368 381 4424 solum
401 4367 630 4436 declinaverunt,
644 4382 748 4425 verum
803 4367 956 4439 significat,
968 4368 1074 4440 quoad
1088 4370 1283 4438 operationem
1297 4367 1496 4438 perducimur.
1517 4365 1649 4421 Gontrttio

79 4457 126 4513 lios
146 4457 253 4514 lactant
272 4456 428 4522 declinare,
455 4463 483 4511 et
512 4455 669 4524 plurimum
698 4473 746 4514 no·
803 4457 1000 4526 etinselicitce,
1018 4456 1107 4514 idest
1133 4457 1234 4513 infelix
1251 4456 1384 4514 contritio
1405 4462 1457 4522 est,
1487 4459 1517 4510 in
1540 4455 1582 4509 ais
1610 4468 1652 4508 eo·

79 4553 144 4604 rtur.
169 4545 259 4610 Quasi
274 4545 314 4601 eis
340 4558 397 4600 non
413 4544 539 4601 sufficiat
560 4551 592 4600 ut
604 4544 656 4600 soli
671 4543 749 4600 dam·
801 4561 873 4614 rene,
890 4545 975 4602 idest
991 4545 1177 4616 inoperibus,
1194 4560 1245 4617 per
1259 4561 1326 4618 quae
1347 4545 1383 4601 ad
1403 4552 1525 4601 mortem
1542 4554 1652 4613 praepa-

79 4634 178 4705 ¹quasi
202 4635 239 4690 ad
262 4633 459 4690 defensionem
479 4632 526 4688 sui
547 4633 653 4688 sociam
669 4647 746 4704 quaa·
802 4642 906 4691 rantur
924 4641 1073 4702 aeternam,
1086 4617 1157 4691 a'lios
1177 4635 1263 4691 etiam
1289 4648 1388 4691 secum
1409 4641 1600 4699 conterentes,
1617 4644 1651 4686 ac

79 4722 210 4781 udinem.
228 4723 335 4779 Guttur
361 4721 502 4792 quoniam
531 4719 748 4777 lormandaevel
802 4737 851 4793 per
873 4722 1006 4794 exempla
1029 4724 1117 4780 etiam
1153 4731 1379 4794 corrumpentes,
1421 4726 1454 4779 ut
1479 4719 1538 4777 sint
1566 4718 1650 4789 quast

97 4813 177 4868 vocis
210 4813 436 4868 instrumentum
452 4818 504 4877 εει,
529 4823 690 4866 sermonem
709 4810 745 4865 sl·
801 4810 1050 4882 pulvisdissoluti,
1083 4812 1420 4884 quemprojicitventus
1442 4808 1650 4866 alacietcrrae

79 4902 104 4959 ai
119 4915 170 4973 per
185 4907 288 4972 guttur
298 4899 454 4956 emittitur.
471 4899 570 4954 Sermo
587 4897 686 4968 itaque
701 4912 748 4954 eo·
802 4899 890 4970 (Psoi.
912 4914 930 4968 r,
959 4899 998 4969 4),
1029 4899 1057 4955 id
1084 4908 1126 4956 εει
1156 4900 1298 4956 diabolica
1318 4899 1450 4966 tentatio,
1467 4910 1534 4968 quae
1551 4896 1609 4952 lruc
1623 4904 1650 4954 et

81 4991 141 5047 lum
159 4989 344 5060 persuadens,
362 4987 446 5058 quasi
459 4985 625 5056 sepulcrum
647 4992 747 5056 patens
802 4987 872 5045 illuc
891 4987 1011 5059 impellit
1025 4995 1052 5044 et
1062 4988 1160 5060 dejicit
1175 5002 1192 5043 o
1208 4986 1364 5043 stabilitate
1379 4995 1462 5043 terrae
1474 4981 1647 5040 viventium.

79 5087 159 5149 celita
179 5085 273 5133 menie
300 5076 442 5147 nequitia,
464 5073 550 5146 quasi
572 5072 672 5131 loetore
701 5072 746 5129 in·
800 5079 835 5133 Pl
847 5079 920 5132 aium
938 5079 1025 5147 ρεείε,
1037 5076 1066 5133 ld
1084 5085 1126 5134 εει
1141 5079 1259 5133 οιιιιιιιιο
1274 5076 1305 5132 in
1320 5077 1375 5132 viis
1388 5076 1450 5132 suis
1465 5073 1650 5130 damnatione
1745 5109 1749 5118 .

79 5168 149 5224 veris
172 5167 243 5223 alios
271 5178 460 5235 corrumpens
487 5171 575 5235 atque
589 5160 746 5218 astantium
800 5174 995 5234 conterentur,
1013 5166 1083 5236 quia
1099 5165 1176 5222 viam
1197 5166 1247 5221 liei
1266 5179 1324 5220 non
1343 5170 1553 5237 cognoverunt,
1571 5160 1650 5217 idest

79 5255 155 5324 lens,
172 5255 200 5312 id
215 5263 257 5312 est
272 5255 438 5310 naturalem
464 5264 564 5308 eorum
599 5248 744 5307 discretio·
800 5251 958 5320 Christum,
987 5266 1141 5324 perquem
1167 5260 1306 5324 tanquam
1339 5254 1527 5310 mediatorem
1551 5249 1650 5305 liciat

79 5344 170 5412 rbans,
194 5358 228 5400 ac
258 5344 381 5400 vicians.
407 5343 525 5409 linquis
552 5341 620 5395 suis.
658 5337 745 5404 Quasi
801 5342 951 5398 hominum
982 5341 1040 5399 Deo
1064 5341 1244 5412 pacillcatiet
1268 5341 1444 5399 reconciliati
1460 5354 1573 5407 sumus,
1598 5337 1650 5408 qui

79 5521 111 5581 nl.
123 5530 192 5580 tom.
207 5520 312 5593 xxiv,
327 5523 380 5578 col.
395 5522 457 5588 ιιι,
473 5520 535 5578 sle.
