3804 5962
78 105 110 161 tl
769 100 903 164 smnus
918 105 1143 168 humanum.
1790 98 1827 155 Ὦ

76 244 128 355 ἴεν
149 229 287 301 marsica,
314 240 419 298 semper
455 225 608 282 erudittora
635 225 830 307 meditabatur,
852 230 927 290 dace-
940 233 965 292 Α
979 235 1083 302 fuerat,
1106 229 1181 304 quod
1207 227 1379 284 Paracletum
1401 225 1564 293 nominauit,
1590 226 1620 279 tn
1653 238 1706 294 pua
1725 227 1827 281 sancti-

95 305 132 364 ot,
149 301 299 369 fatebatur.
318 300 379 354 Tati
398 298 594 354 nobiseumoir
616 299 745 368 stmplea,
768 305 868 372 rectus,
886 305 922 358 ti·
979 307 1111 361 moniales
1143 301 1282 372 pturimas
1311 298 1497 365 conprepauit,
1527 301 1553 351 et
1580 297 1720 366 quandam
1762 298 1826 352 rett-

77 386 152 426 mens
172 375 265 440 Deum,
291 376 317 426 ct
339 370 465 426 recedens
488 386 506 425 a
529 371 609 437 malo,
643 373 853 442 conuersatione,
880 377 917 431 ul·
976 382 1083 446 piceum
1108 376 1240 442 {eminam
1262 370 1400 442 quondam
1413 383 1525 423 aaaron
1546 383 1635 432 suam,
1656 367 1743 423 literis
1772 370 1826 423 Lu·

82 444 161 497 timos
183 443 241 498 dics
267 445 331 498 uite
354 444 520 498 consecrauit
548 444 609 497 Deo.
636 443 707 507 Quia
729 447 850 514 corporis
878 448 919 501 in·
976 450 1043 504 linis
1070 452 1096 503 et
1120 445 1261 502 Hebraicis
1285 442 1425 496 eruditam
1442 442 1481 495 eis
1504 439 1671 494 abbatissam
1686 441 1823 509 prefecit.

79 514 313 569 commoditatibus
345 512 522 582 grauabatur,
562 513 765 569 cubbouumo
791 531 833 570 me
856 519 923 572 mis·
975 519 1039 586 Qua
1052 533 1115 574 uere
1134 518 1223 586 ipsius
1244 515 1344 580 amica,
1367 527 1497 579 maenam
1523 514 1547 564 ei
1574 515 1637 579 post
1663 515 1775 565 mortem
1794 512 1825 564 ire

78 599 124 639 sus
138 590 189 640 est.
202 586 248 639 lbi
263 585 457 652 librisscmpcr
470 584 652 651 incumbebat,
676 589 702 639 ct
723 589 793 640 sieut
807 586 841 640 de
855 588 918 644 Gra·
974 592 1095 646 assiduis
1118 586 1245 659 precibus
1270 585 1351 654 fidem
1374 585 1516 638 semovit:
1539 596 1687 651 corpusque
1703 584 1761 651 ejus
1790 582 1825 636 de

78 656 286 723 concupitur,
312 659 474 711 momentum
494 657 581 711 ullum
594 671 649 710 non
674 656 780 710 sinebat
805 663 918 726 praetcr-
975 661 1030 717 loco
1057 661 1104 715 ubi
1131 660 1246 721 obierat,
1285 655 1427 709 transtulit
1457 653 1494 708 ad
1532 653 1697 777 {redictum
1730 668 1824 707 coeno-

77 728 128 794 ire,
145 729 212 794 quin
235 743 341 797 semper
355 733 404 785 aut
426 733 525 794 oraret,
543 732 592 782 aut
619 726 727 794 teperet,
753 731 801 783 out
819 730 921 784 scribe·
974 732 1058 800 bium,
1085 736 1115 786 iu
1134 731 1214 800 cujus
1240 727 1345 782 tumulo
1370 726 1418 780 boc
1441 726 1534 795 epitap
1552 725 1613 779 ium
1651 728 1691 778 est
1734 726 1823 779 inser-

78 803 128 866 rct,
145 803 193 853 aut
211 799 334 854 dictaret.
362 802 393 855 ln
421 801 462 857 bis
485 813 624 854 sommum
650 812 761 866 operum
782 802 920 856 consitiis
975 807 1051 859 tum:

77 885 136 941 cum
155 869 288 925 aduentus
315 871 391 926 itlius
406 870 555 940 coangelici
567 870 717 923 abitatoris
731 873 843 939 reperit.
866 873 918 926 At-

78 940 141 996 tulit
160 942 207 996 itte
220 957 308 996 secum
330 944 481 1012 lampadem
506 942 615 1012 plenam
639 940 704 1007 oleo,
731 940 833 998 babens
858 958 919 998 con·
1008 949 1058 1003 Est
1076 947 1144 1000 satis
1159 945 1188 999 in
1203 940 1451 1011 titulo,Petrusbic
1463 939 1536 1007 iacet
1555 936 1736 993 abailardus.

76 1009 217 1069 ementium
231 1015 359 1079 refertam
372 1023 473 1074 sancta
494 1016 556 1068 vitm
577 1011 737 1066 testimonio.
762 1015 835 1068 lunc
857 1030 919 1071 uero
1044 1019 1100 1072 cui
1118 1018 1171 1072 soli
1181 1016 1275 1086 patuit
1289 1013 1382 1068 scibitc
1397 1010 1528 1082 quicquid
1543 1014 1612 1064 erat.

78 1098 160 1153 quam
179 1088 281 1153 sancte,
300 1101 382 1151 quom
401 1090 501 1151 deuote,
518 1097 600 1152 quom
621 1081 749 1137 catholice
770 1088 860 1153 primo
884 1090 918 1156 fi-

77 1154 132 1220 det,
153 1156 250 1210 debinc
270 1162 442 1225 peccatorum
469 1157 660 1221 consessionem
683 1154 789 1221 scierit,
818 1162 919 1223 cucata
972 1162 1043 1220 Hac
1064 1177 1190 1230 memque,
1208 1163 1278 1215 sicut
1296 1158 1409 1220 dicitur,
1434 1159 1463 1210 in
1481 1152 1646 1222 aegritudine
1661 1153 1760 1207 ultima
1773 1167 1821 1223 po·

76 1226 209 1281 inhiantis
238 1227 327 1282 cardis
348 1228 447 1296 affeetu
465 1225 595 1281 uiaticum
617 1229 859 1296 percertnatioais,
888 1243 918 1282 oc
973 1239 1027 1290 sita
1044 1236 1185 1304 proecepit,
1208 1237 1239 1286 ot
1252 1235 1360 1285 mortua
1374 1230 1453 1295 infra
1472 1228 1565 1280 martit
1586 1225 1720 1279 tumulum
1741 1239 1823 1293 pone.

75 1299 138 1352 uitta
153 1303 260 1353 aeternae
279 1299 381 1367 pignus
405 1313 502 1368 corpus
531 1296 633 1350 scilicet
655 1295 841 1366 ltedcrnptoris
868 1301 919 1354 Da·
971 1308 1109 1362 retundi
1132 1304 1171 1359 sia
1199 1303 1291 1357 eadem
1318 1301 1449 1369 defunctu
1479 1298 1516 1352 ad
1542 1297 1675 1351 tumulum
1696 1300 1822 1365 apertum

74 1367 144 1423 mini
157 1369 297 1437 acceperit,
313 1383 394 1436 quom
412 1371 532 1441 fideliter
545 1380 642 1436 corpus
658 1382 737 1421 strum
751 1372 776 1422 et
800 1371 919 1425 animam
972 1380 1126 1447 deportato,
1143 1377 1262 1429 maritus
1277 1371 1346 1442 ejus,
1372 1374 1421 1452 qui
1443 1369 1537 1423 multis
1555 1368 1651 1422 dicbus
1672 1371 1737 1421 ante
1762 1382 1822 1420 eam

75 1439 133 1493 Mi
156 1443 182 1494 ti
197 1441 227 1492 in
242 1443 371 1496 &limum
395 1444 452 1512 ipsi
479 1437 713 1502 mmmmm&
737 1443 826 1495 ‘esitii
856 1446 919 1495 stilti
973 1449 1119 1514 destructus
1160 1448 1263 1514 suerat,
1289 1445 1398 1497 elevatas
1431 1438 1548 1494 brachiis
1569 1439 1648 1493 ittam
1678 1440 1778 1507 recepit
1796 1440 1823 1491 ct

74 1509 198 1574 rctipiosi
218 1509 331 1574 fratres,
348 1516 373 1566 et
389 1518 458 1568 totus
473 1512 546 1566 itlius
566 1511 732 1571 manasterii,
748 1512 778 1565 in
792 1526 845 1581 quo
859 1528 917 1567 aor-
972 1519 1012 1575 its
1030 1534 1088 1574 eom
1103 1517 1277 1586 amplexatus
1293 1513 1466 1568 bcoabiusua
1478 1513 1602 1566 almitati.

70 1593 125 1650 pus
140 1577 170 1632 S.
198 1581 322 1634 blorcetli
339 1585 471 1653 martyris
493 1582 578 1651 jotti,
603 1585 757 1637 convenius·
782 1582 956 1639 Hiems-B
1010 1590 1088 1646 Libet
1105 1589 1158 1645 hoc
1178 1588 1239 1644 loco
1254 1586 1437 1642 exclamare:
1468 1581 1623 1640 Oattitudo
1659 1578 1821 1634 divitiorum

73 1650 160 1717 pister
173 1652 225 1718 fine
238 1651 296 1706 dics
311 1668 372 1710 suos
387 1654 599 1710 consummavit:
622 1654 670 1722 qui
683 1653 819 1720 simpulori
833 1656 919 1710 scicn-
973 1663 1093 1716 sumtis
1110 1664 1136 1714 ct
1151 1659 1294 1728 sapientiae
1313 1659 1361 1711 nec·
1378 1654 1384 1709 l
1405 1655 1476 1710 Ecce
1497 1653 1584 1719 enim,
1605 1651 1657 1722 qui
1677 1665 1741 1705 cunt
1766 1650 1818 1705 ini·

75 1721 121 1774 ‘2'ae
134 1723 291 1786 madisitrti
308 1728 358 1779 toti
370 1742 438 1796 ittae
466 1724 526 1779 orbi
552 1728 687 1778 illidium
701 1728 791 1790 illilus,
808 1729 834 1779 ti
856 1726 918 1779 ubi·
973 1733 1039 1802 quis
1054 1730 1267 1802 quodammodo
1283 1735 1343 1783 erat
1364 1727 1529 1795 deputatus,
1550 1730 1612 1792 post
1638 1721 1749 1778 obitum
1767 1721 1819 1776 mi-

75 1805 127 1860 que
142 1792 264 1857 famosus
288 1801 357 1863 triti,
382 1799 411 1851 ia
438 1797 514 1851 itt-ius
537 1794 714 1863 discipulatu,
741 1798 791 1863 itti
823 1795 915 1851 dicit:
973 1801 1135 1859 sericordiae
1150 1800 1258 1856 divinae
1274 1801 1357 1869 signa
1372 1798 1420 1853 dat
1441 1794 1603 1858 manifesta,
1618 1799 1650 1848 ut
1665 1793 1715 1848 ubi
1727 1792 1821 1847 abun-

76 1879 90 1912 a
105 1862 208 1917 Discite
223 1879 300 1933 ami,
317 1870 541 1932 infastiditum
556 1870 581 1919 εἰ
595 1865 706 1920 humitis
720 1866 817 1935 lorcin
834 1885 849 1919 s
865 1869 918 1922 mi·
972 1873 1092 1929 flaverat
1108 1872 1179 1927 torte
1193 1870 1343 1933 delictum,
1353 1867 1582 1924 abundaverilot
1595 1867 1699 1935 gratia.
1717 1863 1821 1918 Miran-

74 1934 110 1987 tis
136 1938 161 1987 et
179 1934 290 1990 humitis
308 1953 488 2006 perseuerans
511 1936 667 2005 adipsum,
687 1941 718 1990 ut
741 1938 856 2006 dignum
879 1942 918 1992 cst
972 1944 1042 2001 dnm
1057 1957 1126 1998 sanc
1143 1940 1219 2011 quod
1240 1949 1386 1997 mortuam
1402 1951 1523 1994 uxorem
1552 1937 1630 1991 adse
1658 1935 1820 1991 venientem

72 2003 252 2086 crederesne
270 2010 408 2066 transicit.
433 2009 541 2080 ln2i1ne
555 2007 681 2078 epistolae
696 2008 812 2078 epitaita
831 2009 918 2066 amici
973 2015 1033 2085 ipse
1047 2012 1175 2070 brachiis
1193 2011 1330 2081 expansis
1354 2008 1522 2078 susceperit,
1538 2006 1703 2076 dilectaque
1728 2005 1757 2060 in
1772 2004 1821 2060 ul-

74 2087 119 2130 sut
133 2074 296 2147 subiungit.
972 2100 1025 2142 nas
1046 2098 1114 2141 suas
1130 2092 1253 2152 recepta,
1272 2081 1372 2137 iisdem
1388 2078 1567 2148 compressis
1589 2077 1704 2132 loedcris
1717 2075 1819 2146 eonju-

92 2146 170 2227 ,Eai
182 2160 274 2216 mliii·
291 2149 314 2205 Si
331 2149 399 2220 quis
412 2157 469 2206 tim
484 2149 566 2222 gravi
589 2149 653 2205 lesbi
668 2149 751 2205 fldem
768 2149 916 2222 demittit,
993 2155 1048 2212 alis
1066 2169 1124 2212 non
1138 2151 1321 2210 intermarlui
1336 2157 1541 2222 argumentum
1556 2147 1674 2228 dederit,
1692 2147 1752 2202 sive
1766 2146 1821 2202 hoc

74 2230 98 2272 st
118 2231 187 2287 quis
202 2227 369 2290 conceptam
395 2221 481 2277 semel
503 2219 665 2290 opinionem
682 2228 710 2276 et
728 2220 838 2277 trustra
852 2222 917 2277 vul·
973 2173 1048 2284 ssous
1062 2234 1148 2281 arcta
1160 2223 1335 2294 poenitentiae
1351 2221 1495 2278 tributum
1517 2220 1622 2280 voluit,
1638 2224 1671 2272 ut
1692 2217 1822 2273 ostende-

73 2293 171 2360 galam
187 2289 222 2345 de
236 2291 320 2347 Petro
333 2291 403 2348 velit
418 2292 560 2348 retinere:
578 2297 633 2356 eat,
650 2290 753 2362 siquis
769 2292 919 2349 electione
973 2305 1016 2356 ret
1031 2312 1061 2354 ss
1073 2310 1090 2352 a
1101 2294 1335 2365 resipiscentibus
1354 2306 1412 2348 non
1430 2289 1596 2355 abiissem,
1612 2287 1673 2368 siss
1698 2288 1753 2343 hos
1768 2287 1820 2342 da.

73 2372 193 2428 operum
214 2374 363 2419 sacrorum
380 2369 440 2418 tam
465 2361 597 2419 catholici
623 2361 756 2418 monachi
775 2363 843 2419 velit
858 2370 917 2420 stu·
973 2377 1036 2426 tum
1052 2367 1195 2424 sanctitati
1212 2366 1337 2421 heroinae
1359 2370 1473 2428 nostrae,
1489 2374 1578 2431 quam
1597 2371 1710 2415 nemine
1738 2360 1820 2427 peni-

73 2429 169 2486 diosos
187 2444 295 2489 arcere.
313 2432 365 2489 Sed
381 2433 451 2503 quia
472 2433 506 2489 de
521 2440 648 2503 martyre
665 2433 799 2490 Marcello
814 2433 919 2504 injecta
973 2447 1021 2497 tus
1047 2439 1225 2508 discrepante
1248 2435 1358 2492 omneis
1380 2434 1537 2504 predicant
1556 2431 1621 2496 tide,
1646 2429 1776 2510 exemplo
1792 2437 1819 2486 et

72 2501 179 2557 mentio
198 2510 250 2569 0⁵⁸·
276 2503 370 2559 (litam
397 2505 487 2561 Obiter
512 2502 592 2560 illum
617 2517 689 2571 0⁵⁵0,
714 2505 764 2574 tui
790 2504 919 2562 brachiis
974 2509 1116 2577 doctrina,
1134 2508 1270 2564 omnihus
1293 2507 1339 2562 sui
1354 2503 1443 2561 seculi
1471 2502 1584 2560 leminis
1599 2501 1775 2581 praeluxisse,
1793 2508 1820 2557 et

72 2572 272 2643 manibusque
285 2574 319 2629 ad
336 2582 462 2644 quatuor
477 2574 594 2631 arbores
608 2573 755 2645 alligatus,
772 2589 919 2632 recurreu·
974 2582 1050 2637 inter
1066 2581 1164 2637 beatas
1179 2586 1255 2634 certo
1275 2575 1535 2632 annumerandam.
1552 2571 1649 2627 Simile
1665 2571 1819 2641 quidpiam

72 2643 151 2699 tibus
165 2658 283 2700 sursttm
298 2647 387 2701 rantis
402 2648 431 2702 in
447 2646 540 2702 lrusta
561 2645 720 2716 discerptus
741 2661 791 2716 pro
807 2646 918 2703 Christo
973 2651 1109 2708 miraculi
1133 2649 1251 2706 memini
1281 2647 1383 2718 legisse
1412 2646 1489 2716 apud
1514 2644 1630 2713 Gregor.
1655 2642 1763 2698 Turon.
1784 2641 1819 2697 de

71 2719 99 2770 et
115 2714 298 2772 membratim
313 2715 511 2774 lanietusest:
535 2715 582 2773 eui
600 2725 654 2772 tem
676 2716 747 2786 lum,
770 2718 846 2788 quod
864 2732 919 2774 nos
973 2722 1098 2779 duorum
1128 2719 1295 2777 Amantium
1322 2717 1452 2773 castitate
1478 2722 1506 2771 et
1529 2715 1685 2783 sepultura,
1714 2712 1763 2768 lib.
1797 2728 1816 2765 1.

41 2813 45 2821 ι
71 2786 200 2866 venerati
214 2801 326 2856 snmus,
345 2788 406 2845 solo
426 2789 514 2845 totius
528 2731 707 2859 burgundie
722 2789 918 2844 amenissima
972 2793 1075 2850 ilistor.
1092 2793 1194 2849 Franc.
1218 2797 1247 2846 et
1267 2789 1319 2844 tlh.
1339 2789 1379 2844 [ie
1403 2787 1495 2858 gioria
1516 2784 1734 2841 contessorum:
1765 2784 1817 2853 qui

71 2854 217 2923 Cahtlcne,
253 2872 342 2928 prope
363 2861 466 2916 urbem
490 2859 619 2929 quidem,
644 2859 692 2914 sed
711 2858 797 2914 arari
825 2859 916 2915 inter·
933 2865 956 2922 c
972 2862 1122 2935 conjugati
1142 2862 1248 2918 multos
1267 2873 1358 2916 annos
1382 2859 1411 2913 in
1425 2872 1484 2914 uno
1511 2863 1599 2912 stralo
1620 2853 1819 2934 recumbentes

71 2925 180 2982 lluente
193 2934 234 2983 est
249 2938 386 2996 erectum,
403 2937 430 2986 et
446 2929 560 2999 magnis
574 2928 679 2998 opibus
691 2929 825 2998 ditatum,
839 2931 916 3000 qttod
970 2935 1120 3001 vixerunt,
1142 2946 1210 2989 cum
1232 2930 1401 3002 virginitate
1426 2926 1550 2984 mirabili
1565 2942 1572 2996 ;
1589 2933 1616 2981 et
1640 2941 1706 2981 cum
1730 2939 1815 2995 virgo

71 2996 274 3053 cluniacenses
301 2999 411 3056 sodales
438 2998 603 3070 possident:
633 2999 669 3055 de
698 3014 756 3070 ouo
784 2999 916 3057 Marcello
971 3006 1122 3077 migrasset
1142 3003 1221 3074 prior
1240 3002 1276 3058 ad
1303 3000 1461 3067 Christum,
1488 3011 1670 3068 sponsusque
1697 3010 1760 3052 eam
1788 2997 1817 3050 in

70 3068 179 3136 eteius
198 3068 347 3124 miraculis
362 3069 505 3126 videndus
525 3076 567 3126 est
588 3068 743 3141 Gregorius
756 3071 917 3129 Turonicus
971 3076 1072 3132 scrobe
1081 3080 1240 3144 reponeret,
1262 3073 1293 3127 in
1304 3072 1366 3128 haec
1379 3071 1466 3127 verba
1481 3077 1601 3139 stupens
1615 3067 1728 3137 erupit:
1751 3068 1818 3124 Gra·

73 3136 121 3194 lib.
141 3153 150 3191 t
167 3138 205 3193 De
220 3138 312 3210 gloria
328 3149 502 3210 martyrum.
971 3148 1021 3202 lias
1039 3147 1099 3216 tibi,
1123 3149 1235 3201 Domine
1260 3148 1368 3210 etone,
1389 3157 1450 3211 apo,
1473 3142 1540 3210 quia
1567 3139 1639 3194 bunc
1659 3141 1817 3193 thesaurum

105 3208 200 3264 Tertia
216 3210 336 3279 epistola
353 3211 444 3268 abbas
472 3208 625 3281 pollicetur
650 3211 794 3280 Heioissae,
825 3213 916 3270 lactu·
970 3223 1040 3274 sicut
1064 3234 1081 3273 a
1110 3222 1135 3270 te
1160 3215 1375 3272 commmdatum
1403 3214 1503 3282 accepi,
1536 3214 1579 3265 ita
1611 3211 1818 3265 immaculatum

20 3298 23 3309 ·
72 3292 138 3336 rum
154 3293 183 3360 se
203 3286 234 3336 ut
254 3282 417 3339 astralabio
431 3281 579 3339 abaelardo
600 3281 664 3353 ejus
688 3282 746 3340 irtio
767 3283 797 3339 in
817 3284 917 3355 aliqua
970 3291 1070 3360 pietati
1085 3293 1138 3342 tue
1163 3290 1290 3342 restituo.
1316 3286 1359 3341 Ad
1382 3284 1442 3340 haec
1466 3284 1515 3339 illa
1538 3281 1716 3339 subridens:
1746 3280 1818 3346 Quid

72 3348 412 3432 nobiliumecclesiarum
427 3354 462 3410 de
472 3353 625 3425 praebenda
635 3354 823 3424 provideatur
839 3369 917 3426 :qua
971 3360 1079 3432 inquit,
1099 3361 1215 3425 loqueris
1241 3357 1313 3424 cuod
1336 3371 1389 3411 non
1407 3352 1607 3422 iuterropartsi
1631 3352 1717 3408 Addit
1731 3351 1818 3407 histo·

72 3420 107 3477 de
135 3430 269 3479 raetiam
321 3431 397 3481 osteo
420 3426 455 3481 ad
486 3437 589 3495 papam
611 3425 734 3494 scripsit.
769 3425 916 3498 blittltque
972 3432 1049 3487 ricus
1074 3434 1272 3485 Arvernorum
1308 3427 1456 3493 alumnus,
1491 3425 1570 3482 hunc
1600 3423 1736 3480 maritum
1759 3436 1816 3478 non

71 3491 204 3574 magistri
229 3438 438 3552 ahsolutionem
461 3495 489 3552 in
514 3496 614 3552 charta
633 3496 815 3568 descriptam,
833 3504 861 3554 et
881 3498 918 3554 si·
971 3502 1062 3558 multo
1087 3509 1149 3571 post
1178 3500 1365 3556 subsecutum
1401 3498 1489 3554 luisse
1521 3497 1688 3575 conjugem.
1707 3507 1813 3575 suam:

72 3562 150 3635 gillis
168 3565 323 3632 munitam,
339 3567 394 3623 sub
409 3566 463 3622 hac
477 3566 602 3623 lormula
620 3583 627 3620 :
969 3586 1056 3642 porro
1076 3585 1144 3627 cum
1160 3571 1315 3641 utriusque
1338 3567 1522 3638 sepulchrum
1546 3581 1561 3622 e
1584 3566 1705 3622 diversis
1726 3578 1818 3634 parte·

107 3636 165 3699 an
186 3637 281 3692 Petrus
309 3638 494 3694 cluniacensis
525 3638 619 3701 abhas,
646 3636 817 3704 otriPetrum
836 3639 916 3695 Aba·
970 3643 1050 3700 tibus
1061 3642 1232 3698 millocatum
1248 3641 1357 3708 luisset,
1377 3638 1509 3696 miraculi
1537 3636 1658 3703 novitas,
1683 3649 1749 3705 quae
1772 3648 1818 3690 eo-

73 3705 182 3785 lardum
198 3708 227 3760 in
243 3709 403 3764 monachum
419 3710 627 3764 cluniacensem
650 3714 748 3779 recepi,
770 3716 795 3765 et
819 3726 916 3781 corpus
971 3728 1036 3771 rum
1053 3720 1181 3770 sanctam
1194 3713 1353 3770 castitatem
1365 3710 1570 3774 manilestaret‚
1585 3708 1728 3778 apparuit.
1744 3706 1817 3762 Nam

72 3790 130 3845 esus
149 3777 246 3844 partim
271 3780 392 3835 aetatum
414 3781 544 3836 lieloissae
566 3780 710 3836 abbatissae
739 3785 765 3835 et
788 3785 916 3837 moniali·
971 3799 1055 3841 mane
1070 3799 1136 3841 cum
1157 3784 1194 3840 ad
1209 3783 1305 3839 locum
1322 3781 1420 3853 populi
1447 3780 1624 3845 accederent,
1642 3779 1817 3834 invenerunt

73 3846 122 3902 bus
141 3850 292 3906 ·Porocleti
311 3855 440 3919 concessi,
468 3853 631 3908 auctoritate
654 3854 845 3923 omnipotentis
868 3857 917 3909 Dei
970 3856 1111 3912 cadavera
1124 3854 1326 3926 jttnctasimul
1354 3853 1495 3908 incudem
1517 3850 1624 3916 loculo,
1652 3863 1718 3920 quae
1734 3849 1819 3918 longe

72 3922 98 3973 et
112 3925 268 3976 sanctorum
281 3926 412 3992 omnium,
428 3924 537 3980 absoluo
560 3938 683 3994 cumpro
699 3924 788 3995 atficta
814 3925 848 3979 ab
863 3940 917 3980 om·
971 3927 1048 3983 inter
1062 3941 1092 3982 se
1102 3925 1238 3982 distantia
1263 3925 1442 3995 reliquerant
1459 3939 1465 3977 ε
1483 3922 1588 3978 scilicet
1604 3928 1635 3976 ut
1651 3934 1724 3990 quos
1740 3925 1817 3975 tenet

71 3989 154 4045 'libii
167 3995 284 4060 pcccatis
301 3996 369 4049 suis.
969 3997 1063 4054 socios
1079 3997 1195 4063 ctelum,
1214 3994 1392 4065 sepultorum
1409 3994 1456 4049 hic
1479 4006 1631 4063 corporum
1658 4005 1715 4046 non
1738 4004 1819 4059 sepa-

107 4058 187 4126 Qnud
211 4064 234 4119 si
249 4066 442 4121 certissimum
462 4071 505 4121 cst
519 4064 547 4120 in
567 4079 599 4121 eo
619 4071 707 4130 statu,
733 4065 763 4120 in
786 4079 844 4136 quo
863 4080 916 4123 nos
969 4075 1013 4124 ret
1028 4074 1257 4124 monumentum.
1283 4068 1339 4121 llas
1363 4079 1457 4135 usque
1488 4064 1572 4119 hodie
1600 4069 1718 4118 sanctus
1744 4061 1819 4118 duos

71 4129 248 4201 invenimur,
276 4134 358 4192 idest
377 4135 530 4203 morimur,
550 4135 577 4190 in
599 4150 631 4192 eo
646 4149 771 4192 nosesse
783 4135 915 4207 judicatu·
969 4138 1118 4195 Amanteis
1138 4137 1191 4193 loci
1215 4137 1314 4193 incole
1336 4136 1462 4192 vocitare
1489 4140 1712 4200 consueverunt,
1738 4146 1818 4188 sum·

71 4199 122 4257 dos
138 4217 145 4268 ;
161 4203 213 4272 qui
228 4205 332 4274 estqui
349 4220 407 4261 non
423 4213 526 4276 speret,
536 4212 564 4261 et
578 4207 608 4261 in
621 4205 762 4262 charitate
777 4222 836 4263 non
849 4207 914 4265 licta
931 4233 952 4288 Β
970 4223 1076 4279 meque
1088 4215 1266 4265 venerantur
1280 4206 1397 4271 honore,
1410 4213 1537 4275 suntque
1549 4204 1655 4275 templa
1670 4203 1700 4259 in
1714 4202 1820 4259 Arver-

70 4271 204 4352 contidat,
221 4273 336 4330 Petrum
349 4283 488 4356 ,nostrum
511 4282 575 4346 post
595 4277 791 4346 supradictam
807 4278 913 4348 proles·
970 4280 1019 4336 nia
1033 4280 1063 4335 in
1079 4293 1179 4336 corum
1197 4280 1334 4335 bonorem
1356 4276 1501 4358 incognito
1521 4277 1645 4342 nomine,
1670 4276 1727 4330 Deo
1742 4274 1819 4355 dedi·

69 4355 178 4398 sionem
194 4350 221 4399 ol
235 4344 439 4403 contessionem
457 4348 632 4412 ahsolutum,
650 4347 679 4404 in
704 4349 771 4405 sinu
792 4350 917 4406 Abrahae
970 4359 1043 4419 cata,
1059 4356 1087 4406 et
1099 4365 1149 4407 nas
1165 4365 1256 4407 unum
1270 4351 1357 4409 etiam
1372 4348 1498 4403 vidimus
1519 4346 1633 4402 dnobus
1648 4346 1819 4400 amantibus

69 4420 227 4500 receptum,
241 4415 270 4471 in
283 4417 421 4474 extremis
434 4419 790 4476 auditahacsuavivoce:
804 4425 915 4495 Σήμερον
970 4430 1169 4479 conmutatum
1199 4421 1234 4477 ad
1258 4423 1352 4491 ripam
1381 4419 1521 4490 &quana
1537 4432 1595 4473 non
1621 4417 1705 4488 louge
1724 4430 1741 4471 a
1763 4417 1817 4471 lto-

71 4485 342 4566 pry‘tpaolcpirep
366 4487 917 4564 nopotciop.siquidemdictumestdi·
972 4493 1117 4564 thomago.
1148 4491 1275 4548 Similem
1302 4504 1419 4561 auoque
1449 4488 1598 4545 historiam
1624 4487 1710 4544 relert
1742 4487 1818 4543 idem

71 4557 193 4626 scipulis
213 4572 219 4613 :
243 4565 420 4630 ductumque
445 4562 578 4616 solveritis
594 4576 677 4630 super
700 4566 812 4629 turam,
837 4568 918 4617 crum
971 4565 1079 4621 Toron.
1095 4570 1257 4620 senatorem
1272 4560 1415 4618 Hilarium
1430 4560 1507 4630 apud
1522 4568 1651 4616 castrum
1666 4557 1818 4614 llivionem

70 4628 161 4683 soluta
176 4628 246 4685 etin
261 4630 323 4686 ciclo
342 4629 451 4703 (dotti.
465 4631 559 4703 xviri).
578 4632 632 4689 Et:
662 4631 782 4698 Quorum
809 4638 918 4690 remise·
971 4634 1022 4706 qui
1043 4647 1080 4690 ex
1096 4648 1187 4691 uxore
1202 4632 1295 4689 illium
1311 4639 1486 4702 susceperat,
1503 4639 1530 4687 et
1542 4631 1629 4702 juxta
1640 4629 1816 4700 apostolum,

70 4699 230 4781 riticiloan.
244 4702 371 4773 xx),etc.
382 4703 457 4759 Eli).
475 4704 616 4774 August..
632 4703 660 4758 id
674 4711 725 4772 est,
736 4706 770 4761 de
785 4704 918 4761 doctrina
970 4704 1140 4762 honorabile
1154 4704 1325 4776 conjugium
1338 4711 1365 4759 et
1381 4704 1497 4759 thorum
1515 4701 1730 4759 immaculatum
1747 4715 1816 4781 con·

70 4768 253 4828 Christiana:
269 4775 326 4828 lies
350 4775 437 4830 ctaom
459 4773 535 4829 dedit
549 4772 676 4829 Ecclesiae
703 4790 759 4831 suae
783 4776 916 4841 cbristus,
970 4782 1148 4842 servaverat,
1161 4776 1274 4833 obiisse.
1291 4782 1319 4831 et
1334 4774 1492 4844 sepulturae
1511 4788 1544 4830 ex
1561 4784 1704 4828 marmore
1731 4772 1818 4828 Pario

71 4843 175 4909 utque
198 4844 313 4900 solueret
327 4846 357 4900 tn
372 4851 456 4914 terra,
484 4847 574 4900 soluta
594 4848 684 4900 essent
707 4848 737 4901 in
754 4847 828 4913 celo,
857 4863 917 4916 quae
970 4848 1180 4916 mancipatum,
1202 4846 1325 4918 ejusque
1351 4845 1501 4901 mulierem
1522 4845 1643 4900 deducto
1667 4842 1737 4898 anni
1760 4843 1816 4899 cir·

71 4912 172 4978 ligaret
210 4920 240 4971 in
268 4920 342 4972 terra
369 4918 456 4986 ligata
480 4921 569 4971 essent
590 4917 618 4970 io
642 4917 727 4972 celo:
758 4919 860 4973 scilicet
885 4923 917 4973 ut
969 4918 1045 4986 culo,
1062 4917 1093 4973 in
1108 4918 1207 4974 eodem
1222 4916 1338 4974 tumulo
1353 4916 1522 4972 collocatam
1539 4914 1624 4986 iuxta
1642 4915 1753 4993 virum,
1765 4914 1818 4985 qui

71 4983 197 5052 quisquis
225 4987 344 5042 creduut
371 4993 401 5044 in
425 4989 554 5055 Ecclesia,
573 5001 655 5057 seque
674 5003 692 5041 a
714 4993 834 5058 peccatis
859 5005 917 5045 cor·
970 4989 1081 5046 elevata
1097 4989 1213 5045 dextera
1232 4987 1366 5059 conjugis
1378 4987 1517 5044 cervicem
1535 4986 1688 5056 amplexus
1701 4992 1752 5041 est.

70 5057 160 5109 rectus
200 5063 377 5126 manutenet,
402 5063 432 5114 in
455 5060 582 5115 Ecclesia
609 5060 712 5128 orento
739 5062 915 5130 constitutus,
1006 5059 1088 5127 Quod
1112 5060 1136 5116 si
1152 5059 1188 5115 ad
1203 5059 1264 5114 haec
1279 5059 1424 5131 magnalia
1449 5058 1497 5113 liei
1513 5058 1610 5114 aureis
1634 5056 1815 5124 surdescant,

72 5125 181 5181 landen
190 5126 244 5197 pete
258 5132 340 5194 atoue
353 5134 515 5186 correctione
529 5133 684 5186 sonaretur.
969 5132 1117 5200 cordaque
1144 5130 1330 5186 indurescant
1366 5128 1572 5200 quorumdam,
1610 5127 1662 5197 qui
1698 5129 1819 5184 Petrum

107 5196 160 5252 Sed
182 5210 218 5254 ne
247 5206 383 5268 putemus
410 5215 504 5257 unum
538 5219 553 5258 c
582 5200 681 5258 multis
703 5199 916 5270 venerabilem,
970 5201 1079 5273 scripta
1093 5200 1116 5257 si
1131 5215 1190 5256 non
1205 5201 1340 5267 ludibrio,
1352 5210 1381 5256 at
1396 5199 1542 5269 despectui
1558 5199 1675 5264 hahent,
1685 5198 1820 5269 nihilque

70 5266 234 5349 capacitatis
257 5268 383 5340 epitheto
407 5271 593 5329 abaelardum
617 5274 775 5340 decorasse,
798 5280 865 5330 sunt
889 5281 916 5331 et
971 5272 1129 5330 secredere
1142 5271 1279 5338 latentur,
1294 5272 1349 5328 nisi
1366 5270 1443 5342 qnod
1464 5270 1494 5325 iu
1515 5277 1641 5341 utraque
1664 5271 1771 5326 veteris
1790 5277 1819 5327 et

71 5336 123 5420 alti
138 5337 255 5396 illorum
271 5348 432 5411 temporum
452 5343 589 5412 proximi,
612 5343 664 5414 qui
678 5343 714 5400 ad
733 5343 797 5416 eius
810 5344 915 5401 sancti-
970 5343 1045 5401 Nori
1058 5342 1233 5399 Testamenti
1259 5343 1366 5415 pagina
1385 5339 1611 5410 expressisslmis
1633 5341 1820 5398 monimentis

70 5415 138 5466 tatis
154 5409 260 5469 lamam
284 5411 369 5469 etiam
392 5412 535 5470 miracula
556 5414 634 5470 edita
655 5413 827 5472 retulerunt.
848 5415 916 5472 Pro·
972 5414 1134 5472 litterarum
1149 5415 1350 5486 consignatum
1365 5413 1524 5481 reperiunt,
1545 5427 1581 5470 en
1610 5411 1723 5483 protero
1752 5419 1817 5469 tex·

70 5479 162 5537 leram
181 5483 259 5540 enim
276 5484 365 5540 rerba
378 5483 515 5540 chronici
536 5498 587 5540 ms.
608 5485 764 5543 turonici:
785 5486 918 5543 Constru-
970 5493 1033 5543 tum
1048 5485 1057 5557 t
1067 5487 1084 5542 l
1087 5486 1113 5544 V
1138 5487 1204 5555 lice.
1232 5488 1298 5555 xm)
1315 5500 1323 5539 z
1339 5485 1462 5539 ltortuus
1478 5489 1519 5540 est
1530 5485 1674 5553 lielisauc,
1696 5488 1722 5539 et
1736 5499 1817 5557 sepc-

69 5557 160 5621 eerat,
183 5552 290 5627 inquit,
312 5557 408 5612 Petrus
431 5554 594 5613 abelardus
624 5557 766 5614 cenobium
785 5559 815 5613 in
838 5560 918 5614 terri-
941 5591 943 5595 «
970 5559 1072 5615 lterum
1090 5572 1161 5613 eum.
1178 5557 1295 5626 midam
1308 5557 1400 5612 autem
1415 5555 1574 5627 sepelientes
1588 5555 1732 5621 tanmem,
1748 5570 1815 5627 pro·

70 5625 141 5683 torta
166 5624 349 5700 mausus,
368 5629 398 5685 in
415 5631 498 5702 prato
518 5627 632 5700 audam
656 5628 705 5686 ubi
718 5628 804 5700 bema
821 5628 939 5688 salitus·
967 5629 1093 5703 jeceram
1112 5628 1232 5689 cadauer
1253 5631 1284 5687 tn
1310 5627 1483 5701 sepuhirum
1509 5625 1632 5698 diribet,
1655 5626 1730 5701 atad
1754 5642 1818 5687 auat
