3804 5962
626 172 809 232 Exposlrto
828 172 866 232 IN
885 174 1133 234 amandanda.

1696 171 1751 231 73⁴
1767 235 1769 239 y

79 297 216 354 intellecto
234 298 450 368 conspiciantur,
468 303 522 355 etc.
541 298 627 370 (hom.
647 314 666 362 ι,
690 298 745 371 ιιι).
763 298 850 367 Quis·
866 303 890 357 lt
905 299 1002 358 subdit
1022 319 1029 356 :
1046 302 1136 370 lqitot·
1158 302 1275 373 perfecti
1302 305 1366 356 suat
1384 261 1452 368 cati,
1475 304 1529 355 etc.
1552 297 1631 367 (lien.
1658 313 1688 364 ιι,
1710 302 1737 354 l.

92 390 170 445 enim
187 387 222 443 de
237 389 336 458 aliquo
352 387 462 443 artitice
485 402 523 443 an
540 389 633 445 bonus
654 387 698 444 rel
714 390 801 446 solers
820 389 850 447 in

79 478 149 533 tudo
185 475 222 532 sit
246 476 369 533 voluerit
403 476 570 548 intelligere,
600 491 659 533 nou
689 479 780 547 ipsum
801 478 851 535 sed

79 580 91 621 ι
111 566 175 637 ejus
196 565 378 622 considerare
402 565 496 622 debet.
526 566 573 622 Sic
595 572 622 622 et
647 567 721 623 licus
746 565 797 636 qni
821 566 851 622 in

79 671 94 712 o
117 654 271 712 invisibilis
289 662 316 711 et
335 654 631 725 incomprehensibilis
654 663 707 725 est,
732 670 769 712 ex
784 670 852 727 opa-

82 758 205 801 snorum
221 744 421 816 magnitudine
437 746 557 814 primam
573 745 655 801 nobis
669 745 704 801 de
716 759 746 801 se
760 746 851 802 scien·

96 831 217 901 conlert,
238 847 305 889 cum
329 835 424 888 munis
439 833 568 889 bumana
583 834 686 890 notitia
704 843 806 905 surgat
834 849 852 891 a

80 920 147 978 bus.
166 918 247 987 Quod
266 919 418 992 diligenter
441 921 551 992 Moyses
572 922 723 978 attendens
746 923 851 993 populo

79 1008 180 1066 :arnali
195 1016 222 1065 et
237 1009 380 1079 corporeis
399 1009 531 1065 sensibus
552 1010 648 1067 dedito
663 1023 716 1067 nec
730 1010 852 1081 spiritali

79 1097 195 1169 ligantia
209 1097 339 1167 praedito,
357 1098 444 1169 juxta
457 1113 613 1156 numerum
635 1100 766 1171 quinque
784 1115 852 1158 sen·

79 1203 89 1243 ι
119 1187 173 1243 hoc
195 1187 284 1244 Vetus
307 1188 520 1244 Testamentum
552 1189 581 1244 iu
610 1190 742 1261 quinque
772 1189 853 1247 libris

80 1289 131 1333 erc
153 1277 289 1340 decrevit,
307 1276 418 1347 abipso
437 1277 545 1334 divinae
564 1279 716 1334 creationis
734 1280 853 1336 exordio

79 1373 123 1422 rus
155 1365 318 1430 exordium,
345 1366 505 1422 naturalem
526 1367 642 1437 quidem
667 1369 796 1425 ordinem
823 1368 853 1424 in

79 1450 245 1526 prosecutus
263 1471 269 1509 z
288 1455 365 1510 uude
386 1454 456 1511 boue
473 1455 548 1511 hauc
571 1457 660 1526 ipsam
675 1456 739 1528 ejus
753 1471 853 1528 opera-

79 1559 111 1599 ιιι
129 1544 273 1615 prophetae
290 1544 378 1614 hirjus
395 1546 541 1600 materiam
554 1546 746 1615 assignamus.

79 1632 164 1707 tentio
194 1646 260 1687 vero
283 1640 325 1687 est
351 1647 385 1688 ea
406 1647 495 1703 quam
521 1632 723 1703 praeudsimus,
749 1633 852 1690 horum

83 1721 137 1776 icet
172 1721 338 1776 narratione
360 1720 405 1777 vel
430 1722 560 1778 doctrina
586 1722 731 1778 carnalem
758 1723 855 1779 adbuc

79 1808 148 1865 llum
174 1824 209 1865 ex
242 1809 406 1865 visibilibus
436 1810 537 1866 saitem
565 1812 701 1881 operibus
731 1812 767 1866 ad
789 1811 855 1868 cul-

95 1898 211 1954 alliccre
239 1898 382 1965 divinum,
411 1907 443 1954 ut
472 1913 508 1954 ex
539 1899 583 1955 his
615 1899 747 1957 videlicet
771 1900 855 1956 brimo

79 1986 146 2058 ligat
173 1994 313 2056 quantam
338 1988 393 2042 lieo
415 1987 516 2044 debeat
536 1988 736 2056 obedientiam,
767 2003 855 2061 quem

81 2083 110 2131 et
137 2075 171 2130 ad
195 2075 350 2146 imaginem
375 2089 457 2131 suam
477 2077 586 2133 creavit
615 2086 643 2134 et
671 2078 698 2133 iu
723 2078 856 2148 paradiso

79 2171 178 2219 catum
194 2165 305 2219 caeteris
334 2164 457 2233 praeterit
471 2168 611 2222 creaturis
635 2174 774 2237 tanquam
793 2179 856 2236 pro·

99 2266 167 2308 eum
198 2251 320 2308 conditis
345 2254 500 2322 universis,
530 2254 605 2312 siem
629 2258 854 2326 scriptumest:

79 2345 108 2396 io
133 2340 275 2410 subiecisti
299 2343 348 2396 sod
373 2343 489 2413 pedibus
511 2345 581 2413 cias,
604 2352 656 2400 etc.
688 2345 772 2416 (Psoi.
789 2360 854 2412 vtu,

79 2436 154 2498 luem
182 2431 267 2487 ctiam
292 2439 354 2502 post
379 2434 493 2502 culpam
518 2447 535 2488 a
570 2434 703 2505 paradiso
731 2436 857 2505 ejectum

80 2519 153 2575 liciis
178 2520 237 2575 suis
262 2531 318 2576 non
344 2521 496 2592 destituit;
520 2523 567 2579 sed
601 2536 666 2579 eum
696 2523 780 2578 modo
807 2536 857 2594 per

79 2621 111 2664 ra
146 2609 327 2680 corrigendo,
353 2611 436 2667 mildo
461 2625 511 2681 per
537 2611 643 2668 blanda
673 2611 855 2679 attrahendo,

79 2694 167 2768 alege
183 2697 361 2765 instruendo,
379 2700 462 2755 modo
484 2700 632 2756 miraculis
647 2700 855 2770 confirmando,

79 2785 195 2842 ominis
213 2786 392 2856 deterrendo,
420 2787 503 2845 modo
527 2789 768 2859 promissionibus
791 2788 858 2845 alli·

905 391 972 447 Tale
998 396 1040 448 est
1063 390 1141 462 quod
1162 391 1230 447 dicit
1259 391 1288 446 iu
1315 390 1454 462 principio
1478 388 1662 459 sequentium
1684 401 1751 457 ope·

906 491 982 548 rum,
1003 494 1037 536 ac
1060 479 1083 535 si
1099 479 1225 536 diceret:
1243 479 1276 535 lu
1292 478 1433 550 principio
1457 476 1569 543 muudi,
1592 476 1620 533 ld
1643 483 1686 533 est
1701 489 1753 532 aa·

906 576 1022 638 tequam
1038 567 1201 639 quidquam
1218 566 1251 624 de
1276 567 1320 623 bis
1333 581 1400 638 quae
1423 565 1458 622 de
1480 565 1589 621 mando
1605 572 1675 621 sunt
1687 563 1753 620 elli-

906 665 990 714 ceret.
1016 657 1080 716 Nou
1106 658 1182 714 enim
1198 656 1386 728 angelicum
1412 656 1586 724 incorporea
1614 654 1672 709 sint
1699 666 1751 708 na·

906 755 995 813 turae,
1036 748 1111 804 inter
1134 747 1298 802 mundanas
1323 753 1472 801 creaturas
1504 741 1753 812 comprehendun-

906 844 964 905 tur,
980 836 1053 894 sicut
1076 836 1214 905 homines,
1243 834 1405 906 dequibus
1432 834 1459 888 iu
1484 847 1514 888 ιιι
1536 831 1632 902 Topic.
1646 893 1648 898 ¹
1664 828 1753 899 philo

906 924 1015 995 sophus
1048 923 1185 981 meminit.
1218 945 1229 973 ι
1262 923 1397 988 uncinus,
1430 921 1536 992 iuquit,
1568 917 1753 976 Providentia

907 1008 1027 1081 regitur,
1046 1007 1175 1064 homines
1189 1016 1284 1064 autem
1300 1021 1367 1077 pars
1388 1005 1489 1062 rnundi
1509 1014 1595 1076 sunt3
1616 1004 1753 1061 humanae

908 1099 996 1170 igitur
1010 1111 1053 1153 res
1065 1094 1252 1153 Providentia
1266 1103 1418 1167 reguntur.
1435 1114 1450 1144 o

943 1188 1036 1243 Potest
1067 1187 1153 1244 etiam
1190 1186 1229 1241 sic
1257 1185 1389 1256 intelligi,
1421 1186 1453 1240 la
1484 1185 1621 1254 principio
1650 1182 1753 1238 ονεαυιι

908 1277 979 1345 baec,
991 1290 1033 1333 ac
1045 1277 1068 1333 si
1084 1276 1228 1333 diceretur
1250 1284 1283 1332 ut
1299 1277 1359 1346 ipsa
1374 1288 1441 1346 quae
1457 1273 1585 1330 diximus
1610 1273 1752 1330 elementa

907 1375 1075 1422 caeterorum
1108 1378 1261 1435 corporum
1293 1377 1328 1420 ex
1356 1364 1398 1420 eis
1425 1362 1669 1419 conficiendorum
1697 1359 1754 1429 pri·

909 1455 1084 1512 mordialiter
1110 1462 1316 1511 esseutcansa.
1345 1455 1425 1512 Unde
1453 1461 1480 1510 et
1508 1453 1580 1509 bene
1613 1449 1754 1506 elementa
1853 1500 1857 1507 .

871 1552 891 1606 B
910 1545 993 1616 qnasi
1013 1544 1148 1600 alimenta
1168 1543 1336 1610 dictasunt,
1353 1535 1429 1614 qu‘od
1449 1556 1485 1599 ex
1500 1541 1540 1598 eis
1553 1547 1754 1596 raeterasunm
1845 1574 1849 1581 ·

908 1648 968 1690 esse
997 1634 1123 1696 trabant¹
1154 1632 1227 1689 sicut
1249 1639 1277 1689 et
1300 1645 1485 1703 quecunque
1514 1628 1677 1686 animantia
1704 1639 1755 1698 per

908 1724 1045 1779 alimenta
1083 1722 1214 1778 ciborum
1256 1722 1353 1779 vivere
1393 1720 1500 1778 habent
1534 1726 1622 1790 atque
1661 1713 1755 1774 subsi-

909 1821 991 1869 stere.

944 1901 1020 1957 liene
1047 1907 1142 1957 autem
1180 1901 1215 1957 do
1248 1899 1396 1957 elementis
1429 1897 1539 1955 dictum
1569 1905 1622 1965 cst,
1649 1895 1753 1952 creavit

910 1988 1110 2061 potiusquam
1133 1991 1276 2058 remoavit,
1294 1989 1469 2061 quiacreari
1497 1987 1611 2059 proprie
1626 1985 1652 2042 id
1685 1982 1755 2041 dici·

909 2086 969 2145 tur,
992 2078 1068 2149 quod
1090 2079 1124 2134 de
1152 2093 1208 2134 non
1224 2093 1285 2135 esse
1309 2081 1349 2134 ita
1375 2079 1409 2133 ad
1435 2091 1494 2133 esse
1523 2074 1702 2147 producitur,
1723 2079 1757 2131 ιιι

911 2167 1112 2239 praejacentem
1127 2180 1185 2223 nou
1210 2167 1313 2223 babeat
1342 2157 1502 2233 ruateriani,
1533 2178 1585 2219 nec
1600 2165 1628 2219 iu
1651 2162 1751 2232 aliquo

910 2256 1043 2326 pronitus
1062 2256 1228 2312 subsisteret
1251 2263 1362 2312 naturae
1386 2262 1472 2311 statu.
1500 2253 1573 2309 Cum
1596 2260 1693 2308 autem
1721 2250 1756 2307 da

910 2347 972 2416 ipsa
997 2344 1058 2416 jam
1088 2346 1209 2401 materia
1246 2351 1406 2415 preparata
1440 2341 1626 2413 adjunctione
1659 2339 1759 2396 lormre

910 2433 1020 2506 aliquid
1038 2434 1079 2500 ιιι,
1103 2441 1178 2491 recte
1201 2433 1272 2489 illud
1291 2432 1409 2490 formari
1429 2431 1545 2498 dicitur,
1574 2429 1648 2485 sicut
1666 2432 1709 2482 est
1726 2423 1759 2481 il·

911 2521 960 2578 lud
985 2523 1061 2592 quod
1096 2521 1337 2593 insequentibus
1367 2521 1506 2591 ponitur:
1539 2519 1673 2573 Formcoit
1701 2514 1758 2582 ipi-

912 2616 957 2665 latr
970 2610 1103 2666 bominem
1119 2609 1153 2666 dc
1168 2611 1231 2666 limo
1252 2615 1330 2666 terre
1344 2610 1418 2678 (aen.
1441 2624 1470 2675 ιι,
1501 2612 1536 2675 7).
1560 2607 1596 2662 Et
1624 2605 1757 2661 iterum:

909 2702 1044 2754 Pambotis
1068 2703 1155 2767 ipitur
1178 2699 1211 2753 de
1239 2699 1318 2753 bomo
1343 2700 1446 2752 carretis
1466 2695 1651 2750 animantibus
1677 2698 1757 2746 terra

912 2785 1005 2858 (ibid,
1033 2786 1084 2858 ta).
1107 2789 1178 2844 cnm
1215 2787 1292 2843 enim
1319 2788 1475 2857 praejacens
1495 2783 1614 2840 materia
1640 2781 1758 2837 denota·

79 2873 120 2940 lo,
143 2887 257 2929 summa
282 2888 348 2930 eum
377 2875 570 2933 sollicitudine
597 2877 632 2932 ad
657 2879 770 2934 veniam
800 2893 857 2935 non
875 2876 1159 2945 ct.1r,veluticum
1182 2874 1368 2946 praemittitur
1389 2874 1423 2930 de
1452 2873 1540 2928 burno
1560 2869 1698 2941 quoniam
1724 2867 1755 2924 in

79 2967 100 3018 tt
125 2961 257 3017 invitare.
277 2963 345 3027 Quae
360 2964 606 3034 quidem-omnia,
629 2973 659 3021 ut
677 2967 785 3035 praelati
807 2981 856 3023 sn-

79 3092 82 3110 .
109 3049 240 3121 diligenti
264 3052 431 3107 narratione
459 3052 496 3108 ab
523 3053 582 3123 ipso
611 3055 713 3111 muudi
740 3055 857 3112 exordio

79 3151 104 3195 re
118 3138 156 3194 ad
175 3148 304 3211 tempora
323 3154 378 3196 sua
402 3141 510 3212 Moyses
531 3150 699 3212 prosecutus
718 3144 757 3200 ita
772 3157 858 3201 exor-

79 3233 131 3285 eal.

260 3332 296 3373 nn
316 3332 410 3375 ornan
425 3333 518 3375 rurum
542 3334 609 3376 nrnr.

96 3407 237 3476 principio
258 3410 360 3462 creauit
384 3411 454 3462 Deus
473 3408 570 3463 coeium
597 3414 622 3465 et
649 3415 760 3466 terrum
788 3408 858 3467 Coeli

81 3508 136 3551 rrae
152 3496 269 3551 nomine
299 3496 352 3551 hoe
376 3497 437 3554 loco
460 3505 589 3569 quatuor
615 3497 756 3555 elementa
781 3513 859 3555 com·

913 2965 1032 3035 speciem
1057 2964 1187 3037 aliquam
1211 2964 1393 3031 lormaretur,
1424 2969 1494 3019 tunc
1520 2957 1675 3017 rectissime
1703 2956 1759 3013 lor·

911 3055 984 3111 mari
999 3054 1113 3110 dicitur.

948 3145 1032 3198 Terra
1057 3149 1147 3198 cutem
1165 3148 1224 3198 eret
1253 3143 1346 3197 inanis
1372 3145 1397 3196 el
1416 3155 1515 3196 uacua.
1543 3135 1686 3207 Quoniam
1712 3133 1750 3191 ad

912 3231 1039 3290 bominis
1061 3233 1234 3289 creationem
1257 3232 1290 3288 de
1317 3240 1394 3288 terra
1412 3229 1553 3287 lormandi
1574 3237 1602 3284 et
1625 3229 1654 3283 in
1682 3232 1759 3282 terra

913 3322 1109 3378 conversaturi
1133 3320 1295 3391 specialiter
1322 3320 1373 3376 iste
1394 3324 1502 3389 spectat
1524 3323 1673 3380 tractatus,
1698 3325 1774 3392 quo·

913 3410 1062 3481 propbeta,
1079 3419 1111 3467 ut
1126 3409 1264 3479 diximus,
1282 3409 1316 3465 ad
1343 3410 1456 3466 cultum
1480 3406 1529 3463 Dei
1546 3405 1692 3462 bominem
1715 3399 1758 3457 al·

915 3500 999 3556 licere
1019 3499 1183 3568 intendens,
1205 3499 1240 3554 ad
1268 3506 1383 3556 terrena
1405 3511 1490 3567 opera
1505 3497 1611 3567 stylum
1635 3503 1760 3549 couver-

79 3583 148 3641 cudi
178 3584 313 3652 arbitror,
344 3598 380 3640 ex
407 3585 515 3656 quibus
544 3595 683 3658 tauquam
718 3588 860 3644 materiali
914 3589 960 3656 tit,
987 3588 1109 3644 coelestis
1123 3595 1150 3644 et
1172 3586 1328 3657 superioris
1348 3595 1469 3653 naturae,
1497 3585 1524 3641 id
1553 3592 1595 3641 est
1617 3581 1756 3655 angelica)

79 3673 168 3728 tordio
183 3686 286 3730 catera
307 3675 405 3730 omnia
420 3689 542 3745 corpora
565 3684 676 3733 constat
696 3691 756 3734 esse
782 3692 860 3734 corn-
915 3676 1058 3733 creatione
1085 3676 1246 3746 praeterita3
1263 3690 1298 3732 ne
1318 3674 1411 3743 torte,
1429 3675 1530 3731 sicam
1560 3679 1759 3744 perscrutare·

79 3773 115 3817 ta.
140 3759 251 3819 Coelum
268 3762 386 3832 quidem
413 3763 470 3820 duo
488 3763 561 3820 levia
586 3767 737 3832 elementa,
761 3766 857 3837 ignem
916 3770 964 3821 tur
988 3772 1018 3821 et
1039 3763 1075 3820 ad
1099 3764 1240 3821 creatoris
1262 3763 1308 3820 sui
1336 3762 1451 3819 laudem
1475 3761 1539 3831 ejus
1561 3758 1761 3817 excellentiam

80 3848 146 3905 licet
179 3857 266 3921 atque
304 3864 397 3908 aerem
434 3851 512 3909 dicit.
543 3851 667 3922 utque
703 3867 769 3909 vero
801 3854 860 3910 duo
916 3852 1085 3920 ostenderet,
1112 3852 1210 3909 minus
1239 3852 1385 3908 homiuem
1409 3851 1445 3906 ad
1470 3862 1597 3905 amorem
1623 3849 1671 3903 Dei
1697 3845 1761 3903 alli·

104 3939 208 4010 gravia
232 3947 310 4008 sunt,
336 3947 444 3998 terrant
474 3941 647 4010 peueraliter
681 3949 775 3999 vocat.
802 3942 861 4000 Coe·
915 3950 1002 4011 caret,
1028 3943 1079 4015 qui
1103 3941 1158 3999 sibi
1183 3943 1270 3999 aliam
1294 3939 1420 4012 praeferri
1444 3935 1756 4007 naturam'couspice-

91 4026 199 4097 qnippe
219 4037 277 4083 tarn
305 4042 421 4086 aereum
448 4030 581 4095 dicimus,
606 4031 693 4101 juxta
719 4030 802 4097 illud,
817 4047 862 4088 oo·
916 4041 966 4090 ret.
999 4031 1179 4089 Praemittens
1212 4031 1310 4101 itaque
1342 4037 1447 4086 terram
1477 4027 1508 4084 in
1537 4026 1681 4083 creatione
1707 4035 1763 4081 sua

79 4130 101 4171 as
140 4118 211 4186 caeli,
248 4132 337 4188 quam
365 4118 523 4175 aethereum
546 4119 624 4190 quod
661 4126 703 4175 est
730 4119 860 4190 igneum.
918 4123 1033 4178 inanem
1063 4129 1092 4177 et
1119 4133 1244 4177 vacuam
1276 4118 1429 4188 exstitisse,
1464 4117 1608 4190 quomodo
1637 4123 1761 4184 postmo-

79 4218 166 4261 enon
183 4205 343 4278 incongrue
369 4216 425 4263 tam
450 4221 544 4264 aerem
568 4222 655 4280 quarn
683 4208 778 4281 ignem
802 4223 862 4266 ιω·
878 4177 901 4235 ⁰
917 4211 988 4268 dum
1002 4211 1067 4283 eius
1082 4209 1214 4266 inanitati
1237 4216 1265 4266 et
1280 4208 1417 4267 vacuitati
1432 4207 1531 4264 divina
1550 4204 1678 4277 operatio
1697 4217 1764 4262 con·

91 4295 142 4352 hic
161 4298 300 4352 nominat.
325 4297 441 4354 Constat
455 4299 540 4354 etiam
556 4299 659 4355 coelum
683 4301 860 4356 ethereum:

104 4386 205 4456 purior
236 4395 278 4442 cst
308 4388 393 4459 iguis,
414 4387 518 4444 coelum
541 4388 656 4459 proprie
674 4388 765 4444 solere
791 4387 859 4444 dici

80 4475 211 4530 emerito
228 4489 331 4531 nomen
354 4475 429 4545 coeli,
460 4477 537 4547 quod
557 4485 668 4549 quanto
695 4477 795 4549 purior
821 4484 864 4534 est

79 4576 102 4628 s,
130 4569 208 4620 tauto
232 4563 348 4620 levioris
371 4572 413 4620 est
440 4575 563 4634 naturae,
594 4579 643 4636 pro
672 4565 799 4634 duobus,
831 4573 864 4624 nt

79 4664 135 4719 um,
157 4651 269 4710 levibus
297 4653 445 4711 elementis
470 4654 536 4725 ique
560 4655 666 4712 scilicet
689 4663 777 4728 atque
799 4669 865 4713 aere

93 4741 216 4811 positum
249 4756 310 4799 esse
347 4743 546 4815 intelligitur..
568 4743 648 4802 Sicut
675 4759 690 4801 e
720 4744 865 4801 contrario

80 4830 199 4895 terram,
215 4829 302 4899 cujus
329 4829 456 4887 maxime
478 4831 577 4903 gravis
597 4839 639 4888 est
662 4841 690 4890 et
705 4832 865 4903 ponderosa

79 4928 136 4986 rra,
164 4924 222 4972 tarn
253 4927 357 4974 terram
381 4918 473 4989 ipsam
499 4935 588 4991 quam
613 4923 638 4978 ei
668 4920 865 4978 adhaerentem

79 5015 132 5060 am
150 5004 332 5062 determinat.
357 5007 423 5064 Haec
452 5007 549 5079 itaque
573 5020 702 5080 quatuor
725 5010 866 5066 elementa

79 5107 158 5166 quatu
185 5106 354 5153 ceterorum
381 5097 534 5168 corporum
560 5098 702 5170 principia
720 5099 812 5156 Deum
835 5098 866 5157 in

79 5183 162 5255 rcipio
177 5184 275 5241 iecisse
292 5186 477 5256 praenuntiat.

79 5272 161 5329 ttale
187 5275 325 5345 estquod
349 5275 428 5343 dicit,
453 5277 485 5332 la
502 5278 651 5348 principio,
680 5290 715 5334 ac
742 5277 767 5334 si
787 5277 867 5335 dicc-

91 5369 159 5420 ante
180 5361 230 5420 illa
253 5363 350 5421 omnia
374 5378 442 5437 quae
469 5375 679 5438 consequenter
702 5376 867 5437 enumerat,

79 5451 101 5511 le
123 5464 254 5525 quorum
280 5452 368 5511 etiarn
404 5455 654 5514 consummatione
682 5455 867 5528 postmodum

916 4299 1039 4357 suluerit
1074 4299 1264 4369 posteriorum
1304 4298 1418 4355 dierum
1456 4296 1593 4369 operibus
1626 4295 1762 4352 declarat.

919 4392 1047 4454 inanem,
1063 4389 1131 4445 dicit
1153 4395 1292 4446 terrama
1311 4388 1421 4455 fructu,
1444 4401 1532 4459 quem
1553 4387 1683 4442 noudum
1697 4397 1762 4455 pro·

916 4477 1062 4546 duxerat;
1092 4491 1226 4540 vacuam,
1252 4477 1288 4534 ab
1311 4476 1481 4544 habitatore,
1503 4488 1561 4532 non
1585 4475 1679 4531 solum
1709 4473 1763 4528 ho-

918 4567 1008 4636 mine,
1036 4567 1246 4624 verumetiam
1270 4566 1307 4623 ab
1329 4567 1408 4624 omni
1437 4567 1551 4637 penitus
1570 4561 1764 4620 animantium

919 4669 1040 4729 genere,
1056 4670 1124 4713 curn
1151 4655 1232 4713 nulla
1250 4656 1346 4713 adhuc
1371 4654 1532 4711 animantia
1553 4652 1597 4709 vel
1620 4651 1765 4710 terrestris

919 4746 962 4801 vel
983 4744 1118 4817 aquatica
1143 4745 1254 4803 mansio
1278 4747 1446 4813 contineret,
1477 4757 1543 4815 quae
1569 4750 1705 4814 utraque,
1732 4747 1763 4799 ut

919 4834 1059 4903 diximus,
1090 4842 1174 4893 terrae
1197 4833 1336 4892 vocabulo
1362 4833 1626 4905 comprehenditur.
1645 4833 1764 4890 terram

921 4925 1019 4994 itaque
1042 4923 1121 4993 dicit,
1149 4926 1312 4982 secuudum
1326 4923 1404 4997 quod
1432 4922 1597 4994 expositum
1620 4921 1765 4991 osthane

919 5024 956 5068 ex
970 5013 1119 5070 elementis
1133 5015 1273 5086 gravibus
1293 5020 1471 5070 constantem
1485 5011 1647 5069 interiorem
1663 5012 1766 5071 mnndi

921 5103 1077 5174 regionem.
1094 5102 1129 5157 Et
1144 5103 1304 5160 notandum
1333 5102 1421 5174 qnod,
1451 5103 1521 5158 dum
1551 5102 1600 5171 ait,
1626 5107 1766 5159 terraco-

922 5196 975 5245 tem
982 5194 1042 5246 erat
1055 5192 1149 5246 inanis
1163 5196 1190 5246 et
1206 5207 1316 5259 cocae„
1340 5189 1494 5249 subinnuit
1516 5205 1553 5248 ex
1572 5190 1622 5248 illa
1634 5190 1765 5263 apposita

922 5279 1123 5351 conjunctione
1140 5281 1324 5337 adversativa
1350 5278 1470 5338 decmlo
1495 5294 1552 5338 non
1567 5281 1610 5338 sic
1635 5294 1696 5338 csse
1725 5280 1766 5339 in·

923 5368 1122 5441 telligendum,
1145 5384 1213 5427 cum
1233 5369 1365 5426 videlicet
1385 5368 1481 5443 angeli
1508 5370 1554 5429 vel
1581 5379 1648 5430 ante
1669 5371 1766 5444 ipsum

923 5455 1028 5514 celum
1042 5455 1087 5515 rel
1099 5470 1167 5516 cum
1184 5456 1255 5516 cralo
1279 5456 1370 5515 creati
1387 5471 1448 5517 esse
1475 5457 1688 5533 intelligantur,
1713 5456 1766 5530 qui
