3736 5962
476 239 709 300 rnrnonnctto
728 241 775 296 Ab
793 237 1030 298 theothelmi.
1047 271 1081 283 —
1095 240 1161 298 Lllt.
1184 241 1219 297 11.
1649 245 1717 301 {0³8

91 361 230 429 ctoritate,
250 367 278 417 et
300 359 384 430 quasi
401 359 549 418 maculare
572 374 671 418 sacras
696 359 855 418 senten-A
904 363 1038 436 Legimus
1052 363 1139 420 etiam
1155 364 1185 418 in
1198 363 1259 421 vita
1277 363 1359 433 Pauli
1373 364 1499 424 eremitas
1514 378 1532 423 a
1545 365 1629 425 beato
1645 369 1719 426 scri·

90 450 139 506 ssit
172 448 279 505 veritas
308 462 358 519 per
389 448 516 506 infideles
545 449 663 520 prolata.
692 449 818 508 Noverat
872 461 921 524 pta
939 453 1122 524 Hieronymo,
1138 460 1269 524 satyrum
1284 452 1367 510 beato
1391 454 1559 526 apparuisse
1582 455 1716 528 Antonio,

91 538 333 595 tdiscretissimus
353 552 445 609 grana
468 552 483 594 a
506 539 604 609 paleis,
620 547 648 596 et
672 540 815 609 mergari·
872 542 920 613 qui
937 543 1094 599 adventum
1109 541 1266 598 salvatoris
1290 549 1448 612 protestans
1467 542 1507 599 ait
1521 553 1620 602 sancto
1632 545 1715 605 viro:

95 629 161 684 teris
176 629 353 699 quandoque
376 627 569 697 pretiosiorem
586 628 616 684 in
634 628 817 700 sterquilinio
870 633 1139 701 legatione-tenpus
1161 634 1215 687 met
1234 634 1342 701 ercam
1363 646 1508 702 precemur
1523 635 1554 686 ot
1564 648 1615 702 pro
1640 635 1718 690 nobis

91 717 192 784 ndere,
213 729 303 787 quarn
328 716 357 770 ln
379 723 549 772 ornamento
570 715 648 787 regio
676 723 816 789 tanquam
871 735 1036 776 commanem
1051 721 1138 776 Deum
1151 719 1314 790 depreceris,
1339 736 1418 790 qoem
1439 721 1600 777 insolutam
1621 724 1719 780 mnndi

109 805 256 861 aurifaber
281 803 375 860 valeat
400 818 579 874 componere.
602 805 728 861 Tenebat
754 820 816 862 cer·
871 810 935 864 oiim
959 811 1064 866 venece
1098 811 1281 877 cognocimus,
1319 812 1345 864 et
1371 810 1403 864 in
1424 811 1581 865 nniversam
1616 815 1717 870 ersom

108 902 135 949 et
154 895 231 949 dona
253 892 304 948 Dei
326 906 376 962 per
396 907 602 964 quemcunque
617 893 726 951 malum
744 909 816 951 eon-
870 902 940 953 cciii
958 913 1038 954 sonus
1062 898 1130 968 ejus.
1147 897 1238 970 Cuy'us
1256 896 1375 969 quidem
1391 897 1480 968 satyri
1499 898 1633 957 videlicet
1647 915 1718 959 con·

91 984 106 1037 ri
121 997 179 1038 uon
196 996 288 1051 posse,
304 995 358 1037 uec
375 981 474 1038 divina
495 990 676 1040 sacramenta
697 991 816 1040 contra·
870 985 1022 1042 tassionem
1047 999 1081 1042 ac
1106 985 1300 1043 testimonium
1340 985 1374 1042 de
1410 985 1532 1055 Christo,
1569 986 1719 1061 lougaevus

91 1086 190 1127 vorum
206 1071 440 1142 inquinari,cum
451 1079 502 1128 aut
518 1072 548 1128 in
563 1072 679 1129 nomine
689 1072 814 1129 trinita·
871 1076 964 1132 viator
992 1075 1141 1131 admirans
1155 1082 1183 1131 et
1211 1073 1342 1145 gavisus,
1371 1072 1559 1145 quodetiam
1590 1085 1719 1135 monstra

91 1160 161 1216 leles
186 1159 418 1229 baptizantem
443 1160 816 1232 pessimiquiquedivina
869 1161 1015 1219 Christum
1046 1161 1249 1233 predicarem,
1278 1167 1307 1218 et
1334 1160 1519 1219 vehementer
1550 1163 1721 1236 indignatus

91 1249 239 1314 raedicant,
260 1254 310 1304 aut
325 1247 490 1318 prophetias
509 1249 681 1320 loquuntur.
697 1259 725 1306 et
745 1265 815 1307 non·
868 1264 955 1320 super
972 1249 1081 1307 duritia
1099 1257 1127 1306 et
1142 1249 1269 1306 cecitate
1283 1247 1478 1317 Alexandria,
1495 1249 1600 1309 baculo
1621 1253 1720 1311 stetim
1798 1245 1800 1251 ’

91 1352 123 1394 ,ιιι
148 1337 294 1393 miracula
308 1336 428 1393 iaciunt.
443 1336 631 1407 Quaecnnque
646 1338 722 1394 euim
739 1339 815 1396 bona
870 1341 992 1396 humum
1023 1339 1196 1409 percutiens,
1226 1337 1339 1394 aiebat:
1369 1339 1416 1394 Ve
1443 1337 1505 1407 tibi,
1531 1339 1718 1410 Alexandria,

91 1429 170 1483 .er
190 1441 251 1482 esse
273 1440 387 1482 necesse
409 1435 461 1495 est,
486 1441 538 1483 nec
556 1441 590 1484 ea
616 1428 815 1499 quorumlibet
869 1442 930 1497 que
953 1441 1006 1497 pro
1034 1428 1090 1482 Dec
1113 1429 1240 1496 portenta
1263 1430 1410 1484 timearis.
1434 1425 1507 1492 Quid
1529 1443 1601 1485 nunc
1615 1429 1718 1485 dicturi

98 1514 297 1572 contaminere
319 1522 419 1584 potest.
450 1515 530 1572 Unde
557 1530 610 1572 nec
633 1515 813 1587 prophetiam
868 1513 1067 1571 estisiliestie
1091 1516 1241 1584 loquuntur
1259 1515 1413 1573 Christum.
1443 1516 1484 1572 Ao
1505 1515 1529 1572 si
1544 1518 1718 1589 apertecla·

114 1604 236 1676 gentilis,
268 1617 363 1674 neque
395 1603 486 1659 Arioli
526 1618 608 1661 sacra
640 1604 814 1676 improbavit
829 1637 851 1696 B
869 1604 1057 1661 meldicensz
1081 1604 1214 1661 conteret
1233 1604 1444 1674 impudentiam
1468 1614 1594 1663 vestram
1616 1606 1718 1666 saltem

93 1707 210 1763 aequa
225 1692 406 1762 postmodum
431 1693 505 1764 llagi
522 1692 657 1762 primitie
682 1694 814 1766 gentium
871 1692 1008 1751 mntessio
1024 1701 1228 1751 monstrorum.
1245 1695 1312 1759 oue
1337 1691 1454 1765 quidem
1479 1694 1620 1753 marcasio
1638 1703 1719 1756 tanto

102 1783 271 1846 creduntur,
288 1787 321 1836 ut
336 1793 411 1836 nova
434 1789 591 1851 apparente
608 1782 814 1840 stellanovum
868 1783 987 1840 tortasse
1014 1782 1136 1855 gloriam
1170 1782 1331 1840 mirabilius
1364 1790 1453 1854 atque
1480 1783 1637 1854 potentiam
1665 1785 1718 1845 liei

91 1884 183 1941 regem
211 1877 392 1939 quaererent;
415 1883 467 1925 uec
491 1868 605 1940 Sibyllae
628 1869 674 1928 vel
699 1871 814 1944 Virgilii
868 1871 1018 1942 predicat,
1034 1877 1144 1942 quanto
1167 1871 1272 1944 may'ori
1294 1869 1437 1928 miraculo
1454 1879 1496 1928 est
1518 1872 1663 1943 habenda,
1690 1881 1718 1933 et

91 1973 105 2015 e
132 1958 292 2029 spiritualis
316 1958 415 2014 doctor
440 1957 624 2030 Augustinus
641 1962 814 2018 'sanctorum
868 1965 947 2016 tanto
976 1959 1072 2015 verior
1099 1959 1162 2030 ejus
1188 1958 1308 2016 assertio
1335 1958 1461 2027 videtur,
1485 1968 1636 2031 quantoe
1666 1962 1718 2020 do·

91 2047 123 2102 iis
152 2049 276 2102 inserere
314 2047 420 2114 timuit,
451 2048 601 2104 attendens
634 2048 705 2106 illud
737 2051 813 2121 Apo·
868 2048 961 2104 ctrina
985 2047 1136 2104 hominum
1164 2047 1300 2104 remotior
1326 2055 1380 2115 est,
1404 2056 1432 2104 et
1456 2055 1514 2105 tota
1536 2051 1717 2122 suggestioni

91 2140 119 2191 et
142 2152 218 2190 nemo
241 2136 329 2190 dicere
361 2140 451 2206 potest
477 2137 612 2192 Dominus
644 2140 733 2204 lesus,
759 2142 815 2196 nisi
867 2136 959 2193 sancti
987 2136 1112 2208 Spiritus
1140 2136 1321 2207 imputande.
1349 2136 1431 2194 Unde
1453 2144 1481 2194 et
1509 2139 1600 2196 verba
1627 2139 1717 2197 asinae

91 2230 117 2279 tc
136 2230 228 2279 soracte
245 2225 321 2296 (Gor.
338 2239 390 2290 nu,
418 2225 457 2294 3),
475 2240 527 2281 nec
548 2226 727 2297 prophetiam
747 2229 814 2285 cai·
868 2223 997 2291 Balaam,
1019 2232 1047 2281 et
1065 2239 1148 2282 voces
1170 2225 1199 2281 in
1228 2239 1295 2282 aere
1313 2224 1395 2295 lacte
1419 2225 1493 2283 sicut
1512 2227 1548 2283 de
1562 2226 1717 2299 ⁴baptizato

94 2315 259 2369 mmendare
286 2313 464 2383 evangelista
488 2315 598 2370 veritus
623 2323 665 2371 est
690 2316 811 2372 diceus:
866 2311 913 2368 vel
942 2312 1148 2385 transfigurato
1180 2313 1303 2370 Domino
1337 2313 1471 2386 legimus,
1508 2329 1576 2372 cum
1603 2315 1716 2387 aliquid

91 2419 134 2457 em
162 2419 180 2456 o
208 2404 350 2471 semetipso
373 2417 426 2455 noa
454 2402 537 2468 dicit,
573 2402 621 2457 sed
650 2418 711 2458 cum
746 2407 814 2458 esset
867 2400 1029 2459 astantibus
1056 2403 1317 2473 annuntiaverunt,
1333 2409 1413 2459 tanto
1438 2402 1552 2460 labilius
1575 2405 1613 2462 ad
1628 2404 1715 2462 iidem

91 2507 96 2543 t
117 2491 187 2546 anni
206 2492 282 2545 iltius
302 2491 479 2559 proptetovit
506 2489 595 2560 (locri.
615 2505 661 2557 nr,
685 2494 741 2560 5¹).
758 2493 814 2550 Nec
867 2489 1015 2546 auditores
1035 2489 1265 2559 commovebant,
1300 2498 1410 2561 quanto
1432 2490 1626 2550 mirabiliores
1651 2507 1716 2551 om-

91 2580 280 2636 roaemonum
296 2580 458 2636 testimonia
473 2579 665 2651 evangeliun
687 2581 811 2651 reticuli,
868 2575 956 2633 nibus
983 2577 1172 2647 apparebant.
1196 2576 1278 2642 quon
1294 2577 1328 2634 de
1351 2577 1532 2648 pbilosophis
1555 2593 1674 2651 quoque
1688 2588 1717 2639 et

91 2669 103 2723 l
131 2682 231 2725 eorum
266 2668 475 2738 expulsionem,
514 2669 636 2724 Domino
669 2669 811 2739 veniente,
868 2664 1046 2735 quibusdam
1068 2664 1226 2737 gentilibus
1247 2666 1441 2737 quantumvis
1464 2666 1640 2736 infidelibus,
1664 2681 1717 2726 seu

91 2771 151 2813 sum
177 2755 335 2816 Christum.
354 2771 405 2813 seu
425 2757 530 2813 Filium
552 2757 600 2814 Dei
623 2757 814 2815 inclamarent
867 2761 973 2809 nostrae
1002 2752 1069 2810 tidei
1101 2752 1235 2822 inimicis,
1264 2752 1416 2810 manilcsta
1445 2753 1565 2811 docetur
1587 2755 1713 2813 ratione.

91 2850 235 2901 iterentur.
260 2845 371 2915 Quippe
392 2846 477 2917 cujus
497 2846 647 2915 virtutem,
675 2846 735 2903 sive
757 2861 813 2903 na·
868 2839 931 2905 Quo
945 2841 1022 2898 enim
1037 2840 1102 2898 fidei
1118 2850 1223 2899 nostre
1238 2841 1332 2913 magis
1354 2849 1449 2899 essent
1472 2843 1598 2911 adversi,
1620 2845 1717 2902 minus

103 2947 155 2989 seu
175 2933 333 2999 morientis,
358 2934 419 2990 sive
440 2936 619 3005 resurgentis
645 2936 690 2991 vel
714 2949 812 2992 ascen
828 2928 851 2988 G
869 2929 898 2985 iu
912 2929 997 2987 laude
1011 2932 1076 3002 ejus
1099 2931 1302 2989 invenirentur
1326 2931 1462 3001 suspecti,
1483 2939 1512 2988 ct
1537 2932 1718 3002 probabilius

91 3028 113 3078 et
141 3019 282 3077 miracula
311 3021 455 3088 facientis,
491 3021 553 3093 ipsa
593 3023 680 3080 etiam
719 3025 812 3082 insen·
869 3017 999 3076 inlaude
1024 3019 1178 3090 cujuslibet
1197 3027 1241 3076 est
1263 3019 1463 3077 testimonium
1488 3019 1598 3078 inimici
1626 3036 1718 3094 quam

93 3109 220 3180 quodam
249 3110 332 3165 modo
353 3110 483 3180 sensisse,
513 3118 546 3168 ut
565 3111 592 3166 ei
617 3113 813 3171 testimonium
869 3108 966 3178 amici,
977 3108 1052 3165 sicut
1067 3122 1083 3165 e
1100 3122 1238 3165 converso
1254 3108 1285 3165 iu
1306 3108 1435 3165 crimine.
1457 3109 1539 3167 Unde
1549 3118 1577 3167 et
1591 3126 1657 3169 cum
1671 3112 1718 3170 Jo-

94 3198 130 3254 do
157 3197 325 3269 preberent,
349 3198 450 3257 beatus
491 3200 623 3270 perhibet
647 3200 813 3273 Gregorius,
868 3197 946 3268 sephi
961 3196 1052 3254 ludaei
1077 3197 1270 3255 testimonium
1292 3198 1327 3254 de
1348 3197 1462 3255 Christo
1480 3200 1527 3256 vel
1550 3199 1585 3256 de
1609 3200 1719 3258 sanctis

101 3287 219 3358 quidem
256 3295 283 3343 et
317 3286 398 3342 stella
435 3287 531 3344 statim
561 3288 591 3344 in
628 3296 694 3345 ortu
724 3289 814 3360 ipsius
869 3287 932 3358 ejus
956 3286 1085 3359 legimus,
1115 3286 1274 3357 plurimum
1290 3287 1327 3343 ad
1347 3286 1432 3344 fldem
1452 3287 1482 3344 in
1505 3302 1539 3345 eo
1559 3303 1719 3349 commove

91 3375 184 3441 nibus,
213 3377 241 3431 in
267 3383 357 3432 morte
380 3390 448 3433 vero
483 3377 543 3433 sole
571 3377 734 3446 obscurato,
763 3392 811 3448 pe·
868 3389 945 3442 mur,
968 3383 1084 3433 etcum
1112 3376 1248 3434 audimus
1284 3374 1434 3432 Philonem
1461 3376 1596 3436 ludeum
1625 3377 1718 3436 vitam

93 3464 156 3522 velo
180 3466 279 3535 templi
300 3464 405 3532 scissia,
427 3473 455 3522 et
483 3466 678 3522 monumentis
702 3473 813 3522 sancto-
869 3464 1079 3522 monachorum
1102 3465 1218 3537 AEgypti
1234 3464 1369 3535 probasse
1384 3472 1473 3537 atque
1487 3468 1717 3535 commendasse,

91 3554 157 3611 ortis
177 3554 401 3625 resurgentium,
419 3553 577 3625 multisque
596 3555 814 3625 apparentium,
870 3551 934 3622 plus
963 3553 1046 3610 nobis
1070 3553 1207 3610 satisiacit
1240 3567 1331 3624 quam
1359 3553 1470 3624 siquis
1496 3565 1629 3613 nostrum
1653 3570 1718 3615 eam

91 3643 240 3699 irrectione
263 3651 345 3699 terrae
378 3652 460 3700 motu
492 3642 567 3699 iacto
602 3657 668 3700 cum
701 3644 815 3700 visione
869 3642 1092 3698 commendaret.
1108 3643 1153 3698 lix
1175 3656 1234 3713 quo
1248 3642 1367 3713 utrique
1388 3641 1464 3700 luter
1485 3642 1613 3701 illustres
1640 3645 1719 3703 viros

92 3745 151 3801 um,
181 3732 211 3788 in
239 3733 406 3789 ascensione
429 3733 508 3790 nube
540 3746 605 3789 eum
630 3732 813 3802 suscipiente.
869 3729 985 3786 abesto
999 3729 1174 3801 Hieronymo
1190 3729 1395 3787 connumerari
1417 3737 1446 3788 et
1473 3731 1580 3789 ascribi
1603 3747 1719 3792 merue-

91 3835 206 3891 quoque
236 3822 393 3891 potentiam
425 3829 513 3892 atque
550 3820 722 3891 sapientiam
747 3821 813 3878 uni·
870 3825 948 3875 runt.
963 3817 1038 3883 Quid
1058 3818 1145 3875 etiam
1172 3819 1268 3889 magis
1298 3818 1494 3877 necessarium
1515 3821 1552 3877 ad
1576 3821 1719 3882 detensio-

96 3910 199 3966 mundi
227 3918 347 3967 ornatus
371 3910 547 3967 annuntiare
574 3923 633 3967 non
657 3916 748 3966 cessat
782 3922 816 3965 ac
869 3921 935 3965 nem
951 3907 1016 3964 fidei
1031 3915 1147 3976 nostre,
1166 3920 1256 3978 quam
1276 3913 1310 3964 ut
1333 3907 1474 3965 adversus
1495 3908 1626 3966 omnium
1651 3909 1721 3966 ind-

91 4013 138 4067 re,
154 4006 181 4054 et
200 4013 253 4055 suo
268 4000 351 4055 modo
366 3999 495 4066 laudare,
514 4007 542 4056 et
556 3998 816 4066 commendarent
870 3995 980 4053 delium
1003 3995 1264 4066 importunitatem,
1294 4008 1332 4051 ex
1364 3994 1435 4066 ipsis
1463 3995 1624 4055 habeamus
1668 4012 1720 4070 per

91 4108 94 4144 l
109 4089 237 4145 mirabili
250 4088 455 4159 compositione
470 4102 504 4144 ac
518 4087 713 4157 dispositione.
735 4088 816 4146 Unde
871 4084 949 4157 quod
964 4085 1040 4156 ipsos
1062 4084 1252 4142 refellamus?
1267 4092 1302 4141 ut
1315 4084 1340 4142 si
1364 4098 1416 4142 uos
1430 4085 1576 4158 impetunt
1594 4087 1720 4160 philoso-

91 4192 122 4234 us
149 4193 156 4232 ι
179 4178 347 4247 deunitatis,
387 4177 493 4249 inquit,
531 4179 619 4249 ipsius
647 4194 665 4232 o
688 4183 816 4233 creatura
831 4207 855 4263 D
872 4173 933 4244 phi,
948 4173 1087 4244 peripsos
1100 4172 1315 4230 convincantur
1331 4173 1460 4231 doctores
1480 4175 1526 4232 sui
1550 4183 1639 4247 atque
1654 4178 1719 4250 phi·

91 4284 129 4324 >cr
151 4284 183 4323 eo
206 4285 266 4339 quse
286 4270 363 4336 scete
387 4272 460 4336 sunl,
483 4268 621 4322 intellecta
643 4267 816 4338 conspiciun-
871 4261 993 4333 losophi,
1015 4269 1043 4319 et
1065 4261 1090 4319 si
1111 4276 1164 4319 nos
1188 4262 1331 4334 impetunt
1352 4262 1481 4321 haeretiei
1502 4277 1520 4320 a
1540 4265 1650 4336 quibus
1673 4282 1718 4326 se·

91 4361 215 4428 opiternc
236 4373 341 4427 quoquc
354 4361 443 4412 virtus
459 4360 485 4410 et
499 4357 641 4424 divinitas,
658 4356 815 4429 stellione.
870 4366 927 4409 crae
947 4351 1061 4424 pagine
1082 4349 1252 4408 testimoniis
1275 4350 1455 4408 refellantur.
1470 4352 1566 4425 Atque
1579 4354 1619 4411 ita
1634 4355 1722 4427 Juxta

91 4448 158 4504 ilinc
176 4446 327 4503 Psalmista
353 4445 562 4503 insensibilium
590 4459 708 4516 quoque
734 4460 818 4503 crea·
870 4440 1064 4511 Apostolum:
1093 4441 1176 4498 Omne
1207 4456 1236 4496 os
1269 4440 1438 4509 obstruetur,
1465 4445 1491 4497 et
1516 4443 1643 4499 sabditos
1671 4444 1722 4515 tici

91 4549 106 4591 u
134 4535 270 4592 laudibus
303 4535 492 4605 applaudens,
518 4549 617 4591 omnes
644 4534 751 4605 pariter
779 4534 816 4591 ad
871 4529 1099 4613 omnis'muadcs
1141 4529 1198 4584 Deo
1228 4529 1317 4599 (nom.
1363 4545 1407 4598 111.
1445 4531 1499 4600 le).
1530 4530 1602 4596 Quis
1634 4532 1722 4591 eiiam

98 4623 147 4680 liei
184 4632 331 4680 creaturas
360 4623 473 4689 invitat,
504 4622 589 4692 quasi
618 4636 656 4678 en
681 4623 818 4680 omuibus
871 4618 1019 4676 hereticos
1033 4617 1118 4690 longe
1139 4617 1295 4676 deteriores
1308 4633 1370 4676 esse
1392 4620 1538 4692 gentibus,
1554 4629 1581 4678 et
1598 4622 1721 4693 quibus·

92 4712 214 4769 conditis
226 4713 327 4769 laudes
347 4712 396 4767 Dei
415 4725 432 4767 a
458 4711 541 4767 uobis
563 4711 671 4782 exigat,
693 4711 743 4782 qui
766 4725 818 4782 pro
871 4708 938 4766 dam
953 4706 1131 4779 philosophis
1149 4708 1284 4778 ignoret?
1299 4708 1387 4765 Juxta
1410 4722 1538 4780 namque
1556 4712 1633 4769 Petri
1654 4726 1723 4783 apo·

91 4801 224 4858 imundo
240 4801 368 4858 condidit
391 4800 540 4858 universa.
564 4801 646 4857 Unde
661 4808 688 4856 et
706 4813 723 4855 a
738 4813 818 4856 sum·
872 4796 934 4853 stoli
949 4797 1148 4864 assertionem,
1164 4796 1268 4854 melius
1288 4804 1362 4853 esset
1384 4796 1430 4853 his
1452 4811 1513 4856 nou
1538 4813 1621 4856 nome
1645 4799 1721 4856 ueri·

104 4891 178 4959 oceli,
210 4897 238 4947 et
275 4890 454 4946 solemnitate
491 4888 663 4961 angelorum
697 4901 819 4944 exorsus
872 4885 1041 4955 tatisviam,
1066 4899 1157 4958 quam
1183 4893 1246 4958 post
1274 4885 1403 4958 agnitam
1427 4894 1504 4945 retro
1527 4886 1569 4944 ire
1584 4887 1624 4960 (ll
1646 4890 1720 4944 Petr.

91 4979 114 5036 td
133 4979 272 5036 dracones
285 4987 313 5036 et
332 4986 478 5049 serpentes
500 4985 589 5049 atque
610 4990 710 5034 onrnes
729 4976 819 5046 abys-
874 4990 907 5043 rr,
923 4975 963 5048 2).

91 5069 156 5129 ‘ines
182 5068 310 5126 extendit
330 5068 441 5136 laudes,
464 5081 531 5125 cum
550 5065 677 5124 dixerit:
695 5063 819 5121 Londcte
908 5063 937 5122 Si
965 5077 1034 5136 ergo
1064 5070 1179 5135 propter
1206 5062 1405 5121 infidelitatem
1434 5063 1599 5136 gentilium,
1624 5065 1654 5124 hi
1670 5065 1723 5138 qui

91 5174 121 5213 oa
141 5159 175 5214 de
202 5164 286 5226 tero,
313 5158 444 5212 dracones
459 5163 484 5211 et
507 5171 600 5212 omnes
618 5155 712 5223 abyssi
734 5153 817 5224 (Psoi.
873 5151 1020 5224 aliquibus
1034 5165 1138 5209 eorum
1153 5151 1323 5209 testimoniis
1348 5152 1393 5210 vel
1415 5151 1499 5210 dictis
1521 5163 1654 5225 utantur,
1673 5169 1724 5215 ar-

117 5248 152 5318 7).
184 5249 216 5305 Et
243 5249 372 5305 iterum:
395 5250 538 5320 Serpentes
561 5250 586 5302 ct
608 5245 728 5301 cotonea
748 5259 820 5315 pea-
872 5241 981 5316 guendi
996 5248 1088 5299 sunt:
1109 5240 1200 5298 multo
1215 5241 1341 5313 amplius
1361 5241 1403 5299 illi
1420 5240 1473 5314 qui
1491 5243 1625 5317 origenis
1640 5251 1682 5304 tot
1695 5252 1724 5304 et

91 5337 293 5408 ›td.,10).Qui
311 5337 476 5408 neoaliqua
499 5334 613 5408 reptilia
632 5332 818 5406 pretermisit
873 5330 961 5389 tantis
975 5328 1135 5386 heresibus
1161 5329 1265 5387 irretiti
1285 5329 1474 5402 expositiones
1491 5340 1580 5406 atque
1601 5342 1722 5393 senen-

91 5427 275 5483 ,Loudcbuat
297 5428 376 5482 illum
397 5426 457 5481 ceti
471 5430 497 5481 et
525 5431 609 5493 tero,
623 5439 700 5482 more
723 5426 749 5480 ct
768 5437 820 5480 one
874 5421 1001 5480 tlaatam
1024 5419 1152 5477 studiose
1172 5418 1210 5476 ad
1236 5427 1366 5478 nostram
1395 5422 1607 5482 transtulerunt
1633 5431 1723 5498 atque

91 5514 535 5589 meermannianam).
872 5507 1298 5581 induxeruntedidcationem,
1317 5522 1436 5570 cumea
1454 5510 1623 5574 infidelitate
1635 5513 1724 5574 dam-
