3804 5962
41 101 140 196 vrra
371 91 474 185 eorm
495 128 684 185 renerum
704 127 780 185 ore.
803 128 892 186 eres
911 130 946 185 u.
968 159 1002 170 -
1021 128 1211 188 seauoues
1229 130 1271 185 nr
1291 129 1413 188 oense.
1435 128 1553 187 ascen.
1652 176 1657 194 .
1785 134 1838 191 nt
1889 162 1898 211 g

87 265 224 345 seipsum
237 261 268 319 iu
290 258 346 316 line
367 258 461 328 operis
472 257 578 328 posuit,
590 259 654 329 eius
673 257 738 315 ritae
750 258 897 330 quantitas
905 264 933 316 et
948 258 972 314 Α
986 256 1170 328 compelleret
1194 266 1222 316 et
1252 258 1309 316 illis
1334 259 1396 330 jam
1411 258 1555 316 deiunotis
1569 261 1769 333 potiusquam
1784 262 1841 320 sibi
1889 291 1898 347 ,1

85 349 320 423 iluisaquodam
334 347 432 403 addita
444 347 595 417 reperitur.
722 344 729 353 ’
989 347 1062 405 illios
1077 361 1224 420 generare,
1256 356 1288 406 ut
1315 347 1358 405 vel
1382 349 1463 406 sica
1497 349 1646 408 maledicto
1673 350 1745 424 legis
1777 352 1840 411 illos
1889 370 1898 422 i

319 451 465 495 roonncun
479 451 618 494 nacorssa
631 450 697 492 xnrr.
989 436 1159 505 absolveret,
1173 439 1223 509 qui
1242 437 1321 508 prole
1337 439 1442 509 privati
1459 452 1517 495 non
1533 447 1638 496 essent.
1890 470 1898 513 g

122 530 227 590 Utrum
259 528 366 598 aliquis
385 528 414 582 in
445 539 479 582 eo
507 526 585 595 quod
606 524 703 582 tacita
734 524 853 582 Domino
881 524 936 582 sibi
1024 526 1088 597 lpse
1113 527 1199 583 etiam
1232 527 1371 584 Dominus
1391 528 1710 600 observatoribuslegis
1724 528 1752 586 id
1764 543 1841 601 qno·
1892 564 1898 618 g

85 631 267 686 eoncessum,
284 615 431 673 ueletiam
454 614 580 687 jussum,
606 627 723 686 peccare
747 613 836 686 possit
859 627 936 686 qure-
991 627 1049 686 que
1079 615 1108 671 in
1132 617 1366 672 remuneratione
1389 616 1551 684 constituit,
1578 625 1611 673 ut
1631 617 1741 673 steriles
1763 617 1842 689 apud
1893 656 1898 691 g

88 708 192 785 murus.
991 717 1039 760 eos
1050 718 1108 759 non
1125 713 1323 773 permaneant,
1344 713 1402 761 tam
1421 706 1450 761 in
1465 705 1631 762 bominibus
1645 719 1732 776 quam
1748 705 1778 761 in
1789 705 1842 775 ju·
1894 727 1898 780 l

368 806 481 849 socurro
496 804 655 848 mnarum.
991 793 1104 849 mentis.
1132 793 1178 849 Sic
1205 793 1313 865 quippe
1336 795 1475 864 scriptum
1491 793 1573 850 estin
1598 793 1841 851 Deuteronomio:
1894 830 1898 868 ,

104 883 207 954 ‚Quod
219 881 254 947 si,
271 888 304 939 ut
315 887 436 952 oportet,
455 893 558 937 verum
576 879 761 949 concedatur,
778 878 940 951 quaestione
991 881 1023 936 st
1051 886 1198 950 postquam
1230 883 1352 939 cedimis
1380 883 1434 938 loeo
1459 882 1579 952 judicio,
1610 883 1774 939 custodieris
1797 898 1840 950 eo,
1895 919 1898 949 ,

87 972 173 1049 gravi
190 970 350 1043 pulsamur,
367 968 512 1039 quomodo
534 970 683 1039 conjuges,
711 968 756 1026 vol
771 971 801 1025 in
816 970 938 1041 antiquo
993 971 1125 1025 custodiet
1148 976 1173 1026 te
1198 975 1337 1038 donicens,
1361 973 1458 1041 diliget
1484 979 1509 1027 et
1531 973 1737 1043 multiplicabit,
1764 972 1841 1029 bene·
1896 1005 1898 1044 :

91 1063 208 1136 populo,
237 1059 282 1117 vel
320 1057 351 1114 iu
379 1071 464 1123 nove,
491 1056 638 1114 carnalem
676 1057 939 1129 concupiscentiam

89 1157 266 1218 exercentes,
296 1148 326 1205 in
355 1162 388 1204 eo
416 1148 691 1218 peccaredicantur,
707 1149 783 1204 unde
808 1149 941 1218 inposte-

91 1228 139 1309 ros
184 1246 334 1310 peecatum
373 1236 514 1307 originale
554 1235 772 1293 transiundant.
814 1236 941 1292 Priorem

94 1330 201 1411 quippe
231 1325 370 1398 populum
399 1326 434 1380 ad
461 1324 826 1396 procreationemdliorum
842 1325 941 1381 bomi-

93 1434 150 1477 nus
173 1431 210 1474 ex
241 1424 392 1487 precepto,
419 1423 447 1472 et
463 1416 534 1484 legis
550 1414 700 1472 maledicto
712 1413 741 1470 in
752 1429 810 1477 eos,
827 1415 877 1486 qui
901 1428 943 1470 se-

994 1058 1119 1129 dicetque
1144 1062 1368 1136 [melnicentris
1384 1064 1475 1129 tonet
1504 1067 1582 1117 terra
1618 1067 1670 1117 tua
1701 1063 1843 1128 cernentis,

995 1150 1122 1217 gregibus
1139 1152 1240 1206 ouium.
1258 1151 1421 1206 Benedictus
1436 1154 1490 1206 eris
1513 1156 1585 1207 inter
1608 1166 1697 1207 omrres
1715 1150 1843 1221 populos.

994 1237 1115 1294 Nonerr't
1126 1240 1202 1310 opud
1222 1246 1247 1296 te
1259 1242 1362 1296 sterilis
1378 1243 1522 1312 utriusque
1536 1256 1627 1308 secus,
1656 1247 1712 1294 tom
1739 1243 1770 1294 r'n
1799 1241 1844 1294 lro·

996 1326 1115 1383 nrirribus
1131 1344 1214 1399 quern
1242 1332 1272 1384 in
1290 1329 1417 1398 propiores
1434 1334 1488 1385 tuis
1514 1333 1602 1400 (Dent.
1620 1344 1674 1393 var,
1694 1329 1746 1397 13).
1765 1327 1848 1385 Unde

997 1421 1025 1472 el
1039 1425 1135 1483 nullos
1162 1428 1328 1478 sanctorum
1360 1420 1474 1474 Parrum
1492 1419 1615 1489 legimus
1631 1417 1848 1488 seuriueprlva·

94 1522 161 1564 men
177 1507 206 1563 lu
221 1504 308 1561 lsrael
324 1518 382 1560 non
396 1504 604 1576 relinquerent,
619 1504 842 1574 constringebat.
864 1503 943 1560 Unde
961 1543 982 1599 B
1000 1527 1051 1580 tos.
1077 1513 1213 1587 quamvis
1228 1509 1338 1567 steriles
1357 1509 1496 1564 haberent
1508 1521 1623 1571 uxores,
1643 1522 1716 1578 quas
1735 1522 1795 1562 non
1811 1506 1849 1562 ad

94 1611 153 1653 11⁰ss
176 1594 268 1652 ⁵0¹⁰OE
297 1592 398 1663 primis
421 1593 943 1665 lafssssllblfflsslel⁰⁰⁰³¹u¹¹¹dlllil³
1002 1608 1179 1676 voluptatem
1217 1598 1454 1668 utncupisoorlae
1487 1597 1612 1652 carnalis
1644 1597 1848 1665 exercendam,

96 1687 250 1744 Cresciteet
280 1682 515 1753 multiplicemini,
544 1688 569 1737 et
592 1686 692 1755 replete
704 1688 807 1738 terrent
822 1683 898 1752 (Gen.
923 1697 945 1745 1,

95 1775 153 1842 ael,
169 1787 271 1831 serum
298 1778 384 1828 ettam
412 1772 466 1828 boe
484 1771 579 1842 ipsum
604 1772 662 1829 Noe
674 1781 701 1828 ct
715 1772 780 1828 lrliis
807 1771 871 1842 ejus
886 1778 948 1842 post

96 1863 241 1921 diluvium
259 1860 389 1931 injunxit
416 1861 496 1932 (Gen.
529 1873 592 1928 ιιι,
610 1863 648 1928 l).
665 1862 878 1931 Desupradicto
894 1875 946 1917 au-

97 1961 155 2010 tem
171 1952 242 2025 legis
258 1950 420 2015 maledicto,
437 1964 496 2021 quo
512 1950 547 2004 ad
565 1952 801 2022 propagationem
820 1949 948 2006 filiorum

98 2043 229 2100 homiues
255 2039 444 2112 cogebantur,
478 2039 550 2096 illud
578 2047 620 2096 est
658 2039 824 2110 llierouymi
850 2048 950 2095 contra

99 2124 246 2188 Elvidium
263 2130 302 2186 lle
311 2137 449 2199 perpetua
460 2127 624 2201 virginitate
639 2139 746 2186 sancte
763 2128 860 2184 Mariae
876 2127 946 2199 (97):

100 2218 265 2286 «Quandlu
291 2219 337 2274 lex
365 2218 413 2274 illa
428 2218 584 2287 permansit
601 2233 607 2274 :
623 2219 748 2285 Crescite,
769 2224 795 2273 et
817 2218 951 2287 multipli-

99 2309 212 2372 camini,
239 2312 265 2360 et
288 2307 390 2375 replete
431 2311 551 2374 terrcm;
579 2314 624 2362 el:
655 2307 802 2362 Maledicte
836 2308 948 2374 sterilis,

101 2410 161 2462 quae
186 2409 241 2449 non
261 2396 330 2461 (orit
353 2409 442 2448 semen
458 2396 486 2448 in
500 2396 586 2449 lsrael
596 2395 702 2464 (Ecod.
723 2409 804 2458 xxru,
819 2394 875 2467 id),
891 2410 950 2450 nu-

101 2484 207 2558 bebant
221 2497 329 2550 omnes,
341 2491 368 2539 et
379 2483 574 2539 nubebantur.
588 2505 603 2533 »
618 2485 689 2539 llino
704 2492 731 2539 et
744 2483 813 2539 illud
824 2496 865 2540 est
877 2483 951 2539 beari

103 2570 262 2643 Augustini
290 2569 320 2627 in
333 2570 405 2628 linro
430 2573 468 2628 De
482 2571 556 2628 bono
577 2573 723 2644 conjugali
739 2572 793 2640 (98)
807 2587 813 2626 ;
829 2593 842 2622 o
859 2572 952 2628 Conti-

1002 1697 1050 1753 sed
1066 1696 1100 1751 ad
1120 1690 1259 1763 populum
1276 1689 1325 1744 Del
1342 1687 1559 1758 propagandum
1581 1686 1736 1754 ducebant,
1750 1692 1850 1742 utnon

1002 1793 1060 1842 tam
1078 1782 1131 1839 sibl
1147 1793 1235 1851 qnam
1254 1780 1309 1834 beo
1326 1776 1397 1832 lilios
1422 1783 1615 1843 procrearent.
1632 1774 1721 1842 Quale
1733 1783 1761 1830 et
1778 1773 1850 1830 illud

1002 1882 1043 1930 est
1067 1872 1181 1929 Trlblae:
1196 1871 1230 1925 Et
1255 1882 1337 1930 nunc,
1360 1867 1483 1933 Domine,
1509 1866 1607 1919 tuscis
1628 1865 1693 1930 quio
1722 1877 1776 1917 non
1809 1862 1851 1917 lu-

1002 1965 1092 2019 curiae
1106 1975 1190 2016 conso
1221 1958 1323 2025 occipio
1343 1970 1459 2010 sororem
1480 1968 1586 2020 menm;
1611 1952 1659 2008 sed
1680 1950 1739 2007 sola
1763 1955 1853 2022 poste·

1000 2054 1095 2107 ritulis
1124 2063 1217 2108 conso,
1243 2047 1274 2099 r'n
1288 2059 1345 2114 quo
1373 2042 1544 2098 benedicetur
1558 2057 1654 2096 nomen
1666 2045 1742 2095 tuum
1758 2043 1788 2093 in
1803 2053 1852 2094 sae·

1004 2142 1066 2200 colu
1080 2140 1240 2194 seculorum
1264 2133 1339 2205 (Τοῦ.
1360 2147 1420 2200 ιἰιι,
1438 2131 1474 2202 9).
1502 2132 1560 2187 llao
1585 2131 1742 2186 intentione
1759 2127 1852 2184 ebra-

1005 2225 1072 2282 bam
1089 2223 1269 2280 matrimonio
1295 2220 1456 2291 copulatus,
1472 2217 1509 2276 de
1526 2234 1616 2276 uxore
1638 2219 1727 2276 sterili
1742 2219 1854 2290 prolem

1004 2327 1147 2384 suscipere
1170 2312 1277 2372 meruit
1306 2312 1380 2380 (Gen.
1403 2323 1463 2377 ιιιί,
1493 2311 1548 2365 lot
1573 2309 1653 2379 seq).
1670 2308 1715 2365 Sic
1736 2321 1855 2379 quoque

1005 2403 1085 2459 isaac
1101 2403 1181 2473 (Gen.
1195 2400 1279 2470 xxv),
1296 2400 1401 2456 Manae
1417 2407 1496 2469 pater
1507 2397 1762 2469 Samsonislludic.
1776 2394 1855 2468 xro),

1006 2492 1157 2562 Elcanade
1172 2493 1256 2546 Anna
1270 2489 1304 2557 (l
1320 2490 1385 2555 lteg.
1399 2505 1418 2556 1,
1432 2489 1485 2556 lb),
1495 2487 1648 2544 Zacharias
1663 2486 1697 2542 de
1709 2484 1857 2541 Elisabeth

1023 2583 1085 2637 luc.
1099 2597 1119 2646 r,
1134 2583 1185 2635 5et
1195 2579 1266 2650 seq.)
1284 2586 1409 2649 optatam
1427 2577 1522 2647 adepti
1537 2586 1605 2633 sunt
1617 2575 1733 2646 prolem,
1751 2588 1787 2629 ne
1799 2586 1858 2629 ma·

103 2662 234 2722 nentium
261 2660 385 2717 loannes
402 2670 430 2717 et
451 2661 479 2716 in
493 2675 588 2731 opere,
602 2662 749 2719 Abrabam
765 2676 832 2719 vcro
851 2663 880 2719 in
893 2662 952 2718 solo
1019 2668 1147 2724 edictum
1169 2666 1241 2736 legis
1252 2665 1296 2722 vel
1313 2664 1499 2735 opprobrium
1516 2664 1695 2719 incurrerent
1707 2661 1858 2717 matrimo-

105 2750 208 2810 babitu
233 2750 367 2807 babebat.
400 2749 451 2807 lllo
480 2751 578 2821 itaque
600 2759 735 2820 tempore,
766 2766 832 2808 cum
853 2759 880 2808 et
905 2750 950 2806 lex
1009 2759 1063 2812 nil.
1080 2755 1162 2822 Quod
1187 2757 1253 2810 lude
1278 2752 1495 2809 matrimonium
1512 2760 1553 2808 est
1577 2751 1696 2817 dictum,
1717 2750 1794 2822 quod
1821 2748 1858 2804 ad

105 2843 165 2900 dies
193 2840 423 2913 patriarcharum
466 2839 646 2910 subsequens
670 2840 852 2897 maledictum
882 2835 993 2896 dixitG
1013 2842 1260 2901 matremfamilias
1290 2843 1448 2899 taciendam
1467 2839 1634 2896 sitinitum.
1661 2838 1719 2894 lloc
1739 2838 1858 2895 maledi·

108 2930 498 3004 quinonexcltaretsemen
527 2929 556 2983 in
581 2929 680 2995 lsrael,
704 2937 729 2985 et
754 2930 805 3000 qui
833 2937 953 3000 poterat,
1010 2943 1089 2991 ctum
1122 2934 1193 3002 legis
1220 2932 1320 3003 lepbte
1355 2930 1413 2986 lilla
1437 2929 1632 2992 considerans,
1658 2926 1859 2998 virginitatem

109 3034 168 3077 11⁰⁰
193 3018 527 3091 ils⁰ss10b³b⁵t³dlaffl⁰fl
546 3017 680 3073 bambae
700 3018 956 3074 ’ldefflddlulite
1012 3036 1094 3080 suam
1122 3020 1255 3084 dellebat,
1286 3019 1362 3091 qnod
1391 3018 1473 3087 virgo
1503 3016 1795 3072 rnorltrrrasemeniu
1817 3017 1859 3072 ls-

107 3103 182 3166 'num
193 3109 233 3165 De
246 3105 621 3176 vidultatoserrandaltlel:
641 3104 868 3177 ‹Neequiadixi
880 3106 958 3163 lturb
1013 3115 1071 3175 raet
1088 3127 1144 3169 nnn
1168 3120 1240 3169 esset
1261 3110 1397 3166 relictura
1414 3109 1520 3182 (dudio.
1535 3125 1573 3172 ιι,
1589 3108 1644 3179 38).
1660 3107 1703 3162 ab
1728 3107 1783 3162 boe
1806 3121 1861 3177 op-

108 3187 235 3265 beatam,
267 3196 382 3252 Annam
415 3193 579 3262 beatiorem,
606 3210 673 3251 curn
698 3195 747 3251 illa
763 3195 958 3266 bisnupserit,

110 3288 172 3345 baec
182 3284 297 3341 univira
310 3285 365 3339 cito
377 3283 500 3339 viduata
522 3283 574 3339 diu
590 3284 705 3352 vixerit,
722 3285 861 3341 continuo
873 3285 960 3340 etiam

111 3384 138 3434 te
163 3373 308 3430 meliorem
338 3380 420 3443 putes
442 3386 503 3429 esse
528 3386 615 3444 quam
645 3373 741 3443 liutb3
769 3371 826 3428 alia
853 3375 961 3444 quippe

107 3462 287 3536 ‚propheticis
311 3462 489 3532 temporibus
510 3472 677 3518 sanctarum
698 3462 870 3519 tumidarum
904 3463 961 3528 dis·

111 3549 244 3625 pensatio
269 3549 335 3617 luit,
363 3565 436 3621 quas
458 3551 568 3607 nubere
593 3550 765 3618 obedientia,
782 3566 839 3609 nou
856 3566 962 3609 conou-

105 3638 255 3714 pisoeutia
276 3639 474 3710 compellebat,
492 3646 523 3696 ut
540 3650 749 3712 propagaretur
765 3641 889 3712 populus
903 3641 961 3711 bei,

115 3743 152 3787 ex
180 3743 239 3800 quo
252 3736 419 3786 nasceretur
439 3729 525 3785 etlam
541 3744 608 3786 caro
623 3729 737 3787 Christi.
750 3752 764 3781 o
782 3732 819 3789 Ut
834 3746 903 3803 ergo
917 3730 964 3788 ille

116 3818 242 3891 populus
276 3828 497 3891 propagaretur,
526 3819 696 3876 maledictus
722 3820 883 3878 habebatur
914 3833 965 3891 per

114 3907 189 3981 legis
218 3908 400 3978 sententiam,
418 3909 543 3980 quinon
567 3908 718 3966 suscitaret
743 3923 839 3966 semen
869 3911 898 3966 iu
921 3909 962 3966 ls-

119 3997 202 4055 rael·
219 3998 301 4058 Unde
328 4007 356 4054 et
370 4006 477 4055 sanclae
501 3997 636 4055 mulieres
656 3999 889 4057 accendebantur
906 4013 965 4056 non

1015 3202 1133 3275 probriu
1161 3215 1191 3256 se
1219 3198 1335 3255 liberari
1365 3197 1511 3253 Elisabeth
1541 3195 1706 3252 exsultabat
1734 3196 1860 3251 dicens:

1015 3293 1088 3360 Quin
1106 3294 1145 3346 sic
1165 3291 1230 3357 (ecit
1251 3288 1319 3343 neilri
1350 3288 1495 3352 Dominus,
1521 3289 1548 3339 in
1564 3285 1658 3340 diebus
1685 3285 1784 3351 quibus
1814 3299 1862 3339 re-

1015 3383 1108 3452 spernit
1135 3379 1246 3446 auferre
1272 3374 1448 3445 opprobrium
1461 3388 1550 3428 meum
1561 3374 1633 3426 inter·
1651 3372 1769 3427 homines
1784 3371 1862 3440 (Luc.

1016 3486 1037 3538 1,
1053 3469 1110 3540 25).

1052 3560 1118 3614 lieo
1144 3556 1241 3612 omnia
1266 3566 1355 3624 supra
1381 3558 1557 3608 memoratus
1585 3550 1684 3605 doctor
1710 3547 1864 3620 diligenter

1013 3646 1176 3714 attendens,
1214 3642 1295 3699 illurn
1328 3641 1551 3713 conjugatorum
1583 3638 1780 3702 concubitum,
1813 3635 1864 3708 qui

1019 3737 1050 3793 lrt
1081 3742 1195 3807 propter
1221 3732 1304 3799 lilios,
1335 3745 1392 3787 non
1419 3740 1477 3787 tarn
1504 3727 1684 3800 generandos
1710 3739 1799 3796 quam
1835 3726 1863 3782 iu

1019 3826 1130 3883 cbristo
1159 3820 1382 3895 regenerandos,
1398 3819 1439 3875 ita
1452 3817 1644 3884 commendat,
1660 3824 1692 3872 ut
1708 3815 1790 3872 illurn
1808 3826 1867 3870 ma·

1019 3910 1094 3981 gisa
1123 3914 1237 3979 peceato
1262 3905 1421 3961 immunem
1450 3902 1526 3959 dicat
1547 3915 1637 3974 quarn
1660 3913 1727 3957 eum
1756 3898 1808 3969 qui
1833 3896 1865 3954 iit

1020 4010 1109 4054 causa
1132 3994 1258 4053 vitanda·
1286 3991 1503 4049 luminationis:
1524 4003 1613 4061 quam
1650 3996 1746 4044 tamen
1771 3986 1864 4042 solam

119 4085 276 4158 cupiditate
314 4087 536 4155 concumbendi,
567 4087 616 4143 sed
640 4087 742 4158 pietate
760 4087 902 4160 pariendi,
932 4095 964 4146 ut
982 4102 1003 4159 p
1020 4084 1170 4157 apostolus
1187 4095 1303 4139 causam
1333 4078 1491 4145 constituit,
1520 4078 1555 4133 ad
1571 4076 1777 4134 continentiam
1803 4072 1866 4145 plu·

105 4174 278 4252 ⁴rectissime
301 4176 459 4232 credantur
482 4177 590 4233 coitum
609 4190 666 4233 non
690 4177 777 4233 luisse
790 4177 967 4248 quaesiturae,
1024 4174 1131 4233 timum
1155 4186 1208 4228 uos
1223 4170 1397 4226 adhortans:
1413 4171 1450 4223 tie
1464 4167 1574 4234 quibus,
1596 4167 1702 4236 inquit,
1716 4165 1868 4234 scripsistis

120 4266 145 4323 si
172 4265 264 4336 proies
288 4271 382 4335 posset
406 4264 488 4321 aliter
503 4266 666 4336 provenire.
683 4266 719 4322 Et
732 4265 802 4323 viris
817 4281 888 4324 usus
904 4267 968 4338 plu·
1023 4262 1099 4330 milri,
1114 4261 1213 4316 bonurn
1227 4264 1266 4314 est
1300 4260 1405 4314 nomini
1418 4260 1559 4311 inertiorem
1574 4271 1628 4311 non
1651 4261 1781 4322 tcrrgere:
1803 4269 1870 4324 pro-

48 4388 53 4393 ·
121 4355 266 4413 rimarum
294 4354 430 4411 vivarum
454 4355 664 4412 concedebatur
685 4370 821 4413 uxorum.
848 4357 969 4415 Proinde
1019 4356 1084 4425 pter
1104 4351 1315 4419 fornicationem
1343 4355 1443 4415 uorem,
1485 4347 1672 4415 unusquisque
1699 4358 1778 4398 suom
1799 4357 1868 4397 uco-

122 4452 223 4503 sanota
247 4445 324 4502 llutlr
347 4444 433 4516 quale
452 4458 629 4501 cumsemen
647 4444 695 4501 illo
723 4453 851 4515 tempore
874 4460 970 4502 neces
1023 4457 1088 4506 rem,
1121 4445 1326 4509 etunoqunqoe
1350 4452 1430 4492 suum
1457 4439 1546 4491 uirum
1571 4435 1668 4490 babent
1691 4434 1718 4502 ri
1732 4432 1792 4489 dor.
1821 4446 1870 4499 vu,

125 4533 236 4591 sarium
274 4532 329 4590 luit
366 4533 395 4590 in
433 4532 520 4590 lsrael
546 4549 604 4590 non
632 4533 750 4591 baberet
783 4535 813 4591 in
856 4542 970 4592 mortuo
1023 4532 1063 4605 i).
1086 4530 1322 4600 'l'anqoamergo
1344 4526 1446 4583 meiius
1475 4523 1725 4592 srt,concub1tum
1753 4534 1872 4592 quoque

123 4626 198 4693 viro,
230 4620 366 4694 quesivit
387 4622 561 4680 alterumde
581 4637 639 4695 quo
662 4623 781 4681 baberet
804 4622 897 4695 (lietb.
929 4638 968 4693 rr,
1025 4618 1207 4691 conjugalem
1230 4618 1288 4672 beo
1303 4616 1394 4688 magis
1410 4629 1499 4687 quam
1515 4613 1598 4670 nobis
1614 4610 1748 4682 impendi,
1790 4619 1824 4667 ut
1846 4608 1873 4665 ei

127 4712 183 4785 li).
1026 4708 1131 4766 scilicet
1148 4707 1221 4764 illios
1248 4718 1387 4779 generare
1408 4705 1502 4776 magis
1529 4715 1617 4774 quam
1634 4700 1748 4757 utilitati
1767 4706 1873 4755 nostrae

160 4802 205 4860 dd
232 4803 287 4859 boe
320 4802 422 4876 utique
446 4800 518 4874 legis
542 4800 703 4870 maledicto,
724 4802 801 4874 quod
816 4801 972 4873 predictus
1026 4797 1212 4855 intendamus
1226 4794 1385 4866 providere.
1403 4793 1480 4850 ideo
1496 4791 1649 4862 predictus
1668 4788 1767 4844 doctor
1792 4786 1872 4843 illam

124 4899 329 4949 commemorat
348 4891 456 4960 doctor,
481 4898 508 4948 et
529 4891 613 4963 quasi
635 4904 749 4947 summo
772 4891 899 4949 ddelium
921 4906 971 4963 op·
1028 4887 1213 4945 intentionem
1250 4883 1296 4939 isti
1321 4883 1472 4953 praeponit,
1514 4888 1545 4936 ut
1575 4891 1761 4950 nequaquam
1791 4876 1872 4933 illum

125 4981 251 5051 probrio,
270 4981 299 5037 iu
330 4989 441 5038 tantum
465 4980 552 5038 etiam
577 4980 638 5051 ipsa
666 4980 713 5037 lex
734 4979 776 5037 illi
804 4979 973 5050 providebat
1028 4974 1213 5034 concubitum
1242 4973 1278 5029 ad
1296 4971 1504 5044 indulgentiam
1531 4967 1644 5035 celerat,
1659 4981 1744 5037 quem
1762 4966 1874 5035 acolpa

127 5069 243 5140 populo,
272 5077 302 5127 ut
318 5071 488 5142 posteriores
508 5069 619 5139 tratres,
644 5069 899 5127 etsideuxoribus
913 5070 973 5127 suis
1028 5065 1143 5138 penitus
1165 5063 1282 5130 alienat,
1308 5068 1340 5118 ut
1372 5075 1428 5117 non
1457 5059 1549 5116 solum
1568 5068 1706 5128 rammam
1722 5054 1876 5125 culpabilis

126 5159 277 5230 proprium
296 5173 391 5217 semen
408 5159 559 5227 baberent,
583 5160 619 5217 ad
643 5173 740 5222 summ
761 5173 880 5232 quoque
895 5159 974 5231 prio-
1029 5169 1087 5213 non
1112 5153 1227 5219 vitetur,
1255 5152 1304 5209 sed
1320 5159 1459 5222 tanquam
1474 5146 1630 5205 laudabilis
1643 5152 1806 5216 expetatur.
1822 5141 1875 5211 Qui

106 5242 192 5303 'rum
218 5246 340 5303 iratrom
366 5248 577 5317 suscitandum,
610 5262 715 5305 uxores
742 5262 844 5306 eorum
869 5248 974 5305 ducere
1029 5244 1114 5303 etiam
1143 5240 1310 5312 nuptiarum
1338 5238 1447 5296 bonurn
1470 5235 1662 5304 commendat,
1688 5239 1720 5291 ut
1741 5233 1766 5290 si
1787 5246 1876 5290 causa

176 5354 222 5497 ⁹⁷3
238 5354 343 5411 riou.
361 5362 429 5412 rom.
446 5355 572 5424 xxaru,
588 5355 641 5413 cor.
660 5357 724 5412 noo.
1067 5340 1120 5421 rao)
1135 5325 1221 5416 rori,
1234 5346 1289 5405 eor.
1301 5346 1364 5403 tao.

176 5424 209 5481 98
232 5425 338 5522 Patrol3
358 5433 427 5484 tom.
444 5426 495 5496 xl,
508 5428 563 5485 col.
580 5427 642 5484 dea.
