3804 5962
113 209 164 266 783
378 211 478 268 Pham
497 213 683 271 numinum
703 214 779 271 OPP.
800 213 890 272 PARS
909 215 958 271 iil.
978 234 1013 258 ⁴·-
1024 215 1245 275 theotonica
1264 218 1307 274 ΕΤ
1326 216 1590 275 Pultosoefflcn.
1806 219 1860 276 tet

112 334 515 409 rumintelligentiamliacile
541 337 636 395 initei
665 337 808 410 inspirare
836 339 957 410 homini,
974 341 998 398 tt
1013 354 1103 413 qnam
1130 343 1279 413 praeceptio
1309 342 1434 406 videtur,
1452 342 1605 400 Nonenim
1629 343 1671 400 rei
1700 350 1806 411 essent,
1835 343 1860 400 si

111 428 351 497 ilametserpens
371 440 430 482 non
452 426 559 497 veihis,
585 427 633 483 sed
656 426 740 484 sihllo
774 426 889 486 mulieri
913 427 958 486 lo·
1010 430 1117 488 nonde
1145 431 1364 489 omnihusaliis
1393 424 1699 505 lignis'oomederent,
1738 433 1858 503 qnando

111 524 197 574 cutus
209 514 299 572 inisse
313 514 451 584 creditur,
467 522 614 587 tantaeque
628 516 792 588 sagacitatis
813 516 853 572 iili
871 516 957 588 primi
1012 519 1042 575 in
1060 518 1193 589 paradiso
1207 518 1335 578 inerunt.
1351 519 1432 578 Unde
1446 527 1473 577 et
1487 521 1593 577 mulier
1607 519 1782 591 respondens
1798 534 1859 578 ser·

111 612 244 677 parentes
256 604 407 672 exstitisse,
426 607 459 662 ui
479 619 516 663 ex
543 605 625 663 sihilo
651 613 817 676 serpentum
840 605 884 663 vei
902 620 957 663 vo·
1012 608 1101 679 penti,
1128 609 1164 666 de
1192 609 1271 682 ligno
1300 616 1413 666 tantum
1429 611 1507 681 qnod
1521 617 1563 666 est
1578 609 1608 666 in
1623 609 1716 667 medio
1731 610 1860 682 paradisi

110 696 193 757 ttihus
206 695 307 751 avium
337 692 457 751 auectus
477 708 578 752 eorum
594 702 807 767 cognoscerent.
832 693 913 761 Quod
932 693 958 750 si
1012 712 1042 755 se
1056 698 1200 770 accepisse
1215 707 1390 771 preceptum
1402 698 1583 756 solummodo
1599 699 1678 756 dicit.

110 785 151 842 ita
173 798 327 856 ponamus,
355 783 524 840 nullatenus
545 783 679 856 cogimur
703 782 831 854 prodtori
862 783 956 840 Adam
1046 789 1079 842 ln
1103 804 1274 856 quocunqne.
1290 788 1519 846 comminatione
1545 802 1637 859 poeuae
1665 788 1702 846 ad
1725 788 1858 846 ohedien-

109 873 268 931 instituisse
282 871 414 945 lingnam
443 871 474 928 in
495 871 646 942 paradiso;
672 870 720 928 sed
735 870 790 928 hoc
814 885 864 942 per
884 871 958 927 anti·
1010 876 1080 933 tiam
1101 892 1169 934 euru
1197 878 1368 934 adhortatur
1390 877 1487 934 dicens
1511 878 1589 949 quod
1610 891 1790 949 quacunque
1810 877 1858 934 die

108 962 374 1035 cipationemquod
399 970 482 1020 extra
507 961 676 1035 paradisum
704 961 814 1019 iactum
838 961 877 1018 sit
892 976 954 1033 pro·
1011 963 1124 1038 lignum
1149 966 1219 1023 illud
1247 967 1369 1024 vetitum
1396 966 1529 1039 attingat,
1545 981 1582 1023 ex
1598 975 1688 1024 morte
1709 966 1815 1023 anime
1830 965 1858 1022 id

109 1053 226 1127 phetam
241 1052 381 1109 retulisse.
1010 1064 1053 1113 est
1090 1063 1204 1128 peccato
1232 1064 1301 1113 tunc
1327 1057 1489 1123 commisso,
1521 1064 1641 1112 mortem
1673 1056 1857 1127 postmodum

143 1143 282 1200 Eccmni.
294 1141 477 1200 solummodo
488 1141 516 1198 id
527 1140 604 1214 qnod
615 1140 956 1213 sequiturzdelipnocero
1010 1145 1136 1215 corporis
1149 1144 1288 1213 incurret,
1305 1145 1390 1216 quasi
1405 1145 1550 1217 geminam
1565 1153 1696 1202 mortem.

108 1234 239 1303 scientia,
254 1240 320 1302 etc,
333 1233 449 1290 videtur
463 1232 499 1289 ad
515 1239 686 1303 preceptum
704 1232 856 1301 pertinere.
873 1229 955 1297 Quod
1046 1234 1166 1301 hettone
1181 1234 1287 1291 desunt.

107 1338 177 1382 vero
211 1323 397 1395 premittitur
423 1339 457 1379 ec
486 1324 559 1379 omni
583 1321 657 1390 tigno
683 1320 828 1377 concessio
857 1321 954 1391 potius

402 1549 786 1723 PETRI
872 1545 1553 1718 ABAELARDI

675 1798 1290 1897 GOMMENTARIORUM

923 1953 1036 2011 SUPER

329 2111 381 2222 S.
427 2108 639 2223 PAULI
684 2105 1092 2218 EPISTOLAM
1136 2106 1231 2216 nt)
1279 2100 1626 2212 ROMANOS

729 2302 901 2393 unul
931 2299 1237 2419 Quiuoun.

268 2456 355 2530 (Edit.
371 2455 443 2528 Opp.
460 2454 529 2513 anni
547 2456 624 2525 idid,
641 2469 668 2527 p.
684 2456 748 2525 489,
765 2469 801 2513 ex
820 2468 873 2510 ms.
889 2454 986 2511 codice
999 2453 1166 2511 monasterii
1180 2452 1208 2510 S.
1224 2452 1371 2511 Michaelis
1385 2452 1416 2509 io
1439 2452 1568 2510 Periculo
1584 2453 1695 2525 maris.)

818 2654 1135 2747 PROLOGUS.

142 2819 241 2878 Omnis
269 2817 419 2890 Scriptura
433 2817 535 2873 divina
551 2831 630 2873 more
652 2815 792 2872 orationis
804 2813 991 2872 rhetoricen
1010 2821 1066 2879 tur,
1098 2825 1164 2883 quae
1192 2812 1228 2868 ad
1251 2809 1443 2869 obediendum
1472 2812 1629 2883 Evangelio
1649 2810 1849 2869 cohortantur.

106 2917 159 2966 aut
174 2909 275 2966 dooere
299 2906 424 2965 intendit
437 2912 488 2962 aut
506 2920 631 2962 movere.
648 2906 733 2961 Docet
748 2905 864 2975 qnippe,
881 2904 951 2959 dum
1005 2906 1095 2959 Actus
1122 2915 1190 2959 vero
1219 2900 1414 2972 apostolorum
1439 2909 1467 2957 et
1497 2902 1639 2972 pleraeque
1665 2900 1847 2959 narrationes

106 3012 173 3071 quae
186 2998 248 3056 lieri
266 2997 310 3054 vel
336 2995 424 3054 vitari
446 3002 557 3065 oportet
579 2993 717 3049 insinuat.
735 2993 827 3049 hlovet
841 2999 949 3061 autem,
1005 2992 1179 3064 evangelicae
1194 3005 1291 3048 sacras
1307 2990 1441 3047 historias
1453 2992 1610 3049 continent.
1627 2991 1672 3046 lix
1690 2992 1734 3048 his
1749 2992 1849 3064 itaque

106 3088 177 3145 dum
207 3086 298 3144 sacris
321 3083 571 3141 admonitionibus
596 3082 656 3139 suis
687 3080 866 3137 voluntatem
895 3095 951 3138 no·
1006 3082 1097 3153 liquet
1127 3082 1216 3152 quod,
1248 3096 1314 3138 cum
1353 3081 1520 3138 sitintentio
1548 3081 1699 3152 Evangelii
1736 3082 1847 3150 docere,

52 3199 58 3211 ,
104 3183 198 3233 stram
212 3175 258 3231 vei
273 3174 465 3230 dissuadendo
489 3169 751 3236 retrahitamalis,
772 3170 816 3225 vel
837 3182 952 3240 persua·
1005 3172 1081 3228 hanc
1096 3172 1281 3228 intentionem
1302 3171 1436 3242 Epistolae
1457 3171 1504 3227 vel
1532 3171 1622 3227 Actus
1654 3171 1849 3240 apostolorum

104 3264 197 3320 dendo
213 3261 340 3332 applicat
354 3261 448 3331 honis,
468 3269 500 3316 ut
512 3262 574 3330 jam
597 3259 727 3315 videlicet
744 3260 863 3328 implore
876 3257 950 3314 veli·
1005 3264 1113 3327 tenent,
1130 3269 1163 3317 ut
1177 3262 1214 3317 ad
1242 3261 1436 3317 obediendum
1453 3260 1610 3331 Evangelio
1629 3274 1682 3317 uos
1702 3269 1847 3330 moveant,

103 3364 250 3422 musque
267 3349 412 3421 implenda
433 3363 493 3406 esse
515 3348 681 3414 didicimus,
697 3347 743 3403 vel
768 3349 859 3403 vitare
883 3362 948 3403 con·
1004 3352 1049 3407 vel
1068 3353 1097 3407 in
1124 3352 1169 3407 his
1185 3364 1250 3422 quae
1264 3351 1456 3421 Evangelium
1486 3351 1566 3406 docet
1587 3363 1639 3405 nos
1667 3350 1848 3407 conhrmeut.

103 3439 204 3496 traria.
235 3439 325 3494 iuxta
352 3438 427 3493 hanc
455 3437 553 3506 itaque
583 3436 725 3491 rationem
751 3442 808 3490 tam
840 3434 949 3492 Veteris
1005 3441 1093 3497 Nemo
1121 3440 1299 3510 itaquopost
1319 3439 1524 3510 drangulum,
1559 3438 1636 3509 quod
1665 3438 1850 3508 perteotaeost

103 3541 194 3600 quam
218 3527 290 3585 Novi
318 3526 491 3582 Testamenti
518 3525 659 3595 tripertita
685 3531 726 3581 est
749 3524 889 3580 doctriua.
920 3525 950 3582 in
1005 3529 1149 3593 doctrina,
1185 3529 1270 3600 quasi
1300 3529 1446 3598 superilne
1469 3528 1610 3598 Epistulas
1643 3528 1847 3596 calumnietur,

101 3617 197 3676 Veteri
210 3630 312 3688 nempe
322 3617 500 3672 'testamento
515 3615 571 3683 lex,
586 3629 651 3685 quae
674 3613 704 3669 in
724 3617 855 3685 quinque
872 3614 950 3670 lihris
1003 3632 1069 3675 cum
1097 3619 1149 3675 has
1176 3619 1213 3675 ad
1242 3618 1449 3675 admonitiones
1465 3620 1664 3688 potiusquam
1688 3618 1726 3673 ad
1744 3618 1849 3675 doctri·

101 3708 186 3779 hioysi
195 3708 376 3773 dominetur,
403 3713 543 3776 praecepta
569 3704 683 3760 homini
706 3705 837 3777 primum
858 3704 947 3761 docet.
1004 3722 1070 3764 nam
1091 3708 1213 3778 scriptas
1231 3721 1291 3763 essc
1306 3705 1535 3774 meminerimus,
1552 3705 1687 3775 quamvis
1707 3706 1848 3762 nonnulla

102 3797 208 3854 Deinde
225 3798 370 3868 prophete
385 3795 430 3851 vel
447 3793 575 3850 historiae
591 3808 657 3849 cum
684 3795 793 3849 caeteris
817 3794 946 3864 Scriptn·
1005 3795 1034 3852 in
1048 3797 1090 3853 tis
1110 3797 1239 3853 saluhria
1257 3796 1430 3853 documenta
1456 3795 1518 3851 sivo
1541 3794 1661 3849 consilia
1680 3795 1846 3852 continean-

101 3888 142 3945 ris
161 3888 197 3944 ad
216 3901 250 3944 ea
265 3886 403 3958 quaejam
426 3893 566 3955 praccepta
582 3890 664 3939 erant
679 3897 763 3953 opere
778 3882 948 3952 complenda
1003 3892 1061 3953 tur,
1088 3900 1153 3957 quac
1183 3885 1375 3957 Evangelium
1390 3898 1447 3941 non
1476 3884 1571 3940 hahet.
1599 3882 1677 3940 Unde
1691 3884 1728 3940 ad
1747 3884 1845 3941 corin·

100 3978 303 4042 adhortantur,
328 3984 355 4031 et
380 3973 500 4030 allectus
526 3973 675 4027 hominum
694 3971 730 4025 ad
753 3971 947 4027 ohediendum
1002 3975 1077 4031 thios
1092 3974 1219 4032 scribens
1245 3975 1303 4030 ait:
1319 3975 1389 4030 Nom
1403 3977 1504 4028 caeteris
1533 3987 1582 4041 epo
1609 3973 1669 4027 dico
1684 3988 1739 4027 noo
1757 3977 1846 4029 homi·

101 4065 251 4140 preceptis
267 4069 457 4121 commovent.
485 4061 643 4117 Cuuieuim
659 4061 803 4130 prophetae
818 4059 861 4116 vel
875 4074 945 4116 san·
1000 4080 1066 4120 nus:
1092 4066 1125 4118 Si
1153 4067 1214 4131 quis
1240 4065 1329 4131 frater
1357 4079 1470 4117 oaorem
1497 4062 1575 4117 lohet
1598 4061 1733 4132 infidelem
1749 4064 1774 4134 (i
1786 4043 1856 4120 dors

98 4154 405 4225 ctiPatrespopnluru
425 4152 564 4207 sentirent
593 4152 740 4221 praeceptis
766 4149 1050 4228 minusohe-flvru
1091 4152 1145 4224 lt),
1172 4160 1226 4208 etc.
1253 4152 1369 4208 Necnon
1395 4151 1480 4207 etiam
1510 4150 1760 4207 circumcisiomen
1800 4151 1846 4208 vei

99 4245 160 4302 tliro
184 4243 301 4310 divinis,
320 4240 526 4297 admonitiones
542 4238 726 4304 adhihehant,
755 4246 787 4295 ut
811 4252 862 4309 per
877 4252 942 4309 pro·
997 4251 1113 4300 caeteras
1143 4242 1213 4313 legis
1241 4240 1371 4297 carnales
1414 4240 1612 4297 observantias
1641 4253 1752 4296 cessare
1785 4240 1846 4312 jam

98 4334 249 4392 missiones
277 4330 322 4387 vel
351 4329 590 4386 cornminationes
615 4342 663 4383 eos
687 4328 722 4383 ad
750 4327 942 4384 obediendum
997 4332 1099 4389 dehere
1115 4331 1206 4396 docet,
1225 4329 1302 4401 quod
1322 4329 1452 4386 nondum
1468 4328 1496 4383 in
1512 4327 1669 4399 Evangelio
1684 4328 1845 4385 revelatum

98 4425 254 4481 traherent.
271 4419 412 4490 Exempla
424 4432 541 4490 quoque
554 4431 591 4475 ex
606 4417 734 4474 historiis
749 4418 941 4477 necessarlum
995 4428 1067 4478 orat.
1093 4418 1146 4487 Qut
1169 4419 1257 4475 oriam
1273 4418 1309 4474 ad
1324 4418 1506 4474 Timotheum
1531 4416 1661 4474 scribens
1692 4416 1785 4475 multa
1809 4419 1846 4474 do

96 4521 159 4570 erat
174 4511 305 4583 adjungi,
334 4509 363 4564 in
390 4508 499 4578 quihus
527 4515 585 4563 tam
602 4505 794 4563 remuneratio
809 4505 942 4562 ohedien-
995 4509 1149 4582 episcopali
1174 4508 1221 4565 vel
1243 4507 1411 4563 sacerdotati
1439 4521 1490 4563 seu
1506 4506 1772 4577 levitieadignitate
1795 4506 1844 4565 do·

96 4600 171 4657 tium
196 4613 284 4671 quam
300 4611 384 4668 poena
397 4601 643 4669 transgressorum
658 4603 724 4652 ante
742 4595 839 4652 oculos
860 4610 942 4665 pone
995 4609 1039 4656 cot
1067 4612 1133 4670 quae
1157 4595 1351 4668 Evangelium
1384 4611 1443 4653 non
1470 4603 1661 4666 expresserat.
1686 4596 1844 4652 Periectam

97 4688 259 4747 rentur-Hi
288 4695 385 4744 autem
415 4693 483 4742 sunt
498 4692 609 4743 veteres
625 4685 665 4740 illi
691 4685 791 4755 hanni,
822 4685 872 4754 (itti
904 4683 941 4747 td
995 4697 1090 4746 tamon
1111 4686 1263 4759 Evangelii
1277 4686 1400 4743 dicimus
1425 4686 1584 4742 doctrinam
1611 4684 1746 4741 traditam
1771 4699 1841 4754 esse,

95 4778 307 4838 extrahendum
335 4777 489 4833 ieremiam
512 4776 546 4833 de
569 4775 645 4841 lacu,
674 4772 794 4829 iuuihus
819 4773 942 4829 circum·
995 4786 1138 4848 quantum
1149 4777 1186 4833 au
1201 4791 1276 4832 veru
1289 4775 1410 4847 justitiae
1433 4775 1598 4832 formamur
1626 4775 1843 4832 unanimorum

95 4868 175 4942 ligati
191 4878 258 4925 sunt
276 4867 344 4939 (Jer-
365 4879 496 4933 xxxlllh
526 4863 581 4933 Η),
597 4861 731 4932 exempla
742 4862 873 4918 videlicet
888 4875 938 4918 an·
994 4866 1116 4923 salutern
1143 4866 1315 4935 sulliciehat,
1338 4881 1396 4922 non
1418 4865 1454 4921 ad
1479 4864 1611 4922 Ecclesiae
1639 4863 1770 4920 decorem
1799 4864 1843 4921 rei

27 4972 32 4979 ·
94 4959 242 5031 tiquorurn
257 4959 386 5022 patrum.
405 4968 471 5026 (11¹ae
488 4953 579 5009 sacris
592 4951 838 5008 ³d11¹0111150ssib118
858 4952 938 5007 aditi·
994 4957 1088 5028 ipsius
1102 4956 1203 5013 salutis
1218 4955 1478 5027 amplificationem.
1493 4953 1566 5010 Sunt
1578 4955 1685 5025 quippe
1708 4954 1743 5010 de
1760 4953 1845 5011 honis

93 5048 200 5105 nentur
224 5048 261 5104 ad
285 5045 499 5105 extrahendum
529 5049 705 5113 peccatorem
737 5041 771 5098 de
796 5040 939 5112 proiundo
994 5046 1118 5104 civitatis
1132 5046 1265 5117 quedam
1281 5043 1553 5101 adioeolumitatem
1576 5043 1640 5113 ejus
1658 5043 1842 5113 pertinentia,

92 5137 240 5196 vitiorum.
993 5136 1126 5207 quadum
1142 5136 1177 5192 ad
1206 5133 1465 5205 amplificationem,
1480 5132 1553 5188 sieut
1567 5140 1594 5188 et
1610 5133 1637 5188 in
1650 5131 1706 5188 line
1720 5133 1843 5189 secundi

129 5226 266 5283 Similiter
292 5233 320 5282 et
348 5226 419 5283 Novi
450 5225 590 5298 tripertita
605 5222 813 5295 estdisciplina
841 5223 938 5281 'lesta-
992 5224 1058 5283 libri
1084 5225 1243 5283 Rhetorice
1265 5221 1512 5280 luliusmeminit.
1533 5219 1602 5287 Quae
1623 5233 1691 5277 vero
1706 5221 1742 5277 ad
1766 5221 1844 5279 ioco

93 5315 195 5381 menti,
220 5313 270 5370 uhi
286 5315 404 5386 quidem
420 5314 612 5386 Evangeiinm
642 5327 694 5385 pro
711 5313 771 5386 lego
785 5319 838 5383 est,
860 5312 937 5383 quod
992 5314 1154 5372 lumitatem
1171 5315 1324 5386 pertinent,
1348 5325 1383 5369 ea
1401 5318 1468 5367 sunt
1482 5310 1544 5368 sine
1556 5310 1664 5381 quihus
1685 5309 1843 5370 incolumis

92 5416 171 5463 verae
197 5402 315 5475 justitia
345 5417 379 5461 ac
409 5404 540 5474 periectae
563 5404 685 5461 iormam
713 5404 805 5461 docet.
831 5396 938 5458 Deinde
993 5418 1027 5462 ac
1050 5403 1132 5462 salva
1158 5403 1312 5462 consistere
1353 5401 1456 5460 civitas
1481 5414 1539 5458 non
1568 5407 1669 5472 potest,
1699 5408 1732 5458 ot
1756 5413 1839 5474 ager,

92 5491 229 5566 Epistola
243 5505 311 5549 cnm
337 5490 511 5563 Apocalypsi
525 5490 808 5563 locoprophctarnm
824 5505 936 5564 ponun-
992 5493 1082 5564 silre,
1096 5500 1124 5551 et
1146 5499 1247 5551 catera
1262 5490 1431 5564 hujusmodi
1448 5504 1515 5563 qua
1540 5488 1626 5549 ratde
1638 5489 1749 5549 civitati
1769 5497 1841 5549 sunt
