3736 5962
761 249 816 311 stc
833 250 880 307 ΕΤ
894 249 976 308 NON.
1680 244 1750 303 im

91 393 117 438 er
140 379 186 436 vel
213 376 395 436 invisibiliter
421 376 579 433 mittuntur
595 390 603 432 ι
635 375 742 433 ιιιιιιιι
770 378 841 448 quie
855 375 880 429 Δ
894 389 962 448 ergo
977 375 1035 447 ipse
1050 387 1109 432 nou
1122 378 1175 441 est,
1186 370 1254 444 quis
1267 377 1310 428 est
1331 369 1385 428 iste
1398 381 1450 428 rex
1466 367 1591 443 gloriari
1619 368 1747 441 ilcspou·

90 481 187 525 unana
211 468 314 524 solatia
339 474 372 523 ut
396 464 491 538 augeli
519 472 571 522 aut
591 465 759 537 archangeli
785 466 846 537 [ve-
899 465 1058 523 debatura
1087 461 1268 521 scientibus:
1290 461 1419 516 Dominus
1441 460 1586 527 uirtutum,
1610 457 1670 528 ipae
1697 465 1748 525 est,

91 559 103 628 l.
119 558 192 615 Nam
213 556 362 627 superiora
379 555 428 611 illa
445 554 565 626 agmina
590 554 627 611 ab
642 554 755 611 intimis
767 569 844 612 nnn·
898 569 948 610 rec
978 555 1072 622 puris
1110 551 1203 622 (ibid,
1237 550 1280 623 ιι)
1320 552 1388 605 item
1430 546 1578 612 Quomodo
1611 547 1748 605 ιιιιιιι·

101 646 249 711 ιιιιιιιιι,
270 644 456 715 quoniamae
470 657 537 714 qua
551 642 737 713 praeeminent
758 657 845 700 usum
899 656 965 698 mus
983 639 1114 698 ιιιιιιιιι
1130 640 1204 697 sunl
1230 638 1289 695 illic
1309 634 1454 708 dispositu
1480 640 1640 708 potestates,
1670 634 1749 693 ordl-

91 734 149 790 oris
173 733 325 789 ministerii
352 745 541 802 nequaquam
573 730 690 787 habent.
722 731 777 788 Cui
803 731 846 788 rei
899 728 1126 800 natiprincipes,
1144 728 1194 799 qui
1217 726 1280 784 omli
1308 725 1415 797 januas
1437 730 1566 792 servant,
1582 723 1751 795 quiescen-

91 836 188 878 iresse
211 821 400 885 contrarium,
428 819 506 890 quod
534 818 622 875 isaias
654 818 705 890 (ιι,
726 819 753 888 6)
780 819 843 876 ait:
899 817 1013 874 ιιιιιιι
1051 816 1243 888 interrogant.
1272 817 1361 870 item:
1389 815 1482 870 Portae
1519 811 1666 870 eternales
1695 813 1747 870 Ρι·

91 915 110 966 ιι
132 910 224 965 adme
247 923 317 962 onus
341 908 376 961 de
403 907 542 976 seraptim
574 912 600 962 et
627 908 657 961 in
680 922 765 962 monu
786 907 845 978 eius
899 912 973 969 trus,
1004 906 1137 973 ioannes,
1165 904 1405 962 iacchus-Item:
1427 900 1542 959 Grande
1579 900 1749 972 mysterium

91 1013 127 1065 us,
154 1012 231 1063 quem
256 997 360 1064 forcipe
384 995 485 1049 ιιιιιιοι
507 993 540 1049 de
569 995 667 1061 citari,
694 999 720 1050 et
753 996 845 1064 teligit
900 992 1017 1061 Christi,
1033 993 1111 1064 quod
1121 1000 1297 1063 stupuerunt
1311 990 1363 1064 [ιι]
1390 990 1496 1062 augeii.
1512 991 1697 1063 Hieronymus
1710 990 1751 1047 od

91 1102 138 1141 tm.
153 1085 207 1142 Sed
223 1085 252 1140 in
282 1084 337 1140 hac
351 1083 492 1139 sententia
513 1082 660 1153 prophetae
679 1082 743 1139 vult
762 1081 846 1140 intel·
899 1083 1102 1138 Pommoobium
1116 1086 1142 1138 et
1171 1079 1359 1136 Marcellinum
1386 1084 1482 1136 contro
1505 1084 1689 1135 oocmotorem
1717 1079 1751 1136 de
1819 1127 1820 1131 ,

91 1175 146 1246 pria
162 1175 190 1229 hi
204 1173 324 1243 spiritns
335 1171 385 1242 qui
402 1173 569 1237 mittuntur,
589 1185 690 1229 eorum
704 1171 846 1230 vocabula
900 1172 1068 1240 oppositione
1082 1171 1139 1240 etus
1163 1171 1194 1224 in
1206 1169 1337 1239 Epistola
1363 1167 1400 1223 od
1414 1167 1545 1240 Ephesios
1560 1166 1591 1239 (1,
1605 1167 1673 1238 ubl:
1701 1166 1749 1226 Se·

91 1263 175 1328 liunt,
200 1274 324 1331 quorum
341 1259 468 1315 olircium
490 1266 604 1329 gerunt.
631 1258 685 1325 Qui
700 1257 788 1324 enim,
813 1264 847 1313 nt
900 1259 1029 1316 cundum
1044 1258 1139 1316 locum
1167 1258 1293 1314 breviter
1306 1270 1423 1327 ponam,
1438 1248 1503 1313 ‘nbi
1522 1255 1631 1314 Paulus
1654 1255 1750 1327 loqui·

91 1360 117 1407 ιι
144 1348 297 1407 locutionis
327 1347 471 1415 incendat,
494 1348 528 1403 de
543 1347 627 1403 altari
644 1347 765 1418 angelus
779 1358 845 1417 pcr-
900 1352 965 1403 tur:
980 1347 1079 1403 Sedere
1093 1363 1153 1402 eum
1174 1347 1278 1415 tociens
1305 1346 1343 1402 od
1366 1346 1509 1402 deuterum
1523 1360 1602 1401 suom
1624 1343 1656 1400 in
1672 1344 1750 1401 cnte-

91 1440 226 1505 trbonern,
253 1436 398 1507 seraphim
426 1442 557 1502 vocatur,
585 1435 663 1505 quod
681 1433 846 1491 incondium
900 1436 990 1492 stibus
1003 1451 1087 1507 snper
1100 1451 1203 1499 omnem
1218 1436 1408 1506 principatum
1421 1440 1447 1490 et
1458 1438 1618 1507 potestatem
1643 1438 1670 1490 et
1692 1435 1748 1489 uir-

93 1541 121 1583 r.
147 1526 220 1582 iluic
243 1533 339 1581 autem
364 1524 463 1580 sensui
483 1531 511 1580 et
538 1522 611 1580 iliud
631 1522 759 1579 creditur
787 1535 845 1579 uon
903 1530 986 1581 tutem
1000 1530 1026 1581 ιι
1039 1525 1252 1581 dominationem
1267 1528 1293 1579 et
1312 1539 1389 1579 omne
1409 1538 1517 1589 nomen,
1539 1522 1612 1590 quod
1636 1526 1751 1579 uocatur

91 1616 235 1671 venienter
244 1612 392 1683 opitulari,
409 1613 486 1682 quod
499 1625 549 1683 per
557 1610 703 1668 danielem
719 1612 788 1681 (ιιι,
803 1609 846 1682 ιιι)
900 1629 955 1670 non
969 1614 1057 1669 solum
1071 1618 1101 1668 in
1116 1614 1164 1669 ιιι
1176 1614 1284 1680 seculo,
1309 1612 1357 1668 sed
1384 1614 1468 1668 etiom
1497 1615 1527 1667 in
1550 1613 1656 1680 micro,
1684 1619 1750 1684 poet

94 1717 122 1759 r:
156 1704 245 1758 biillio
272 1703 390 1757 millium
419 1701 615 1755 ministrabant
648 1701 673 1755 ei
701 1703 727 1755 et
758 1699 846 1755 decim
864 1715 885 1770 B
902 1702 1091 1774 multiplicem
1105 1702 1324 1773 expositionem,
1340 1714 1407 1757 curn
1422 1700 1459 1757 ad
1486 1700 1688 1758 ministrorum
1699 1699 1750 1758 bei

91 1808 97 1846 r
133 1798 245 1847 centeno
280 1792 368 1845 mittio
402 1790 578 1855 assistebant,
595 1797 648 1846 ete.
682 1788 770 1845 Aliud
805 1796 847 1845 est
903 1790 997 1850 cilicia
1013 1790 1207 1862 pervenissem
1221 1798 1249 1847 et
1263 1789 1299 1847 de
1325 1789 1536 1861 principatibus
1559 1796 1588 1847 ιι
1606 1789 1751 1861 potestati·

92 1895 128 1937 ne
156 1879 329 1946 ministrare,
356 1878 434 1935 aliud
463 1879 612 1948 assistere;
644 1877 849 1934 ministrabant
903 1881 969 1948 hus,
985 1887 1012 1937 ιι
1026 1878 1270 1937 dominationibus
1285 1878 1419 1944 dicerem,
1435 1878 1532 1947 etiarn,
1548 1878 1604 1935 hoo
1625 1877 1749 1936 addidi:

92 1984 119 2026 m
133 1971 199 2037 beo,
216 1969 267 2040 qui
283 1966 335 2040 [et]
349 1967 384 2023 ιι
410 1981 462 2022 nos
476 1965 638 2022 nuntiando
662 1973 781 2033 exeunt,
809 1978 850 2022 as·
903 1967 1022 2025 Necesse
1034 1974 1076 2023 est
1103 1973 1137 2023 nt
1151 1966 1295 2038 subjectos
1322 1965 1490 2023 habeantet
1518 1965 1652 2022 timentes
1680 1972 1751 2024 soei

91 2066 107 2115 ,ι
129 2072 208 2120 ιιιο,
240 2056 292 2127 qui
316 2056 356 2113 sic
384 2054 635 2124 comtemplatione
660 2053 764 2111 intima
785 2067 850 2124 per·
903 2057 1062 2114 servientes
1075 2055 1133 2113 sibi
1161 2063 1188 2112 et
1210 2069 1258 2112 eos
1272 2053 1324 2126 citi
1351 2068 1368 2111 a
1392 2053 1560 2112 tortitudine
1584 2067 1639 2112 sua
1666 2053 1750 2112 roho·

95 2154 152 2213 tur,
169 2154 202 2202 nt
217 2146 252 2201 ad
273 2143 416 2213 explenda
430 2142 501 2199 loris
528 2155 616 2213 opera
642 2141 760 2198 minime
787 2140 851 2197 mit·
904 2152 1015 2203 rentur.
1027 2144 1096 2213 Quae
1111 2143 1330 2201 distributiones
1344 2141 1506 2201 ciliciorum
1518 2156 1578 2200 non
1600 2140 1695 2200 solum
1720 2142 1751 2200 in

91 2249 111 2291 r.
145 2234 198 2290 sed
226 2233 304 2304 qnod
333 2232 362 2286 in
389 2231 566 2301 quibusdam
595 2229 753 2300 Scriptura
781 2229 850 2286 locis
904 2233 1134 2304 presentiarum,
1161 2231 1321 2289 sedetiam
1346 2229 1491 2289 intuturo
1519 2230 1625 2288 sacculo
1652 2238 1750 2300 eruut,

91 2337 134 2378 am
151 2337 201 2392 per
215 2320 377 2387 cherubim,
393 2319 526 2391 queram
543 2332 612 2375 vero
628 2330 679 2387 per
703 2316 849 2387 seraphim
904 2329 937 2379 ut
951 2335 1003 2392 per
1016 2320 1146 2392 singulos
1155 2319 1300 2392 puteanus
1312 2321 1341 2377 et
1355 2320 1490 2390 nonore,
1519 2321 1700 2378 ιιιιιιιοιιι
1723 2326 1752 2378 ιι

95 2411 239 2476 ιιιιιιιιιιι,
271 2416 370 2465 ιιιιιιιι
392 2421 487 2478 perse
515 2407 569 2464 hoc
590 2405 709 2472 iaciant,
738 2418 851 2477 anper
904 2409 1103 2468 descensiones
1126 2408 1172 2466 vei
1187 2416 1295 2466 crescat
1323 2408 1442 2481 aliquis,
1468 2407 1514 2466 vel
1543 2409 1699 2478 decrescat,
1720 2415 1751 2467 et

91 2506 134 2554 cta
150 2496 269 2568 agmina
288 2499 425 2567 agantur,
446 2509 523 2565 quae,
538 2496 613 2552 sicut
629 2494 745 2562 dicitur,
763 2494 794 2550 in
816 2507 851 2551 eo
904 2499 959 2557 sub
975 2498 1032 2555 alia
1051 2505 1139 2570 atque
1153 2496 1211 2555 alia
1226 2505 1374 2569 potestate,
1393 2498 1513 2566 virtute,
1541 2498 1710 2570 principatu
1722 2504 1752 2556 ιι

95 2585 288 2656 amaloribus
299 2585 431 2660 veniunt,
447 2584 592 2655 majorum
618 2581 761 2640 vocabula
789 2595 850 2639 sor-
904 2586 1099 2644 dominatione
1118 2586 1178 2642 liat.
1198 2586 1234 2643 ιιι
1256 2593 1318 2656 ιοιι
1346 2585 1511 2657 exemplum
1538 2585 1646 2643 terreni
1674 2586 1752 2659 regis
1843 2584 1848 2605 ⁸

91 2691 130 2740 rr,
146 2690 199 2732 nos
218 2674 363 2733 affirmare
378 2673 516 2730 nolumus
537 2671 616 2743 quod
644 2671 749 2742 apertis
776 2671 852 2728 testi-
906 2681 1054 2746 lotamque
1079 2673 1178 2744 palatii
1193 2672 1423 2744 descriptionem,
1450 2686 1502 2743 per
1523 2685 1614 2744 quam
1638 2673 1753 2731 diversa

91 2766 111 2821 is
141 2778 200 2820 non
228 2764 393 2834 probamus.
411 2763 469 2818 ilco
493 2768 590 2817 tamen
615 2748 773 2816 certissime
798 2759 851 2816 sci·
905 2762 1132 2820 ministeriorum
1159 2762 1209 2818 Dei
1230 2760 1327 2818 officia
1357 2758 1601 2825 demonstrabam,
1628 2760 1752 2818 addidia

91 2853 169 2925 quod
190 2853 226 2908 ad
249 2852 425 2921 explendum
441 2849 475 2906 ιι
500 2848 632 2919 supernis
657 2848 851 2905 ministerium
906 2852 942 2909 Et
965 2855 1102 2921 putamus
1129 2851 1232 2916 Deum,
1274 2848 1429 2906 Dominum
1455 2848 1649 2918 dominorum,
1684 2848 1752 2907 sim·
1800 2920 1806 2930 ι

91 2941 203 3013 spiritus
231 2940 302 2996 aiios
327 2939 456 3004 mittunt,
479 2936 619 2993 Zacharia
650 2936 758 2993 scilicet
784 2943 853 2993 atte
906 2940 973 3012 plici
1000 2946 1115 2996 tantum
1157 2938 1316 2995 ministerio
1360 2951 1422 2995 esso
1460 2944 1637 2996 contentum.
1679 2940 1753 3006 Quo·

91 3029 309 3101 eprcpbetalru
325 3030 365 3095 ιι,
382 3027 433 3098 qui
448 3026 501 3082 ait:
523 3028 590 3081 Ecce
605 3024 719 3093 angelus
740 3026 789 3094 pai
814 3024 889 3106 top1
907 3029 992 3087 modo
1006 3027 1199 3100 archangelus
1225 3026 1416 3095 condicitur,
1431 3025 1488 3083 nisi
1515 3025 1593 3098 [oui]
1607 3026 1687 3100 prior
1711 3034 1754 3086 est

91 3125 140 3175 rtur
157 3121 188 3173 in
201 3135 242 3174 me
267 3117 468 3185 egrediebatur,
490 3120 515 3170 ιι
543 3115 615 3170 alius
636 3116 749 3183 angelus
775 3129 849 3183 egre·
905 3116 1089 3190 angelorum,
1110 3117 1152 3173 sic
1177 3116 1368 3187 principatus,
1396 3122 1548 3187 potestates
1566 3122 1595 3173 ιι
1622 3116 1753 3174 ιοιιιιι·
1815 3111 1821 3121 “

91 3215 134 3263 tur
148 3210 178 3261 in
198 3222 338 3263 occursum
364 3205 434 3274 eius,
461 3211 514 3262 etc.
542 3203 761 3265 ltemzliiuora
784 3216 852 3259 vero
905 3207 1069 3264 tionesnou
1084 3204 1276 3276 appellantur,
1305 3203 1361 3261 nisi
1390 3204 1534 3276 subjectos
1558 3204 1674 3276 aliquos
1701 3205 1754 3264 ha·

91 3312 155 3368 puae
172 3297 339 3362 mittuntur,
356 3295 549 3367 majoraverc
564 3306 630 3363 qua
654 3293 782 3350 mittunt.
798 3291 852 3348 Sed
905 3294 1034 3353 beautet
1049 3293 1198 3352 interiores
1214 3293 1331 3366 modus.
1347 3292 1397 3349 Sin
1417 3299 1515 3350 autem
1536 3300 1619 3365 putat
1649 3293 1755 3352 idcirco

91 3396 202 3454 guoque
230 3383 264 3438 de
291 3381 359 3451 ipsis
385 3379 562 3451 agminibus,
590 3393 657 3450 qum
685 3379 852 3447 mittuntur,
905 3397 951 3440 me
974 3382 1120 3456 originem
1148 3383 1242 3455 sequi,
1272 3383 1344 3454 quia
1384 3380 1528 3452 proiectus
1555 3391 1583 3440 et
1618 3382 1753 3450 honores,

91 3479 273 3538 mtenemus,
291 3469 362 3541 qnia
376 3477 403 3525 ιι
431 3482 497 3525 cnm
523 3468 559 3525 ad
574 3481 627 3524 nos
657 3467 854 3535 veniuntne
906 3472 1087 3529 ascensiones
1106 3480 1135 3529 et
1166 3472 1374 3539 descensiones,
1404 3471 1583 3529 incrementa
1608 3478 1635 3529 et
1663 3471 1757 3530 immi·

90 3559 267 3630 iusimplent
295 3557 500 3621 ministerium,
531 3563 563 3611 ut
585 3563 682 3612 tamen
700 3569 854 3627 nunquam
907 3561 1041 3618 nationes
1068 3561 1099 3617 in
1122 3560 1300 3631 expositione
1322 3574 1388 3618 mea
1411 3563 1504 3631 posui,
1532 3560 1606 3617 sciat
1629 3560 1756 3618 multum

91 3648 236 3705 sincerius
251 3660 301 3717 per
314 3645 594 3714 contemplationem.
615 3645 767 3714 magnoin
784 3646 852 3714 Epi·
907 3651 1045 3707 iuteresse
1061 3649 1096 3706 de
1111 3649 1222 3720 angelis
1235 3656 1263 3706 et
1290 3647 1440 3706 cherubim
1456 3657 1484 3707 et
1501 3648 1646 3719 seraphim
1661 3649 1757 3707 dicere

105 3737 142 3791 od
155 3736 305 3791 liebraeos:
333 3734 368 3790 Ut
392 3733 432 3789 ait
447 3733 587 3804 Didymus
600 3731 715 3788 Graecus
729 3733 759 3788 in
780 3731 855 3789 libro
896 3737 1232 3794 daemonesethomines
1250 3737 1324 3804 iieri,
1349 3737 1426 3806 quod
1455 3736 1582 3795 aidrmat
1607 3736 1756 3809 Origenes.

91 3825 169 3895 piritu
186 3831 285 3881 sancto
300 3839 308 3879 ι
323 3824 369 3877 Ει
389 3821 527 3878 omuibus
550 3820 720 3892 angelorum
743 3818 856 3878 ordini·
909 3827 1086 3895 Augustinus
1119 3827 1148 3881 in
1181 3827 1291 3895 psolmo
1320 3824 1456 3883 LXXXV:
1493 3825 1639 3894 Adiuoisti
1667 3840 1709 3881 me
1732 3830 1759 3882 ιι

91 3913 169 3985 liqui
183 3913 349 3969 mittuntur.
909 3916 1065 3972 consolatus
1075 3930 1102 3970 es
1116 3930 1171 3970 me.
1190 3913 1383 3971 contristatus
1397 3920 1439 3971 est
1467 3913 1569 3971 beatus
1595 3912 1757 3984 Cyprianus

410 3999 433 4054 L
648 4074 650 4077 ,
910 4005 940 4062 in
955 4005 1099 4076 passione,
1124 4003 1209 4060 modo
1227 4002 1392 4060 consolatus
1415 4010 1458 4061 est
1486 4002 1516 4059 in
1540 4015 1656 4059 corona.
1679 4001 1759 4060 ιιοιο

91 4091 162 4147 edin
175 4092 274 4147 onusti
287 4091 346 4144 cito
358 4104 435 4145 nemo
446 4089 585 4159 proficiat,
601 4092 627 4143 ιι
643 4092 749 4144 contro.
910 4094 1075 4152 consolatus
1090 4093 1187 4150 adhuc
1205 4092 1296 4150 tristis
1322 4099 1375 4150 est.
1404 4091 1544 4150 borninns
1570 4091 1649 4149 enim
1675 4092 1760 4150 lesus

91 4184 220 4250 :castinus
231 4194 316 4248 super
333 4180 463 4233 loannem
477 4191 596 4232 emmone
611 4177 708 4233 XXIX
721 4192 728 4231 t
743 4175 787 4232 Ad
804 4189 855 4246 ιι·
911 4182 1008 4240 adhuc
1020 4181 1182 4252 interpellat
1200 4195 1251 4252 pro
1267 4180 1370 4248 nobis;
1398 4194 1498 4237 omnes
1525 4187 1677 4252 martyres,
1706 4180 1760 4254 qni

91 4285 98 4326 t
126 4284 192 4341 (ιιι
208 4282 325 4326 sursum
351 4275 404 4335 est,
432 4266 483 4324 ubi
511 4280 596 4323 1¹0¹11⁰
624 4266 757 4334 moritur,
788 4265 858 4337 (luia
872 4286 895 4340 p
911 4285 978 4329 oum
994 4270 1041 4328 illo
1054 4277 1134 4338 sunt,
1149 4269 1344 4341 interpellant.
1356 4267 1420 4326 Non
1447 4275 1599 4327 transeunt
1622 4268 1760 4341 interpol-

91 4375 96 4415 t
124 4358 267 4425 nascitur,
294 4356 344 4413 ubi
374 4369 458 4413 nemo
486 4355 547 4426 jam
576 4354 692 4427 prolicit
718 4360 746 4410 ιι
772 4367 857 4411 nemo
910 4359 1032 4417 lationes
1044 4358 1183 4430 ipsorum,
1196 4357 1252 4414 uisi
1272 4371 1339 4414 cum
1356 4355 1505 4414 transierit
1528 4357 1653 4430 gemitus
1666 4363 1764 4416 noster

91 4448 117 4504 lt.
133 4447 295 4503 Ambrosius
319 4448 357 4501 lie
381 4445 436 4514 fido
462 4445 500 4498 od
523 4445 687 4502 Gratianum
711 4445 856 4514 imperato·
912 4446 985 4504 Cum
998 4446 1156 4516 transierit,
1172 4445 1203 4502 in
1217 4445 1336 4502 civitate
1357 4444 1516 4502 virentium
1540 4445 1663 4504 erimus.
1692 4444 1764 4511 Quia

106 4535 198 4592 Erant
213 4534 309 4590 adhuc
323 4533 354 4589 in
366 4532 537 4599 coelestibus,
563 4531 614 4602 qui
631 4537 790 4602 Siulsssessh
807 4530 859 4603 qui
913 4535 955 4593 ihi
970 4535 1059 4608 gemit
1071 4535 1087 4589 ‘i
1101 4536 1204 4590 Paulus
1218 4536 1248 4590 in
1264 4534 1399 4605 Epistola
1409 4534 1447 4589 od
1457 4537 1593 4592 Romanos
1608 4534 1678 4607 (vrri,
1693 4536 1738 4605 2²)
1752 4546 1765 4587 .·

93 4630 228 4680 rarentur
248 4635 353 4679 novam
374 4633 517 4691 pompam,
547 4633 652 4676 novam
679 4617 817 4690 gioriam3
832 4625 861 4675 el
914 4626 1020 4682 sumus
1042 4627 1113 4678 enim
1134 4622 1208 4690 quod
1225 4625 1313 4679 omnis
1342 4626 1468 4679 ereatura
1484 4624 1679 4693 ingemiseitet
1699 4638 1766 4696 por-

91 4710 293 4782 requirebant:
315 4712 380 4778 Quis
396 4714 436 4765 est
450 4711 503 4764 iste
520 4723 571 4762 ren
586 4706 701 4777 gloria?
722 4705 775 4764 Sed
789 4707 861 4778 quia
918 4716 989 4769 turis
1003 4728 1090 4783 usque
1104 4711 1203 4768 adino.

91 4800 174 4872 rugeli
196 4813 348 4870 processus
376 4798 484 4855 habeut
514 4796 651 4864 scientiae,
676 4795 755 4853 solus
782 4795 860 4853 enirn
1328 4800 1373 4857 Ly,

91 4903 226 4960 processu
240 4889 326 4956 Deus,
340 4886 474 4944 dicebant
488 4884 548 4947 alii,
574 4884 616 4940 iili
631 4884 735 4955 utique
747 4884 799 4956 qui
814 4884 863 4941 ad·
952 4890 1028 4957 Quod
1038 4891 1126 4961 primi
1152 4891 1277 4960 parentes
1292 4886 1349 4943 sint
1364 4889 1449 4944 meoli
1470 4888 1610 4960 nomolea,
1625 4891 1652 4946 et
1664 4904 1730 4946 non.

91 4985 131 5034 ιιι
155 4975 329 5049 resurgenti,
359 4976 412 5047 qui
444 4975 599 5032 videraut:
628 4976 756 5029 Dominus
779 4975 863 5041 tortis
952 4980 1125 5048 Augustinus
1141 4980 1172 5032 in
1192 4977 1262 5033 libro
1276 4975 1378 5042 Quest.
1405 4978 1503 5032 ceteris
1531 4981 1557 5033 et
1584 4993 1659 5035 nooae
1686 4979 1765 5048 ιιιιι,

91 5071 163 5134 tens;
185 5067 310 5121 dorninus
332 5065 468 5135 potensin
481 5063 580 5133 prelio
606 5063 689 5132 (Psoi.
717 5076 801 5130 xxur,
826 5065 863 5131 8),
917 5081 978 5137 cop.
994 5067 1079 5123 XXi:
1110 5067 1186 5123 Deus
1213 5065 1361 5122 hominem
1387 5063 1463 5133 iecit,
1481 5065 1533 5138 qni
1561 5066 1768 5137 quandiunuu

94 5169 122 5211 m
159 5154 314 5211 multitudo
348 5153 518 5224 angelorum
548 5151 719 5222 triumphali
748 5151 866 5223 agmine
919 5162 1060 5227 peccaret,
1076 5152 1292 5211 immortalitate
1304 5153 1426 5225 rigeret,
1440 5160 1473 5211 ιιι
1500 5154 1560 5224 ipse
1581 5155 1636 5212 sibi
1665 5163 1768 5214 auctor

91 5243 210 5301 iuehaul
227 5260 233 5299 :
252 5242 350 5299 Tollite
369 5247 477 5312 portos,
495 5245 644 5311 principes,
660 5245 686 5295 et
712 5242 865 5307 eleoomini,
919 5250 993 5300 esset
1007 5250 1060 5299 aut
1073 5242 1110 5299 ιι
1123 5241 1214 5298 vitam
1231 5248 1283 5299 aut
1301 5241 1337 5298 ad
1357 5250 1491 5311 mortem,
1504 5248 1536 5299 ut
1557 5244 1724 5302 custodiens
1736 5258 1768 5303 ae

91 5333 264 5401 enurnoles,
281 5336 307 5386 ιι
318 5332 443 5387 introibit
463 5347 513 5386 ree
538 5330 643 5398 glorie.
672 5330 785 5387 Rursus
806 5328 867 5387 alii·
920 5337 1066 5401 apcccato
1080 5329 1179 5388 labore
1209 5344 1261 5387 suo
1274 5330 1414 5402 gauderet
1431 5344 1462 5388 ιι
1488 5331 1690 5403 immortalem,
1717 5347 1769 5392 ne·

91 5429 165 5478 ιιιιι
179 5421 334 5478 dicebant:
351 5420 416 5484 Quis
433 5424 473 5474 est
500 5422 616 5474 isteron
638 5416 752 5487 gloriae?
778 5417 868 5476 Vide·
921 5418 1035 5491 gligeus
1049 5418 1220 5476 veroiactus
1240 5418 1300 5489 ipse
1314 5419 1371 5477 sibi
1390 5418 1548 5492 imputaret
1576 5421 1656 5494 quod
1674 5435 1765 5495 ompe

101 5524 241 5568 eumnou
254 5508 408 5566 habentem
426 5507 550 5579 speciem
569 5506 816 5579 nequedecorem.
838 5505 868 5564 Si
922 5514 968 5567 rat
981 5521 1044 5567 esso
1057 5507 1195 5568 mortalis.
1225 5507 1360 5577 uuaudiu
1384 5509 1466 5568 eninr
1486 5510 1519 5569 in
1540 5509 1683 5574 creatoris
1706 5511 1771 5584 legs
