3804 5962
128 175 195 231 {027
391 171 495 229 PETRI
512 168 695 230 nauatam
715 170 791 227 OPP.
811 167 901 226 Plus
921 167 968 227 111.
983 196 1019 210 -·
1031 167 1250 228 theocustus
1268 167 1311 226 ΕΤ
1330 167 1598 228 philosophica,
1806 173 1875 227 {028

125 301 270 356 renuatur
283 299 385 370 (liceto.
410 316 428 368 1,
447 300 472 365 5,
495 299 531 368 7).
548 297 617 364 Quis
632 303 674 353 est
690 296 736 353 ille
757 293 894 361 circulus,
911 293 969 350 nisi
983 292 1009 349 A
1023 293 1058 352 de
1078 294 1298 365 sapientissimis
1313 302 1341 352 et
1358 295 1464 353 idlotis.
1479 294 1546 353 ldaec
1574 294 1609 351 de
1624 294 1770 352 llacrobio
1796 294 1873 352 dicta

125 389 254 445 ambitus
269 387 379 460 globosi
397 394 424 443 et
458 387 553 442 teretis
572 385 661 452 orbis,
685 385 719 440 de
745 388 804 456 quo
831 384 972 455 scriptum
1023 384 1179 442 sufficiant.

124 481 168 535 est
191 479 261 549 quia
289 478 411 547 Spiritus
441 476 549 530 Domini
575 475 690 545 repleuit
706 475 795 529 orbem
811 470 971 528 imorum?
1062 474 1091 530 Si
1123 474 1190 545 quis
1206 482 1302 531 autem
1327 489 1371 531 me
1386 476 1469 546 quasi
1485 475 1683 544 importunum
1699 488 1733 531 ac
1757 475 1868 532 violen-

125 566 202 639 (Sop.
219 580 237 630 r,
252 564 292 635 7.)
315 565 422 619 Divinae
447 564 555 633 quippe
584 562 720 619 honitatis
746 563 840 635 gratia
855 562 897 617 sic
910 574 970 616 om·
1026 569 1088 618 tum
1112 562 1302 634 expositorem
1321 569 1466 632 causetur,
1492 577 1525 619 eo
1546 563 1623 634 qaod
1641 563 1738 619 minas
1755 563 1873 633 propria

124 655 173 709 nia
196 653 294 724 replet,
317 661 350 709 nt
368 652 442 709 nihil
468 653 584 723 penitus
603 651 640 708 ah
655 652 830 721 operationis
844 663 904 707 suae
917 649 971 706 ad·
1023 653 1202 722 expositione
1224 653 1260 708 ad
1276 651 1362 708 tidem
1382 658 1510 708 nostram
1524 652 1614 708 verba
1630 651 1872 722 philosophorum

124 742 334 800 ministratione
348 751 439 810 vacet,
457 757 522 813 quae
544 741 618 797 sicut
631 741 717 798 solent
733 739 846 797 risibus
865 738 970 795 nostris
1024 740 1221 812 detorqueam,
1237 748 1264 798 et
1279 741 1333 797 hoc
1358 741 1400 798 eis
1414 741 1561 811 imponam
1588 740 1666 816 qaod
1681 754 1870 812 nequaquam

123 829 192 887 oriri
221 830 290 887 lacit
316 845 367 888 seu
382 830 520 896 occidere,
534 830 574 886 sic
596 838 624 886 et
641 839 743 886 caetera
756 843 883 900 quaeqac
910 827 968 883 dis·
1024 829 1077 901 ipsi
1106 839 1268 897 senserunt,
1290 832 1418 888 attendat
1444 831 1524 887 illam
1539 830 1655 900 Caiphae
1671 830 1866 901 prophetiam,

121 919 204 990 ponit
217 922 337 991 optime.
367 920 445 976 Adeo
467 927 565 977 autem
587 918 725 989 praedicta
739 917 854 989 virgilii
878 916 970 973 verba
1024 932 1114 989 quam
1129 919 1250 991 Spiritus
1264 928 1381 978 sanctus
1400 934 1450 991 per
1477 934 1544 976 eum
1560 919 1693 990 protulit,
1715 918 1805 992 longe
1833 918 1869 976 ad

122 1007 157 1066 de
172 1010 392 1077 animamundi,
409 1007 782 1080 veritateplenavidentar,
799 1014 832 1063 ut
846 1019 880 1063 ea
894 1020 967 1077 quo·
1023 1006 1115 1064 alium
1147 1022 1263 1065 sensum
1288 1022 1351 1064 eam
1377 1008 1600 1065 accommodans
1627 1020 1717 1078 quam
1741 1007 1870 1076 prolator

123 1111 180 1168 que
206 1100 290 1170 quasi
311 1099 341 1154 in
361 1098 560 1155 auctoritatem
585 1109 733 1154 assumere
754 1096 884 1153 doctores
900 1109 967 1152 san·
1024 1095 1226 1165 ipsesenscrit.
1257 1096 1330 1153 Nam
1353 1104 1381 1153 ct
1404 1096 1495 1153 sancti
1511 1095 1656 1166 propheta
1680 1109 1747 1151 cum
1768 1094 1870 1167 aliqua

85 1185 159 1251 ,cti
187 1204 245 1245 non
269 1186 485 1245 abhorruerint.
511 1185 591 1242 Unde
622 1192 649 1241 et
685 1184 876 1254 Hieronymus
898 1199 966 1241 cam
1022 1182 1143 1254 Spiritus
1167 1191 1284 1242 sanctus
1300 1199 1350 1255 per
1375 1199 1424 1241 eos
1438 1184 1587 1255 loquatur,
1605 1198 1663 1240 nan
1689 1197 1790 1240 omnes
1804 1199 1867 1240 sen-

122 1287 204 1345 illum
220 1278 374 1338 Ezechielis
388 1276 484 1332 locum
498 1276 663 1345 exponeret,
679 1274 729 1330 uhi
754 1273 965 1344 scriptumest:
1021 1274 1124 1331 tentius
1139 1274 1173 1330 ad
1195 1287 1269 1345 qaas
1287 1288 1316 1330 se
1332 1274 1439 1330 habent
1455 1273 1542 1330 verba
1557 1287 1611 1329 sua
1621 1272 1797 1344 intelligunt,
1818 1273 1865 1329 sed

120 1371 279 1431 introducit
305 1371 335 1422 in
362 1369 465 1421 atrium
497 1364 612 1418 interius
636 1378 687 1433 per
708 1364 781 1417 aiom
808 1363 966 1417 orientalem
1021 1375 1196 1432 sapeunam
1211 1371 1326 1419 tantum
1347 1362 1376 1418 in
1391 1364 1431 1419 eis
1446 1362 1564 1430 hahent,
1577 1376 1644 1418 cum
1658 1361 1866 1432 spiritusipse,

120 1462 229 1535 (Eucti.
247 1472 287 1528 ιιι,
305 1459 344 1524 t),
355 1457 411 1511 ait:
428 1455 553 1510 Siculam
565 1453 685 1507 caterius
700 1455 725 1506 et
739 1452 965 1521 interiusoccipi·
1021 1452 1071 1522 qui
1087 1465 1196 1522 pereas
1208 1451 1345 1522 loquitur,
1362 1451 1468 1508 multas
1489 1451 1529 1506 ihi
1545 1450 1704 1521 provideat,
1720 1459 1867 1520 quatenus

118 1566 178 1605 mus
192 1552 305 1613 atrium,
315 1548 354 1600 sic
364 1542 581 1612 intetttqendurn,
596 1542 670 1608 quod
692 1544 763 1596 Deus
776 1544 802 1594 et
816 1541 965 1606 circumfre-
981 1582 1004 1638 B
1021 1541 1202 1612 postmodum
1218 1539 1607 1610 aliasaliisexpositionibns,
1623 1546 1650 1595 et
1661 1538 1733 1595 alias
1744 1539 1809 1595 aliis
1820 1538 1866 1594 in-

118 1654 165 1694 sus
176 1639 213 1693 sit
224 1642 249 1691 et
259 1637 380 1701 inlusus,
392 1630 722 1701 dicensperproplutom:
736 1648 750 1680 n
764 1628 818 1694 Qui
837 1632 908 1683 taret
918 1644 966 1683 coa·
1021 1631 1119 1701 spirat.
1134 1631 1213 1687 Unde
1224 1630 1381 1701 Gregorius
1396 1630 1423 1686 in
1437 1630 1558 1701 registro
1570 1629 1606 1685 ad
1621 1629 1796 1685 ianuarium
1810 1629 1867 1699 epi·

119 1728 176 1783 turn
198 1727 302 1797 patrna,
319 1729 344 1778 et
360 1727 460 1776 terram
472 1721 590 1789 pupilio,
609 1724 640 1773 ut
654 1718 799 1772 videantur
824 1720 916 1772 ornnia
931 1717 965 1771 ab
1019 1732 1137 1790 scopum
1151 1719 1392 1790 calaguritanum
1408 1720 1535 1775 scribens
1549 1720 1604 1775 ait:
1625 1720 1864 1773 inintellectum-

118 1818 168 1872 itto
180 1814 314 1871 concludi.
324 1829 337 1862 a
352 1811 527 1867 Etrursum:
543 1830 558 1859 n
572 1808 773 1865 Catumautem
784 1806 897 1861 thronus
912 1811 962 1873 est,
1019 1824 1070 1863 crac
1081 1809 1230 1877 Scriptura
1256 1812 1351 1878 respui
1373 1825 1427 1863 nou
1442 1809 1517 1863 debet
1533 1808 1670 1874 quidquid
1689 1823 1775 1863 sacrae
1800 1807 1864 1878 fidei

117 1911 192 1960 terra
201 1909 291 1959 autem
301 1899 446 1956 scabellum
454 1898 555 1968 pedum
565 1912 694 1963 meorum,
712 1915 726 1948 n
743 1900 774 1949 ut
788 1898 864 1949 iutra
873 1896 965 1950 oruuia
1018 1913 1072 1952 non
1084 1899 1197 1953 resistit.
1208 1897 1284 1952 Sicut
1297 1900 1367 1953 enim
1381 1914 1414 1952 ea
1428 1914 1482 1952 uuo
1492 1913 1559 1953 auro
1572 1898 1623 1952 atii
1631 1897 1803 1967 murenulas,
1815 1897 1864 1951 aiii

117 2009 173 2050 csse
191 1990 353 2048 cretiendum
367 1989 414 2055 sit,
425 1988 511 2057 juata
525 1987 598 2042 illud
618 1985 822 2054 virgilianum:
1018 1987 1144 2055 annulos,
1174 1988 1224 2042 atii
1238 1987 1378 2042 demiratio
1405 1986 1441 2042 ad
1465 1991 1653 2042 oruamentum
1684 1989 1808 2054 faciunt,
1825 1990 1864 2039 ita

151 2100 290 2170 Principio
304 2098 397 2152 catum
425 2111 457 2150 ac
473 2100 571 2159 terras,
591 2107 752 2162 camposque
765 2092 908 2158 liquentes,
1017 2091 1115 2131 sauna
1127 2075 1278 2147 Scriptura
1288 2079 1515 2131 sacraesentenlia
1525 2077 1709 2146 copositioues
1720 2076 1804 2129 etiam
1810 2088 1864 2146 per

150 2172 346 2237 lucentemque
357 2167 465 2236 globum
478 2167 568 2232 Luuae,
587 2166 749 2234 Titaniaque
763 2168 840 2217 astra
1016 2167 1172 2223 innumeros
1193 2167 1354 2232 intellectus,
1394 2168 1474 2235 quusi
1493 2168 1573 2221 uaria
1600 2167 1760 2220 ornamenta
1791 2178 1861 2218 com-

151 2242 272 2309 Spiritus
284 2243 362 2323 intus
378 2238 438 2304 alit,
456 2237 702 2305 totamqarciususa
715 2239 857 2318 perartus
1013 2259 1133 2324 ,mmmm
1168 2271 1227 2326 w
1257 2260 1346 2310 ,amen
1388 2257 1480 2309 omnia
1512 2255 1549 2310 ad
1596 2255 1718 2310 decorem
1743 2251 1858 2308 mem-s

151 2313 225 2366 Meus
242 2316 330 2378 agitat
350 2310 454 2375 rualem,
466 2313 492 2361 et
505 2323 604 2374 magua
619 2321 647 2360 se
660 2320 770 2375 corpore
784 2308 888 2359 miscet.

151 2399 245 2470 (Vana.
262 2397 383 2463 Eneid,
399 2395 450 2452 lih.
468 2409 507 2463 vr,
523 2409 597 2451 vers.
613 2395 703 2450 tolet
716 2393 789 2464 seq.)

1015 2359 1120 2413 sponsa
1143 2347 1300 2416 proficiunt.
1318 2345 1380 2414 lpse
1396 2355 1533 2415 praeterea
1558 2342 1732 2410 Macrobius,
1748 2355 1783 2397 ea
1797 2354 1862 2412 quae

1015 2431 1049 2488 de
1068 2433 1166 2489 anima
1187 2433 1289 2490 mundi
1304 2448 1321 2489 a
1336 2433 1512 2504 philosophis
1539 2432 1710 2501 dictasunt,
1740 2432 1859 2502 mystice

114 2525 195 2583 ldem
215 2521 246 2578 in
275 2520 404 2591 Epistola
427 2519 509 2576 Pauli
533 2519 570 2574 ad
585 2516 723 2588 Ephesios
743 2516 793 2572 tib.
813 2531 846 2572 11:
863 2517 957 2570 Diuer-
1014 2521 1230 2592 interpretanda
1241 2537 1303 2579 esse
1318 2523 1456 2579 meminit.
1477 2521 1556 2589 Quod
1577 2523 1663 2578 etiam
1674 2521 1760 2593 juxta
1783 2518 1858 2577 litte-

113 2612 182 2667 sitas
206 2614 297 2665 cotom
320 2609 550 2679 propositionum,
578 2607 608 2659 in
636 2605 734 2670 quibus
764 2604 866 2659 utatur
888 2619 959 2658 unus
1014 2622 1077 2666 rarn
1103 2612 1209 2682 exponi
1234 2613 1373 2668 veraciter
1394 2620 1445 2668 aut
1473 2612 1677 2667 convenienter
1692 2609 1861 2666 nullatenus

112 2701 182 2754 Deos
203 2703 230 2754 ot
254 2700 336 2752 Polo·
352 2698 483 2761 omnium,
514 2694 775 2763 tuisuPeiomm'o,
791 2698 816 2746 ⁶²
837 2706 960 2761 peroio*
1014 2707 1132 2770 queant,
1150 2708 1182 2756 ut
1201 2714 1291 2771 supra
1306 2701 1502 2767 meminimus,
1534 2701 1595 2770 ipsa
1622 2714 1675 2755 nos
1702 2699 1800 2756 littera
1824 2700 1859 2754 ad

111 2803 169 2856 ²¹0⁸,
195 2789 271 2842 etin
293 2786 416 2841 omnibus
444 2784 585 2839 diuersam
624 2783 837 2850 intettiqonu'am
872 2782 956 2851 sopit.
1012 2789 1219 2859 expositionem
1236 2789 1387 2860 mysticam
1403 2787 1560 2860 compellit.
1578 2787 1713 2844 Pluribus
1742 2801 1860 2858 quoque

110 2877 202 2947 Super
233 2881 324 2933 omnia
339 2879 411 2931 euim
426 2880 465 2930 est
479 2877 550 2928 beas
565 2875 648 2928 Potor
660 2872 709 2943 qui
734 2876 828 2927 auctor
843 2875 885 2926 ool
899 2887 958 2926 om·
974 2848 996 2906 ⁰
1012 2877 1182 2933 testimoniis
1196 2885 1364 2933 sanctorum
1380 2877 1533 2933 didicimus
1559 2876 1737 2932 Platonicam
1751 2884 1858 2932 sectam

111 2967 197 3021 niom-
226 2968 278 3021 Por
300 2981 389 3020 omnes
413 2965 499 3018 Pilius
521 2963 568 3028 qui
583 2967 680 3016 canoto
706 2962 880 3027 transcurrit,
905 2975 957 3014 oo·
1012 2965 1165 3023 Catholicae
1178 2964 1241 3021 fidei
1258 2966 1417 3036 plurimum
1428 2965 1612 3021 uincordare.
1623 2964 1705 3022 Unde
1721 2977 1780 3020 non
1796 2963 1860 3019 sine

110 3053 216 3122 aitque,
244 3071 295 3125 por
323 3055 424 3116 omnio·
469 3054 500 3106 lo
530 3051 654 3106 omnious
678 3050 806 3121 Spiritus
834 3053 956 3116 ooootoo,
1011 3068 1100 3112 causa
1128 3056 1275 3110 maximus
1293 3056 1373 3111 Plato
1407 3054 1643 3124 philosophorum
1664 3066 1721 3123 prae
1746 3054 1860 3110 caeteris

111 3146 177 3210 quio
204 3145 245 3198 nit
276 3143 378 3209 absque
400 3157 429 3196 eo
450 3146 499 3196 est.
520 3140 588 3196 Tale
614 3139 684 3210 quid
700 3139 734 3195 de
760 3138 901 3196 creaturis
931 3145 958 3193 et
1011 3143 1229 3200 commendatur
1246 3143 1282 3199 ab
1305 3143 1450 3210 omnihus,
1466 3157 1524 3198 non
1539 3142 1632 3199 solum
1647 3157 1664 3198 a
1680 3142 1779 3211 peritis
1803 3157 1860 3199 sae-

110 3232 145 3289 de
173 3237 229 3290 bea
258 3234 343 3290 etiam
368 3234 441 3288 Zeno
462 3246 528 3288 cnm
545 3230 645 3287 Stoicis
673 3230 849 3301 suspicatur,
870 3241 957 3300 quem
1010 3232 1155 3289 cularium
1166 3232 1282 3299 artium,
1292 3247 1393 3288 verum
1403 3230 1643 3288 etiamaSanctis.
1655 3232 1761 3302 Dequo
1776 3234 1862 3288 Pater

112 3321 247 3393 sequitur
261 3320 412 3392 Virgilius.
427 3321 518 3376 Deum
534 3333 672 3390 namque,
1010 3319 1194 3392 Augustinus
1210 3321 1239 3376 in
1258 3321 1308 3377 lih.
1325 3335 1366 3387 rx,
1392 3323 1430 3377 lte
1457 3321 1534 3376 civit.
1553 3321 1603 3377 Dei
1616 3321 1689 3392 (35)ss
1715 3322 1857 3376 Mirantur

572 3464 627 3482 ,,,,,
640 3428 681 3480 gr,
696 3441 745 3495 per
759 3438 849 3481 omne,
1010 3408 1115 3481 inquit,
1143 3411 1251 3480 quidem
1269 3411 1345 3465 uobis
1363 3413 1393 3464 iu
1426 3410 1527 3467 Christi
1550 3412 1643 3479 qratia
1666 3412 1774 3478 sociati,
1795 3427 1856 3466 cum

286 3503 428 3568 terrasque
437 3499 527 3553 inanis
532 3537 598 3553 ......
610 3497 775 3569 etreliqua.
1010 3499 1128 3554 audiunt
1153 3500 1196 3555 uel
1224 3501 1316 3568 loquat
1335 3501 1486 3566 Platonem,
1507 3515 1568 3554 eum
1594 3500 1627 3554 de
1650 3503 1703 3555 Deo
1721 3502 1778 3555 ista
1792 3515 1858 3556 sen·

109 3588 145 3646 Et
1009 3589 1076 3643 sisse
1091 3603 1150 3655 quac
1165 3590 1280 3644 multum
1294 3605 1441 3658 congruere
1454 3592 1567 3645 ueritati
1585 3594 1685 3645 nosue
1700 3591 1856 3658 religionis,

140 3694 279 3763 Principio
305 3694 400 3749 cuturn
431 3695 591 3761 eticorum,
621 3708 785 3765 camposque
807 3693 952 3763 liquentes,
1010 3681 1202 3744 “Wlfflin'-
1225 3678 1302 3734 Unde
1329 3679 1455 3733 ”Onnum
1477 3682 1649 3748 limaverim
1672 3694 1732 3733 eum
1746 3679 1857 3745 quantu

140 3764 455 3833 docentemqueptoonn
468 3766 559 3834 huna,
583 3766 834 3832 litaniaqueastrc
1005 3768 1130 3835 perrexit
1158 3769 1188 3821 in
1209 3770 1367 3838 AEqyptunt,
1392 3770 1537 3823 ieremiam
1561 3767 1681 3835 audisse,
1711 3766 1754 3822 cel
1780 3768 1856 3822 Scri·

140 3836 261 3905 Spiritus
272 3839 346 3891 intus
360 3837 423 3906 alib
440 3842 495 3892 ⁰¹⁰·
1006 3859 1104 3925 pturas
1119 3857 1292 3928 propheticas
1307 3859 1335 3912 in
1354 3857 1447 3912 eadem
1463 3858 1686 3927 peregrinatione
1701 3857 1809 3925 legisse.
1824 3857 1854 3912 St

105 3939 212 4000 Vivere
226 3941 334 4013 quippe
350 3942 561 4000 iuDeocuncta
575 3943 724 4010 dicuntur,
744 3950 777 3999 ut
789 3956 878 4014 supra
893 3958 952 4001 me·
1007 3942 1153 4013 diligenter
1168 3952 1336 4016 computetur
1351 3952 1501 4016 temporum
1531 3949 1615 4014 ratio,
1642 3961 1703 4012 quae
1728 3947 1855 4002 chronica

100 4030 258 4101 minimus,
289 4032 447 4089 meandum
471 4032 526 4088 hoc
553 4033 679 4104 quadiu
705 4032 768 4103 ipso
784 4032 952 4090 nullasunt
1005 4030 1121 4088 historio
1147 4036 1309 4103 continetur,
1326 4036 1465 4089 Platonem
1483 4034 1591 4089 iudicat
1619 4049 1636 4087 a
1660 4039 1777 4103 tempore
1801 4050 1855 4105 quo

106 4125 232 4188 mortua,
261 4119 315 4176 hoc
337 4127 380 4177 est
395 4119 519 4190 inutilia,
549 4121 598 4178 sed
623 4121 722 4178 omnia
750 4121 869 4189 utiliter,
900 4128 952 4179 aut
968 4152 991 4208 D
1005 4123 1334 4192 prophetaritderemias,
1356 4129 1463 4179 centum
1477 4126 1633 4191 turannos
1646 4130 1743 4194 postea
1758 4129 1855 4179 natum

104 4208 310 4265 convenienter
343 4208 418 4267 lacta
445 4224 497 4267 seu
527 4211 678 4280 ordinata,
707 4212 784 4269 unde
808 4211 950 4283 scriptum
1007 4213 1104 4280 fuisse.
1127 4211 1250 4278 Quicum
1271 4216 1450 4282 octoqintaet
1475 4229 1561 4268 unum
1576 4215 1702 4282 uicisset,
1719 4213 1753 4268 cb
1781 4229 1853 4269 anuo

104 4305 160 4354 ast:
191 4295 268 4362 Quod
291 4300 396 4366 factum
427 4305 467 4355 est
493 4301 523 4354 in
550 4302 610 4370 ipso
630 4302 689 4355 cita
731 4307 790 4357 crat
812 4300 901 4373 (Joan.
930 4318 952 4370 1,
1007 4306 1103 4357 rnortis
1117 4303 1174 4372 ejus
1184 4317 1324 4373 usquequo
1339 4303 1496 4358 Ptolemaeus
1510 4319 1560 4358 reu
1571 4305 1683 4372 Egypti
1693 4302 1855 4372 Scripturas

103 4385 128 4452 3,
143 4385 181 4458 i),
197 4386 252 4443 hoc
263 4395 305 4444 est
327 4387 358 4443 in
385 4388 447 4459 ipsa
467 4396 625 4460 antequam
643 4389 744 4447 tierent
772 4391 952 4461 providentia
1006 4392 1176 4462 propheticas
1192 4406 1241 4460 per
1255 4396 1430 4461 septuaginta
1454 4392 1589 4458 Hehraos,
1603 4394 1784 4461 qotmaecom
1801 4392 1851 4446 tin

104 4473 211 4532 divinae
236 4476 388 4546 Sapientiae
430 4478 659 4534 commodissime
697 4485 780 4535 erant
806 4478 950 4535 ordinata.
1006 4497 1088 4550 quam
1105 4484 1477 4551 noouont,interpreroncos
1493 4481 1632 4537 habendas
1654 4483 1774 4547 curavit,
1800 4499 1849 4537 au·

103 4563 178 4621 Hinc
207 4578 326 4621 rursum
349 4565 470 4622 dicitur:
493 4569 575 4634 Deus,
604 4568 648 4621 cui
674 4569 897 4625 omnia‘oiuunt.
914 4568 951 4623 Et
1006 4572 1039 4624 ni
1055 4572 1231 4640 reperiuntur
1246 4572 1331 4638 sume
1347 4587 1449 4626 novem.
1464 4570 1638 4641 Quapropter
1647 4573 1677 4625 in
1693 4571 1744 4625 illa
1769 4586 1848 4640 pere·

102 4653 268 4724 Apostolus:
303 4655 337 4709 In
369 4670 431 4724 quo,
461 4654 566 4726 inquit,
591 4655 721 4724 uiuimus,
748 4671 895 4725 movemur,
924 4661 951 4712 et
1006 4660 1162 4726 qrtnotione
1198 4675 1249 4714 sua
1274 4660 1352 4714 Plato
1371 4675 1419 4715 nec
1454 4660 1600 4713 terentem
1635 4658 1728 4712 vidue
1759 4658 1851 4728 potuit

101 4757 195 4799 tumus
224 4742 297 4815 (Act.
315 4755 387 4811 xva,
411 4746 468 4811 28),
492 4751 550 4800 tam
566 4744 696 4800 homines
718 4759 807 4815 quam
827 4746 951 4816 pecudes
1007 4751 1083 4803 tauto
1109 4754 1171 4804 ante
1197 4749 1369 4816 defunctum,
1388 4764 1436 4802 nec
1451 4748 1559 4802 easdem
1575 4747 1733 4817 Scripturas
1744 4748 1854 4814 tegitin

100 4830 238 4889 vivificat.
258 4832 348 4904 Cujus
368 4833 444 4889 dona
474 4833 573 4904 aliqua
590 4834 732 4891 advitam
749 4843 808 4892 lam
830 4835 946 4906 sapien.
1005 4853 1102 4906 graeco,
1118 4854 1178 4904 quaa
1199 4838 1321 4892 nondum
1346 4839 1460 4905 iuuant
1485 4838 1515 4892 ia
1543 4837 1666 4894 Gracum
1693 4837 1854 4900 translatam

100 4921 204 4980 tissimi
220 4937 309 4993 quant
329 4921 472 4993 simplices
494 4928 583 4994 atque
612 4921 845 4996 internecabant,
867 4924 948 4982 unde
1003 4929 1059 4983 nisi
1082 4929 1147 4995 quta
1159 4929 1215 4995 licit
1239 4928 1365 4983 acerrimi
1380 4927 1476 4992 studii,
1500 4928 1571 4981 sicut
1593 4927 1784 4995 AEppptiacos,
1813 4926 1854 4978 ita

99 5019 128 5068 et
148 5011 177 5067 in
192 5012 361 5070 Ecclesiaste
375 5012 495 5069 dicitur:
524 5012 590 5078 Quis
600 5017 675 5068 nouit
688 5015 805 5084 spiritus
829 5015 950 5085 titionem
1005 5020 1031 5071 et
1052 5018 1120 5072 istas
1147 5033 1196 5087 per
1221 5019 1397 5088 interpretem
1425 5015 1532 5071 didicit.
1562 5016 1639 5072 Adeo
1666 5023 1765 5072 autem
1788 5014 1853 5086 ipsa

98 5101 201 5170 Adam
231 5104 304 5158 etsi
327 5102 456 5157 ascendat
471 5109 628 5170 sursum,ct
644 5104 669 5158 si
692 5106 808 5175 spiritus
833 5104 954 5174 jumen·
1003 5105 1131 5163 Platonis
1155 5105 1230 5162 dicta
1257 5107 1354 5164 verbis
1377 5105 1491 5162 Domini
1521 5112 1609 5176 atque
1650 5103 1853 5175 predicationi

100 5193 188 5247 mum
209 5191 355 5247 descendat
381 5193 506 5248 deorsum
525 5193 812 5266 (Eccte.1n,i);hoc
833 5194 948 5266 estqui
1001 5195 1066 5267 elus
1090 5209 1246 5252 consonare
1266 5196 1413 5265 videntur,
1431 5202 1463 5252 ut
1488 5194 1563 5251 sicut
1587 5194 1664 5250 idem
1693 5195 1853 5264 predictas

99 5277 157 5336 sint
179 5280 372 5350 predestinati
393 5281 547 5353 advitam,
564 5282 616 5355 qni
630 5283 761 5355 deputati
773 5282 810 5341 ad
824 5290 947 5341 mortem
1002 5281 1101 5343 doctor
1123 5281 1154 5341 in
1167 5283 1293 5345 secando
1317 5285 1352 5343 de
1367 5283 1499 5344 doctrina
1517 5282 1681 5343 Christiana
1698 5281 1854 5355 profitetur

135 5451 192 5527 (³5)
204 5454 312 5516 Patrai.
327 5461 397 5517 tom.
407 5455 482 5530 ΧΗ,
496 5456 552 5518 col.
563 5459 627 5516 2³⁸.
