3736 5962
37 109 107 165 ott

527 106 713 166 excusato
731 110 767 165 ΙΝ
786 109 889 166 aelst.
909 111 1013 169 PAULI
1030 111 1078 168 AD
1097 110 1179 170 ΗΘΜ.
1203 139 1239 155 -·
1254 110 1320 185 litt.
1339 112 1375 169 11.

1759 118 1814 174 862

38 233 105 290 dat
136 237 217 303 Deus,
232 233 262 292 id
284 240 327 292 est
343 235 467 293 aedihcat
481 236 541 294 sire
556 236 707 293 conlirmat
727 250 804 292 suam
819 236 948 291 chart-A
1003 240 1090 310 Usque
1108 239 1145 294 ad
1169 239 1254 307 tegern
1276 238 1357 294 euim.
1374 238 1451 296 Beue
1473 237 1538 307 dico
1561 238 1593 296 in
1619 253 1720 298 omues
1742 256 1812 314 per·

43 328 146 378 tatem
162 328 191 378 in
212 324 300 393 uobis,
324 327 463 395 quoniam
488 325 595 383 scilicet
614 326 662 380 Dei
684 327 807 382 Christus
823 327 908 382 Filios

40 430 107 483 pro
130 415 209 469 nodis
224 419 351 468 mortuus
362 420 402 469 est
426 431 486 469 cam
500 416 588 470 adhuc
611 421 766 486 peccatores
780 431 907 471 essemus.

42 505 141 569 Quod
161 504 186 559 si
202 504 241 559 ita
264 505 389 574 respexit
404 520 471 560 curn
489 519 616 562 essemus
637 514 808 576 peccatores,
825 506 909 562 morti

47 594 171 649 scilicet
196 593 316 649 unicum
340 608 427 649 suum
457 609 508 663 pro
535 593 619 650 nohis
645 595 794 653 tradendo.
825 597 909 651 hatto

48 685 148 751 magis
176 698 252 750 erqo,
268 682 352 739 idest
376 681 466 739 multo
485 682 600 739 lacilius
623 684 683 741 sive
705 684 841 742 libentius
863 684 909 741 vel

50 771 241 843 probabilius
256 784 334 828 nunc
358 771 488 841 respiciet
509 786 561 828 nos
576 773 619 829 ad.
636 773 827 831 salvationem
848 775 909 844 jam

47 860 230 931 iustificatos
262 861 292 916 in
316 860 459 932 sanguine
474 875 538 928 sao,
564 861 594 916 id
619 869 661 917 εει
687 862 748 933 jam
776 877 826 933 per
840 863 908 920 dile·

50 950 196 1019 ctionem,
211 963 301 1020 quatu
315 949 345 1005 in
356 964 389 1006 eo
400 949 552 1018 hahemus,
567 951 791 1008 exhausumma
802 951 907 1024 gratia,

52 1053 151 1109 quam
171 1039 254 1095 nohis
277 1038 424 1105 exhibuit,
441 1053 492 1109 pro
507 1039 591 1096 nohis
605 1039 712 1096 scilicet
727 1040 823 1098 adhuc
848 1055 911 1111 pec·

54 1128 209 1184 catorihus
228 1128 385 1185 moriendo.
402 1129 437 1185 Et
455 1128 571 1194 hatest,
597 1131 669 1184 salvi
683 1131 782 1184 crimem
805 1129 840 1185 ah
856 1131 908 1197 ira,

54 1216 168 1274 scilicet
195 1216 303 1283 lutura,
321 1216 350 1273 id
374 1224 417 1274 εει
443 1230 461 1272 a
487 1225 671 1288 peccatorum
697 1218 836 1287 vindicta,
860 1234 911 1289 per

56 1308 162 1376 ipsam,
187 1305 319 1363 videlicet
344 1305 490 1362 Christum
526 1320 579 1376 pro
613 1307 697 1364 nohis
728 1306 816 1364 senrel
848 1322 909 1364 mo-

57 1394 194 1461 rientem,
211 1401 238 1450 ει
252 1393 356 1464 sapius
370 1401 512 1462 orantem,
527 1401 555 1451 et
568 1395 683 1453 assidue
696 1409 747 1453 nos
766 1396 910 1454 instruen-

60 1491 129 1540 tent.

966 329 1078 385 transiit
1099 336 1258 399 peccatum,
1282 343 1348 385 cum
1377 342 1430 384 nec
1452 327 1516 397 ulli,
1542 329 1594 400 qui
1623 333 1690 387 ante
1716 329 1810 404 legem

965 418 1082 474 luerunt
1105 426 1251 487 apeccato
1276 417 1419 473 immunes
1441 417 1612 474 exstiterint.
1640 419 1679 477 lie
1701 420 1812 492 quihus

965 505 1057 575 rrtagis
1072 504 1195 561 videtur.
1221 504 1293 561 Cum
1316 506 1413 562 adhuc
1436 505 1547 562 nullius
1575 507 1689 578 scripta
1712 516 1810 569 traus-

966 593 1180 664 gressioniseos
1198 608 1262 650 reos
1285 592 1399 662 iaceret,
1426 611 1513 666 usqae
1537 596 1575 650 ad
1598 597 1692 664 tegent,
1713 596 1743 655 id
1768 606 1810 656 εει

965 688 1023 738 toto
1042 689 1168 752 tempore
1196 683 1245 740 illo
1266 691 1423 755 antequam
1447 683 1493 740 lex
1517 698 1566 755 per
1584 684 1710 755 lloysem
1728 684 1810 742 daro-

966 777 1032 841 tur3
1049 780 1196 841 peccatum
1211 779 1272 827 erat
1297 772 1327 828 in
1342 773 1459 838 mundo,
1477 772 1543 829 licet
1570 786 1626 828 uon
1651 771 1810 842 imputare·

966 864 1023 926 tur,
1040 858 1068 914 id
1082 863 1124 915 est
1136 859 1173 914 ab
1190 860 1356 916 homiuibus
1382 869 1563 932 argueretur,
1592 860 1636 917 vel
1656 860 1811 931 puniretur

966 962 1015 1018 per
1029 947 1157 1018 aliquam
1173 947 1274 1019 legem,
1292 963 1358 1005 cum
1375 949 1504 1006 videlicet
1530 949 1576 1005 lex
1599 948 1729 1006 nondum
1743 948 1812 1005 scri·

966 1043 1013 1107 pta
1027 1045 1109 1107 essct,
1124 1037 1174 1093 sed
1191 1044 1303 1094 tantum
1327 1037 1469 1094 naturalis
1492 1052 1542 1109 per
1563 1050 1653 1108 quam
1676 1035 1744 1093 boni
1765 1033 1810 1092 vol

965 1124 1034 1181 titali
1048 1124 1246 1182 discretionem
1263 1127 1437 1183 nonnullam
1459 1127 1612 1193 habehant,
1628 1140 1666 1181 ex
1690 1137 1750 1195 qua
1763 1137 1809 1181 oo·

965 1227 1100 1283 gnoscere
1123 1219 1271 1285 peccatum
1298 1224 1420 1286 possent.
1462 1217 1556 1272 Potest
1582 1214 1669 1270 etiam
1697 1213 1739 1270 sic
1752 1211 1809 1269 dici

966 1311 1115 1372 peccatum
1130 1312 1197 1360 ante
1211 1305 1303 1376 legem
1331 1320 1390 1361 uon
1415 1304 1552 1375 imputari
1573 1304 1609 1361 ah
1629 1302 1810 1371 hominihus,

966 1390 1051 1448 idest
1067 1392 1186 1450 anullis
1206 1394 1253 1451 vel
1275 1394 1375 1464 paucis
1401 1393 1535 1466 cognosci
1561 1393 1633 1465 quid
1658 1397 1732 1449 esset
1747 1404 1808 1461 pec

964 1488 1072 1548 catum,
1088 1490 1245 1553 antequam
1265 1483 1371 1540 scilicet
1387 1483 1651 1554 concupiscentiam
1675 1481 1723 1538 lox
1745 1487 1810 1536 tan·

94 1574 127 1629 si
151 1574 223 1627 enim
244 1588 316 1627 cam.
348 1571 414 1628 Dixi
439 1573 511 1643 quia
533 1573 684 1644 justificati
708 1574 738 1630 iu
767 1574 910 1646 sanguiue
927 1591 948 1646 Β
965 1584 1054 1640 quant
1083 1580 1233 1641 peccatum
1258 1572 1449 1640 interdiceret,
1471 1580 1499 1629 ει
1532 1573 1645 1628 doceret
1667 1570 1697 1627 iu
1725 1567 1811 1626 cordo

60 1661 168 1717 Christi
183 1661 255 1717 salvi
269 1661 377 1718 crimus
392 1661 428 1718 ah
446 1662 490 1718 ira
518 1662 568 1718 Dei
599 1677 648 1732 per
667 1663 773 1733 ipsum.
798 1665 835 1720 Et
850 1680 909 1722 tue·

59 1750 127 1818 rito,
145 1748 214 1819 quia
236 1748 298 1820 jam
322 1749 498 1806 reconciliati
516 1764 622 1806 sumus
636 1752 693 1806 Dea
722 1766 772 1822 per
787 1760 909 1809 ntortem

61 1838 152 1906 illius,
168 1852 235 1894 cum
256 1838 338 1908 prius
362 1853 414 1894 nos
434 1853 486 1908 pro
507 1839 631 1897 inimicis
653 1840 770 1897 haberet
791 1841 828 1897 ad
852 1857 910 1913 pu-

61 1924 212 1981 alendum.
229 1926 303 1981 Etsi
318 1934 431 1983 tantum
453 1941 529 1983 mors
543 1929 606 1998 ejus
623 1929 715 1999 potuit
729 1936 761 1986 ιιι
782 1944 834 1986 nos
855 1930 907 1986 sci·

61 2011 125 2070 licet
148 2013 322 2085 iustificaret
337 2014 382 2074 vol
398 2016 608 2084 reconciliaret,
627 2019 717 2075 ιιιιιΙιο
732 2019 826 2091 magis
849 2020 909 2077 vita

61 2102 152 2173 ipsius
176 2118 228 2160 uos
250 2113 399 2177 protegere
421 2107 524 2176 poterit
545 2114 573 2163 ει
592 2107 706 2164 salvaro
724 2109 761 2166 ah
786 2109 830 2165 ira
843 2123 906 2165 sua.

61 2194 177 2249 Constat
200 2194 309 2264 quippe
337 2194 402 2265 plus
426 2210 506 2265 posse
534 2211 775 2269 unumquemque
808 2199 909 2255 vivum

61 2295 152 2351 quam
178 2289 336 2339 mortuum.
359 2286 392 2338 ln
409 2288 469 2339 vita
493 2286 592 2354 ipsius,
617 2286 707 2343 idest
731 2287 824 2357 ipsum
847 2288 909 2359 jam

59 2370 232 2428 suscilalum
257 2379 284 2427 et
304 2373 461 2430 viventem.
481 2376 542 2431 Nou
569 2376 656 2430 solam
680 2381 781 2443 orclem,
802 2377 909 2434 scilicet

57 2459 269 2528 saisierimus,
291 2461 320 2517 id
346 2471 389 2518 εει
415 2462 523 2518 salvari
549 2478 599 2534 per
620 2464 713 2534 ipsum
742 2465 909 2535 impetrabi-

10 2570 13 2575 ·
57 2562 136 2604 mus.
158 2548 194 2604 ht
213 2549 266 2605 hoc
284 2559 336 2617 εει,
355 2550 554 2622 gloriationem
571 2554 733 2609 maximam
748 2552 841 2623 adepti
856 2567 909 2609 su-

58 2651 138 2700 mus,
164 2643 192 2694 ει
221 2640 346 2696 maximo
378 2639 480 2697 honori
503 2641 585 2698 nohis
613 2642 801 2711 imputamus,
830 2641 909 2713 quod

967 1659 1061 1728 potius
1087 1674 1177 1730 quam
1199 1661 1228 1717 iu
1257 1676 1341 1732 opero
1368 1668 1515 1731 peccatum
1535 1660 1701 1717 consistere.
1727 1656 1811 1721 Quod

965 1747 1081 1818 quidem
1098 1751 1127 1805 in
1140 1751 1328 1821 sequentihus
1354 1759 1485 1821 patenter
1513 1749 1667 1820 Apostolus
1688 1746 1810 1804 edocens

965 1837 1003 1892 ait
1019 1838 1097 1892 :Lea
1108 1845 1249 1909 peecatum
1261 1840 1328 1894 esti
1355 1839 1442 1895 obsiti
1459 1839 1515 1894 Sed
1532 1842 1674 1909 peccatam
1691 1850 1746 1891 aaa
1764 1849 1808 1890 co·

964 1927 1045 1994 prtooi
1067 1929 1123 1982 uisi
1141 1943 1190 1997 per
1213 1930 1305 1996 legem.
1344 1931 1411 1986 Nam
1435 1930 1681 2000 concupiscentiam
1707 1924 1807 1981 nescie-

965 2015 1036 2083 dam,
1057 2023 1109 2072 etc.
1135 2018 1221 2086 (Rom.
1247 2032 1303 2085 ιιι,
1319 2020 1359 2088 7.)
1381 2019 1532 2074 Peccatum
1553 2018 1651 2088 itaque
1679 2028 1737 2073 nou
1754 2013 1810 2070 im-

965 2106 1123 2174 putabatur
1136 2107 1196 2164 sive
1211 2108 1350 2180 origInale
1370 2107 1430 2165 sive
1452 2107 1613 2178 proprium,
1627 2106 1656 2162 id
1670 2111 1712 2163 est
1727 2105 1809 2175 igno·

965 2194 1086 2252 rahatur
1109 2196 1145 2253 ah
1174 2197 1352 2266 hominihuS,
1382 2198 1472 2253 donec
1498 2198 1592 2267 ipsum
1615 2195 1663 2252 lex
1690 2193 1807 2251 diceret.

964 2285 1035 2340 Nam
1050 2292 1078 2340 ει
1093 2286 1188 2356 ipsum
1208 2287 1369 2356 primorum
1385 2293 1537 2356 parentum
1553 2290 1702 2356 peccatum
1722 2282 1809 2339 etiam

964 2373 994 2429 ln
1023 2374 1254 2445 coucupiscentia
1282 2375 1346 2443 luit,
1370 2376 1445 2431 sicut
1474 2379 1614 2445 seriptum
1640 2378 1704 2429 est:
1732 2371 1809 2429 Vidit

963 2477 1025 2530 ergo
1049 2464 1149 2517 mulier
1163 2464 1237 2533 qaod
1257 2464 1355 2519 donam
1382 2469 1450 2520 esset
1467 2466 1572 2533 liparem
1598 2463 1635 2517 ad
1650 2460 1810 2517 uescendum

964 2557 988 2604 et
1014 2552 1160 2620 pulchrum
1185 2554 1270 2608 oculis
1292 2558 1456 2622 aspectuque
1489 2551 1654 2616 delectabile,
1683 2555 1708 2603 et
1744 2550 1809 2603 tutte

963 2638 1110 2706 detraccio
1133 2642 1219 2711 illius,
1249 2646 1274 2696 ct
1298 2640 1413 2696 comedit
1439 2643 1517 2710 (Gen.
1545 2657 1585 2706 ιιι,
1617 2638 1656 2708 6).
1680 2639 1717 2694 El
1744 2636 1810 2693 licet

56 2727 147 2784 talem
182 2727 265 2784 nohis
290 2727 550 2786 reconciliationem
580 2729 719 2787 Dorulaus
757 2728 843 2786 dedit.
874 2731 910 2787 ht
963 2730 1312 2801 peceatumantelegem,
1342 2727 1811 2796 utdictumest,u0uimputetur

58 2818 116 2873 hoc
129 2823 184 2884 εει,
200 2818 352 2886 qioriamur
371 2821 401 2873 in
421 2821 485 2887 Deo,
504 2834 563 2876 non
578 2819 607 2875 in
636 2819 738 2887 nohis,
762 2818 847 2875 idest
873 2819 909 2875 de
964 2818 1000 2874 ah
1028 2818 1204 2886 hominihus,
1232 2827 1330 2876 tamen
1353 2819 1439 2876 etiam
1464 2827 1533 2875 tunc
1571 2815 1770 2887 imputabatur
1793 2827 1811 2871 a

59 2913 144 2962 tauto
159 2905 297 2962 henelicio
319 2907 392 2976 ejus,
419 2921 457 2964 ex
472 2909 566 2980 gratia
584 2909 659 2979 ejus,
674 2922 732 2964 non
746 2921 783 2963 ex
800 2909 910 2964 meritis
927 2938 948 2995 G
964 2908 1030 2976 Dea,
1061 2910 1200 2978 quoniam
1220 2923 1271 2978 pro
1297 2910 1358 2978 ipso
1382 2921 1496 2978 paruam
1523 2905 1681 2976 corporalis
1708 2903 1809 2960 mortis

60 2994 185 3062 nostrie,
202 2994 284 3051 nohis
299 3008 350 3064 per
364 2995 510 3053 Christum
538 2996 650 3053 collato.
674 2999 822 3067 Propterea
840 2998 910 3050 sicat
964 2997 1101 3053 omnihus
1120 2996 1270 3064 interebat,
1295 2997 1447 3053 insinuans
1470 3010 1520 3066 per
1535 2995 1589 3051 hoc
1609 2994 1694 3051 nohis
1713 3007 1808 3064 apro·

59 3083 169 3140 Littera
192 3083 254 3140 ideo
279 3085 339 3141 hoec
353 3085 494 3142 defectiva
519 3086 646 3153 ridetur,
672 3086 727 3143 nisi
742 3100 809 3144 cum
824 3100 909 3156 supe·
964 3085 1034 3156 priis
1062 3086 1188 3142 maxime
1216 3088 1338 3156 peccatis
1365 3100 1426 3142 esse
1463 3085 1635 3152 cavendum,
1661 3097 1729 3140 cum
1756 3083 1811 3139 hoc

59 3172 192 3229 rioribus
205 3173 250 3230 vel
266 3173 451 3231 interioribus
466 3175 670 3246 quoquomodo
684 3174 861 3247 coniungere
872 3175 912 3230 ni·
965 3176 1173 3232 sustineremus
1189 3183 1304 3245 propter
1318 3175 1457 3231 alienum.
1481 3175 1516 3231 Et
1540 3174 1594 3230 hoc
1612 3179 1655 3231 εει
1670 3189 1677 3227 :
1691 3173 1746 3230 Sed
1769 3187 1810 3227 re·

59 3268 171 3317 iathar.
188 3264 234 3319 Sic
248 3273 345 3319 autem
367 3264 567 3335 superioribus
587 3264 707 3320 tortasse
724 3263 911 3321 contiuuahi-
964 3269 1060 3332 onero
1077 3279 1160 3331 mors,
1191 3264 1298 3320 scillcet
1317 3263 1487 3334 corporalis,
1504 3264 1532 3320 id
1546 3269 1589 3319 εει
1610 3261 1741 3333 quietum
1760 3259 1809 3317 oh·

59 3359 122 3415 tur,
144 3351 220 3406 acsi
239 3351 391 3407 dicamus:
408 3352 686 3420 llecouciliationem,
709 3353 841 3423 inquam,
861 3366 912 3423 per
966 3353 1053 3409 tinuit
1073 3353 1246 3419 dominium,
1264 3360 1292 3408 ει
1310 3361 1376 3409 ειιιε
1393 3353 1493 3425 legem,
1509 3352 1536 3408 id
1555 3359 1597 3408 est
1612 3352 1645 3406 ab
1660 3349 1752 3407 Adam
1764 3363 1810 3405 as·

60 3438 213 3496 Christum
234 3440 401 3512 accipimus,
426 3449 587 3513 propterea,
605 3442 633 3497 id
659 3450 699 3497 est
722 3448 836 3511 propter
858 3439 912 3497 hoc
965 3457 1017 3508 que
1038 3442 1076 3496 ad
1097 3443 1217 3513 dtoysem
1250 3444 1332 3496 etiam
1356 3444 1385 3496 iu
1410 3457 1452 3497 eos
1483 3444 1532 3510 qai
1556 3456 1610 3496 non
1632 3443 1812 3512 peccaverant

60 3528 145 3598 quod
174 3531 374 3601 supradictum
401 3540 453 3600 εει,
484 3532 554 3602 quia
581 3531 712 3587 videlicet
750 3543 801 3600 pro
830 3527 913 3585 nohis
965 3531 1087 3587 scienter
1102 3530 1340 3601 transgrediendo
1368 3533 1442 3587 sicut
1465 3532 1556 3586 Adam
1582 3530 1658 3601 lecit,
1679 3530 1764 3586 idest
1781 3530 1811 3586 iu

61 3625 199 3675 mortuus
226 3626 278 3686 εει,
302 3621 377 3677 sicut
404 3636 419 3678 ε
445 3622 588 3678 contrario
617 3620 833 3677 damnationem
861 3632 912 3689 per
967 3619 1103 3690 parvulos
1117 3620 1162 3676 vel
1177 3620 1324 3690 quoslihet
1339 3619 1513 3686 innocentes,
1531 3620 1581 3690 qui
1597 3619 1704 3676 scilicet
1717 3618 1811 3675 Adam

60 3707 157 3763 Adam
174 3707 360 3766 incurrimus.
382 3710 417 3766 Et
436 3711 488 3766 hoc
504 3718 545 3767 est
571 3711 649 3780 quod
663 3708 765 3765 addit:
791 3708 868 3764 Sicut
886 3713 912 3763 et
967 3718 1049 3765 vetus
1061 3715 1104 3764 est
1116 3711 1206 3775 torma
1228 3711 1330 3776 satum,
1347 3710 1375 3765 id
1394 3717 1435 3766 εει
1457 3709 1616 3766 similitudo
1645 3706 1713 3765 nori
1732 3706 1809 3774 hdo,

59 3812 113 3866 per
125 3811 210 3851 onam
231 3797 376 3867 hominem,
391 3797 522 3855 videlicet
541 3797 643 3864 Adam,
664 3801 806 3867 perreriam
819 3798 913 3850 iatra-
967 3797 1055 3854 idest
1081 3797 1187 3854 Christi
1212 3805 1274 3869 post
1288 3812 1356 3854 eum
1379 3798 1479 3855 iuturi.
1506 3798 1597 3853 Adam
1623 3797 1698 3853 sicut
1724 3795 1812 3852 homo

59 3887 113 3951 ott,
138 3885 209 3955 quia
237 3887 317 3956 prior
345 3901 468 3958 peccans
488 3887 600 3943 aditum
625 3893 740 3957 peccato
766 3885 852 3941 dedit.
879 3887 912 3939 ln
966 3901 1119 3945 commune
1147 3901 1251 3943 nomen
1267 3895 1309 3944 εει
1325 3895 1382 3943 tam
1402 3887 1456 3943 viri
1479 3900 1570 3958 equam
1595 3883 1812 3941 lemiuae.1deo

61 3974 290 4044 hancmuudaot,
308 3977 396 4033 idest
415 3975 535 4032 inhanc
555 3983 664 4046 partem
681 3973 784 4031 mundi
805 3972 914 4029 scilicet
966 3990 1032 4033 cum
1052 3977 1160 4034 dicitur
1179 3991 1274 4034 novus
1299 3977 1403 4044 Adam,
1429 3977 1485 4032 tulo
1506 3983 1549 4032 εει
1575 3989 1609 4030 ao
1630 3974 1652 4030 si
1668 3972 1813 4030 dicoretur

61 4071 219 4131 terrenam,
248 4066 276 4120 in
292 4079 352 4136 qua
376 4065 507 4122 homines
519 4064 661 4132 hahitaut;
692 4078 749 4120 non
773 4063 835 4121 veri
862 4064 911 4119 ho·
966 4080 1060 4122 novus
1076 4067 1169 4134 homo,
1185 4074 1213 4123 et
1235 4067 1323 4123 veteri
1340 4066 1446 4129 homiui
1467 4080 1517 4137 per
1538 4062 1730 4121 obedientiam
1750 4075 1812 4119 om·

61 4152 157 4208 mines
172 4153 318 4224 quiantea
334 4160 533 4224 peccaverant.
550 4157 648 4224 Etper
668 4159 809 4223 peccatam
829 4169 910 4220 mors,
967 4156 1215 4212 ninocontrarius.
1232 4156 1455 4213 Similitudinem
1480 4155 1548 4212 Adeo
1562 4161 1590 4210 ει
1618 4151 1724 4209 Christi
1751 4151 1813 4222 ipse

59 4241 170 4298 scilicet
195 4243 334 4314 corporis.
359 4246 395 4299 Et
414 4245 464 4311 ita,
491 4243 624 4300 videlicet
652 4244 689 4299 ah
717 4242 810 4299 Adam
836 4242 911 4299 inci·
928 4222 951 4277 ⁰
967 4245 1119 4315 Apostolus
1133 4245 1235 4315 aperit,
1263 4245 1416 4302 osteadens
1444 4245 1576 4302 videlicet
1600 4244 1639 4299 ita
1666 4241 1812 4329 Christum

60 4331 238 4402 piendotam
254 4346 332 4389 mors
357 4347 447 4403 quarn
463 4340 622 4403 peccatum,
639 4332 740 4389 saitem
758 4332 911 4402 originale,

56 4424 238 4491 prostransiit
251 4420 281 4478 in
296 4438 385 4479 omncs
397 4423 529 4489 homines,
546 4437 649 4484 uuum,
672 4424 802 4494 iuquam,
819 4421 910 4479 horni-

61 4523 140 4576 ncm,
157 4510 240 4568 idest
263 4512 367 4578 Adam,
382 4513 412 4566 in
432 4528 484 4583 quo
506 4527 595 4567 omues
609 4513 709 4581 reliqui
720 4515 912 4582 peccauerunt,

60 4598 90 4655 id
113 4607 157 4656 est
172 4614 287 4671 punam
311 4602 418 4671 peccati
450 4601 645 4658 incurrerunt.
668 4601 774 4657 Poterit
798 4606 826 4657 ει
857 4600 913 4656 ιοι-

64 4689 149 4744 lassis
171 4702 275 4747 versus
312 4690 448 4760 incipere,
472 4694 629 4759 propterea,
662 4696 689 4745 ει
716 4688 753 4744 ad
777 4688 913 4745 interiora

60 4779 141 4846 torpe
158 4783 253 4848 posteo
281 4779 458 4835 constructio
478 4778 574 4850 dirigi,
603 4777 673 4834 illuc
701 4777 809 4833 scilicet
822 4777 873 4843 sic,
888 4780 914 4832 et

57 4885 112 4939 per
125 4869 207 4924 auius
219 4870 360 4938 justitiam
374 4871 403 4923 iu
426 4883 516 4922 omues
543 4868 672 4934 homiues,
688 4873 742 4923 etc.
763 4870 802 4923 hc
825 4865 849 4921 si
871 4866 913 4922 di·

58 4961 174 5012 caretur
190 4965 314 5027 propter,
344 4956 416 5029 quia
432 4954 539 5012 scilicet
561 4970 611 5026 per
634 4955 783 5012 Christum
813 4968 912 5011 recon-

57 5043 420 5116 ciliationemaccepiruus,
439 5046 480 5099 sic
499 5058 550 5115 per
563 5045 653 5101 unius
671 5043 827 5114 justitiam,
843 5042 912 5099 suh·

58 5131 132 5188 audi
143 5134 378 5204 justificationem
406 5133 482 5200 vitea,
507 5133 536 5189 in
553 5146 653 5190 omues
673 5132 814 5201 homiues,
836 5133 912 5190 siout

60 5235 219 5292 perunum
235 5224 383 5281 hominem
400 5223 428 5280 iu
449 5223 530 5280 hunc
543 5223 687 5279 mundum
704 5229 853 5293 peccatum
869 5222 912 5279 in·

61 5311 159 5380 travit,
175 5320 230 5370 ειε.
246 5313 355 5371 tiaetera
381 5326 450 5371 sero
464 5327 531 5387 quae
552 5312 781 5385 interponuntur
792 5325 911 5385 suspen-

61 5399 154 5461 siram
168 5400 293 5462 litteram
306 5409 415 5462 tenent.

967 4335 1099 4392 omnium
1122 4335 1317 4405 spiritualium
1332 4351 1392 4393 esse
1415 4343 1536 4405 patrem,
1564 4333 1638 4390 sicut
1657 4341 1698 4390 est
1721 4330 1812 4388 Adam

967 4425 1139 4493 carnalium,
1164 4425 1216 4482 hoc
1242 4433 1295 4492 est,
1321 4426 1361 4481 ita
1375 4439 1497 4495 processe
1516 4423 1651 4481 omnihus
1667 4421 1704 4478 ad
1727 4434 1813 4492 gene·

967 4514 1092 4570 randum
1108 4514 1137 4570 in
1154 4516 1221 4585 lieo,
1241 4515 1315 4572 sicut
1331 4515 1377 4570 illc
1392 4523 1433 4571 est
1449 4514 1485 4570 ad
1508 4512 1708 4584 generandum
1727 4522 1813 4566 mun·

967 4603 1003 4660 do
1021 4612 1065 4660 :et
1087 4605 1166 4660 hrrnc
1189 4605 1231 4660 sic
1251 4605 1287 4660 ad
1313 4605 1404 4661 vitam
1426 4612 1453 4661 ει
1478 4602 1609 4674 requiem
1635 4614 1696 4658 osse
1717 4606 1814 4656 aucto

966 4707 1038 4760 rem,
1067 4693 1141 4750 sicut
1165 4693 1211 4749 ille
1236 4700 1278 4750 est
1306 4694 1343 4749 ad
1368 4700 1489 4749 mortem
1516 4700 1544 4748 et
1559 4704 1682 4762 padam.
1721 4689 1814 4745 Potest

966 4782 1052 4840 etiam
1068 4784 1103 4838 ad
1120 4784 1195 4839 hanc
1209 4783 1438 4849 similitudinem,
1454 4782 1520 4838 hdae
1534 4781 1668 4838 videlicet
1686 4785 1715 4836 ει
1730 4776 1814 4836 Chri·

966 4872 1014 4938 sti,
1028 4871 1099 4929 illud
1124 4872 1221 4928 reduci
1251 4873 1329 4942 quod
1356 4872 1426 4928 alihi
1449 4870 1525 4928 idem
1546 4869 1701 4941 Apostolus
1721 4865 1814 4925 intelli

966 4974 1036 5031 gens
1063 4960 1102 5016 ait
1123 4975 1129 5015 τ
1147 4961 1352 5017 Sacramentum
1382 4960 1431 5015 hoc
1452 4975 1581 5026 maguam
1598 4962 1656 5013 est:
1690 4971 1738 5026 ego
1752 4956 1813 5011 diso

964 5051 994 5102 ire
1009 5049 1116 5106 Christo
1130 5054 1157 5104 et
1170 5052 1200 5103 iu
1228 5050 1350 5104 Ecclesia
1365 5048 1476 5121 (Epiros.
1494 5062 1524 5114 v,
1550 5047 1606 5118 th),
1633 5046 1683 5103 sed
1710 5045 1814 5103 littera

965 5137 1099 5207 prasenti
1119 5137 1225 5193 suflicit
1255 5137 1413 5194 similitudo
1443 5136 1591 5207 praedicta,
1626 5148 1715 5208 quam
1754 5134 1814 5206 ipse

965 5226 1118 5296 apostotus
1140 5225 1336 5297 prosequitur,
1356 5227 1391 5282 de
1415 5226 1535 5293 carnali,
1561 5225 1668 5283 scilicet
1685 5231 1714 5282 ει
1730 5223 1814 5298 spiri·

965 5314 1037 5371 tuali
1052 5315 1244 5386 generatione.

1000 5403 1055 5461 Sed
1079 5419 1132 5461 nort
1153 5407 1224 5462 sicea
1249 5405 1381 5462 delictam
1407 5405 1485 5476 ada,
1518 5408 1560 5463 ita
1583 5410 1624 5464 est
1657 5412 1683 5464 et
1711 5406 1814 5464 mmm
