<?xml version="1.0" encoding="UTF-8"?>
<!DOCTYPE html PUBLIC "-//W3C//DTD XHTML 1.0 Transitional//EN"
    "http://www.w3.org/TR/xhtml1/DTD/xhtml1-transitional.dtd">
<html xmlns="http://www.w3.org/1999/xhtml" xml:lang="en" lang="en">
 <head>
  <title>
</title>
<meta http-equiv="Content-Type" content="text/html;charset=utf-8" />
  <meta name='ocr-system' content='tesseract 3.04.00' />
  <meta name='ocr-capabilities' content='ocr_page ocr_carea ocr_par ocr_line ocrx_word'/>
</head>
<body>
  <div class='ocr_page' id='page_1' title='image "./patrologiaecurs53unkngoog/patrologiaecurs53unkngoog_0700.png"; bbox 0 0 3804 5962; ppageno 0'>
   <div class='ocr_carea' id='block_1_1' title="bbox 758 182 1745 244">
    <p class='ocr_par' dir='ltr' id='par_1_1' title="bbox 758 182 1745 244">
     <span class='ocr_line' id='line_1_1' title="bbox 758 182 1745 244; baseline -0.001 -1"><span class='ocrx_word' id='word_1_1' title='bbox 758 185 812 244; x_wconf 81' lang='lat' dir='ltr'><strong>SIC</strong></span> <span class='ocrx_word' id='word_1_2' title='bbox 829 186 875 242; x_wconf 73' lang='lat' dir='ltr'><strong>lid</strong></span> <span class='ocrx_word' id='word_1_3' title='bbox 892 182 975 242; x_wconf 83' lang='lat' dir='ltr'><strong>NON.</strong></span> <span class='ocrx_word' id='word_1_4' title='bbox 1359 222 1365 231; x_wconf 66' lang='lat'>=</span> <span class='ocrx_word' id='word_1_5' title='bbox 1675 182 1745 242; x_wconf 78' lang='lat' dir='ltr'><strong>ttsd</strong></span> 
     </span>
    </p>
   </div>
   <div class='ocr_carea' id='block_1_2' title="bbox 77 307 1801 5273">
    <p class='ocr_par' dir='ltr' id='par_1_2' title="bbox 77 307 1801 5273">
     <span class='ocr_line' id='line_1_2' title="bbox 82 307 1743 382; baseline -0.002 -11"><span class='ocrx_word' id='word_1_6' title='bbox 82 327 153 371; x_wconf 86' lang='lat' dir='ltr'><strong>rous</strong></span> <span class='ocrx_word' id='word_1_7' title='bbox 179 314 256 370; x_wconf 79' lang='lat' dir='ltr'><strong>Patri</strong></span> <span class='ocrx_word' id='word_1_8' title='bbox 269 319 298 370; x_wconf 91' lang='lat' dir='ltr'><strong>et</strong></span> <span class='ocrx_word' id='word_1_9' title='bbox 322 313 399 381; x_wconf 79' lang='lat' dir='ltr'><strong>lilio,</strong></span> <span class='ocrx_word' id='word_1_10' title='bbox 426 312 540 369; x_wconf 91' lang='lat' dir='ltr'><strong>dicatur</strong></span> <span class='ocrx_word' id='word_1_11' title='bbox 554 320 650 368; x_wconf 89' lang='lat' dir='ltr'><strong>tamen</strong></span> <span class='ocrx_word' id='word_1_12' title='bbox 673 310 786 382; x_wconf 84' lang='lat' dir='ltr'><strong>aliquid</strong></span> <span class='ocrx_word' id='word_1_13' title='bbox 804 324 841 368; x_wconf 88' lang='lat' dir='ltr'><strong>ex</strong></span> <span class='ocrx_word' id='word_1_14' title='bbox 857 310 881 364; x_wconf 82' lang='lat' dir='ltr'><strong>tt</strong></span> <span class='ocrx_word' id='word_1_15' title='bbox 896 317 1001 368; x_wconf 88' lang='lat' dir='ltr'><strong>verunt</strong></span> <span class='ocrx_word' id='word_1_16' title='bbox 1016 323 1067 382; x_wconf 92' lang='lat' dir='ltr'><strong>per</strong></span> <span class='ocrx_word' id='word_1_17' title='bbox 1088 316 1251 367; x_wconf 90' lang='lat' dir='ltr'><strong>creaturam</strong></span> <span class='ocrx_word' id='word_1_18' title='bbox 1266 307 1428 366; x_wconf 89' lang='lat' dir='ltr'><strong>Creatorem</strong></span> <span class='ocrx_word' id='word_1_19' title='bbox 1434 322 1443 380; x_wconf 84' lang='lat'>3</span> <span class='ocrx_word' id='word_1_20' title='bbox 1470 321 1544 380; x_wconf 88' lang='lat' dir='ltr'><strong>quos</strong></span> <span class='ocrx_word' id='word_1_21' title='bbox 1562 321 1630 366; x_wconf 87' lang='lat' dir='ltr'><strong>vero</strong></span> <span class='ocrx_word' id='word_1_22' title='bbox 1643 310 1743 382; x_wconf 74' lang='lat' dir='ltr'><strong>arguit</strong></span> 
     </span>
     <span class='ocr_line' id='line_1_3' title="bbox 81 397 1742 472; baseline -0.001 -13"><span class='ocrx_word' id='word_1_23' title='bbox 81 415 131 469; x_wconf 84' lang='lat' dir='ltr'><strong>tre,</strong></span> <span class='ocrx_word' id='word_1_24' title='bbox 146 401 237 458; x_wconf 81' lang='lat' dir='ltr'><strong>veluti</strong></span> <span class='ocrx_word' id='word_1_25' title='bbox 257 400 311 457; x_wconf 92' lang='lat' dir='ltr'><strong>hoc</strong></span> <span class='ocrx_word' id='word_1_26' title='bbox 332 402 426 472; x_wconf 90' lang='lat' dir='ltr'><strong>ipsum</strong></span> <span class='ocrx_word' id='word_1_27' title='bbox 446 401 525 472; x_wconf 85' lang='lat' dir='ltr'><strong>quod</strong></span> <span class='ocrx_word' id='word_1_28' title='bbox 549 400 688 457; x_wconf 89' lang='lat' dir='ltr'><strong>donatum</strong></span> <span class='ocrx_word' id='word_1_29' title='bbox 707 400 840 457; x_wconf 75' lang='lat' dir='ltr'><strong>dicimus.</strong></span> <span class='ocrx_word' id='word_1_30' title='bbox 897 399 1060 470; x_wconf 79' lang='lat' dir='ltr'><strong>Apostolus,</strong></span> <span class='ocrx_word' id='word_1_31' title='bbox 1084 403 1294 471; x_wconf 83' lang='lat' dir='ltr'><strong>cognoverunt,</strong></span> <span class='ocrx_word' id='word_1_32' title='bbox 1318 397 1367 453; x_wconf 84' lang='lat' dir='ltr'><strong>sed</strong></span> <span class='ocrx_word' id='word_1_33' title='bbox 1390 398 1500 469; x_wconf 79' lang='lat' dir='ltr'><strong>gratias</strong></span> <span class='ocrx_word' id='word_1_34' title='bbox 1523 412 1581 454; x_wconf 93' lang='lat' dir='ltr'><strong>non</strong></span> <span class='ocrx_word' id='word_1_35' title='bbox 1607 407 1742 470; x_wconf 79' lang='lat' dir='ltr'><strong>egerunt.</strong></span> 
     </span>
     <span class='ocr_line' id='line_1_4' title="bbox 92 484 1743 561; baseline -0.001 -13"><span class='ocrx_word' id='word_1_36' title='bbox 92 491 264 561; x_wconf 68' lang='lat' dir='ltr'><strong>sempiterne</strong></span> <span class='ocrx_word' id='word_1_37' title='bbox 279 490 399 560; x_wconf 89' lang='lat' dir='ltr'><strong>spiritus</strong></span> <span class='ocrx_word' id='word_1_38' title='bbox 423 490 543 557; x_wconf 91' lang='lat' dir='ltr'><strong>donum,</strong></span> <span class='ocrx_word' id='word_1_39' title='bbox 568 488 767 561; x_wconf 79' lang='lat' dir='ltr'><strong>temporaliter</strong></span> <span class='ocrx_word' id='word_1_40' title='bbox 785 502 842 544; x_wconf 88' lang='lat' dir='ltr'><strong>au·</strong></span> <span class='ocrx_word' id='word_1_41' title='bbox 897 485 1042 556; x_wconf 82' lang='lat' dir='ltr'><strong>Sapientes</strong></span> <span class='ocrx_word' id='word_1_42' title='bbox 1061 485 1196 557; x_wconf 81' lang='lat' dir='ltr'><strong>gentium</strong></span> <span class='ocrx_word' id='word_1_43' title='bbox 1209 485 1288 556; x_wconf 84' lang='lat' dir='ltr'><strong>quod</strong></span> <span class='ocrx_word' id='word_1_44' title='bbox 1304 484 1480 541; x_wconf 82' lang='lat' dir='ltr'><strong>invenerunt</strong></span> <span class='ocrx_word' id='word_1_45' title='bbox 1502 484 1666 544; x_wconf 88' lang='lat' dir='ltr'><strong>Creatorem</strong></span> <span class='ocrx_word' id='word_1_46' title='bbox 1681 502 1743 547; x_wconf 87' lang='lat' dir='ltr'><strong>ma·</strong></span> 
     </span>
     <span class='ocr_line' id='line_1_5' title="bbox 81 573 1745 650; baseline 0.001 -15"><span class='ocrx_word' id='word_1_47' title='bbox 81 581 223 650; x_wconf 82' lang='lat' dir='ltr'><strong>tonatum3</strong></span> <span class='ocrx_word' id='word_1_48' title='bbox 238 593 306 635; x_wconf 88' lang='lat' dir='ltr'><strong>nam</strong></span> <span class='ocrx_word' id='word_1_49' title='bbox 325 587 352 636; x_wconf 91' lang='lat' dir='ltr'><strong>et</strong></span> <span class='ocrx_word' id='word_1_50' title='bbox 367 579 391 634; x_wconf 90' lang='lat' dir='ltr'><strong>si</strong></span> <span class='ocrx_word' id='word_1_51' title='bbox 411 579 554 635; x_wconf 85' lang='lat' dir='ltr'><strong>Dominus</strong></span> <span class='ocrx_word' id='word_1_52' title='bbox 577 593 634 635; x_wconf 92' lang='lat' dir='ltr'><strong>nnn</strong></span> <span class='ocrx_word' id='word_1_53' title='bbox 653 578 771 645; x_wconf 88' lang='lat' dir='ltr'><strong>dicitur,</strong></span> <span class='ocrx_word' id='word_1_54' title='bbox 788 577 842 634; x_wconf 92' lang='lat' dir='ltr'><strong>nisi</strong></span> <span class='ocrx_word' id='word_1_55' title='bbox 897 573 996 632; x_wconf 86' lang='lat' dir='ltr'><strong>niieste</strong></span> <span class='ocrx_word' id='word_1_56' title='bbox 1011 575 1087 630; x_wconf 92' lang='lat' dir='ltr'><strong>idem</strong></span> <span class='ocrx_word' id='word_1_57' title='bbox 1111 573 1168 644; x_wconf 79' lang='lat' dir='ltr'><strong>(di)</strong></span> <span class='ocrx_word' id='word_1_58' title='bbox 1195 573 1350 644; x_wconf 87' lang='lat' dir='ltr'><strong>apostolus,</strong></span> <span class='ocrx_word' id='word_1_59' title='bbox 1370 588 1437 630; x_wconf 85' lang='lat' dir='ltr'><strong>curn</strong></span> <span class='ocrx_word' id='word_1_60' title='bbox 1456 573 1681 634; x_wconf 77' lang='lat' dir='ltr'><strong>Atheniensibus</strong></span> <span class='ocrx_word' id='word_1_61' title='bbox 1702 578 1745 637; x_wconf 91' lang='lat' dir='ltr'><strong>lo·</strong></span> 
     </span>
     <span class='ocr_line' id='line_1_6' title="bbox 81 662 1746 737; baseline 0.001 -13"><span class='ocrx_word' id='word_1_62' title='bbox 81 668 184 724; x_wconf 90' lang='lat' dir='ltr'><strong>habere</strong></span> <span class='ocrx_word' id='word_1_63' title='bbox 207 667 308 737; x_wconf 83' lang='lat' dir='ltr'><strong>incipit</strong></span> <span class='ocrx_word' id='word_1_64' title='bbox 322 681 450 733; x_wconf 86' lang='lat' dir='ltr'><strong>servum,</strong></span> <span class='ocrx_word' id='word_1_65' title='bbox 474 673 503 721; x_wconf 93' lang='lat' dir='ltr'><strong>et</strong></span> <span class='ocrx_word' id='word_1_66' title='bbox 517 665 572 722; x_wconf 91' lang='lat' dir='ltr'><strong>ista</strong></span> <span class='ocrx_word' id='word_1_67' title='bbox 596 664 748 736; x_wconf 90' lang='lat' dir='ltr'><strong>appellatio</strong></span> <span class='ocrx_word' id='word_1_68' title='bbox 770 664 841 720; x_wconf 90' lang='lat' dir='ltr'><strong>reia·</strong></span> <span class='ocrx_word' id='word_1_69' title='bbox 897 672 1046 735; x_wconf 86' lang='lat' dir='ltr'><strong>queretur,</strong></span> <span class='ocrx_word' id='word_1_70' title='bbox 1068 663 1201 720; x_wconf 87' lang='lat' dir='ltr'><strong>ostendit.</strong></span> <span class='ocrx_word' id='word_1_71' title='bbox 1224 662 1297 718; x_wconf 90' lang='lat' dir='ltr'><strong>Cum</strong></span> <span class='ocrx_word' id='word_1_72' title='bbox 1312 662 1390 720; x_wconf 90' lang='lat' dir='ltr'><strong>enim</strong></span> <span class='ocrx_word' id='word_1_73' title='bbox 1407 663 1529 720; x_wconf 88' lang='lat' dir='ltr'><strong>dixisset</strong></span> <span class='ocrx_word' id='word_1_74' title='bbox 1550 665 1621 736; x_wconf 82' lang='lat' dir='ltr'><strong>quis</strong></span> <span class='ocrx_word' id='word_1_75' title='bbox 1643 668 1673 722; x_wconf 91' lang='lat' dir='ltr'><strong>in</strong></span> <span class='ocrx_word' id='word_1_76' title='bbox 1697 670 1746 726; x_wconf 89' lang='lat' dir='ltr'><strong>iilo</strong></span> 
     </span>
     <span class='ocr_line' id='line_1_7' title="bbox 81 752 1745 826; baseline -0.002 -13"><span class='ocrx_word' id='word_1_77' title='bbox 81 771 116 814; x_wconf 87' lang='lat' dir='ltr'><strong>cx</strong></span> <span class='ocrx_word' id='word_1_78' title='bbox 140 763 264 826; x_wconf 90' lang='lat' dir='ltr'><strong>tempore</strong></span> <span class='ocrx_word' id='word_1_79' title='bbox 288 764 330 812; x_wconf 91' lang='lat' dir='ltr'><strong>est</strong></span> <span class='ocrx_word' id='word_1_80' title='bbox 363 756 443 811; x_wconf 90' lang='lat' dir='ltr'><strong>Deo:</strong></span> <span class='ocrx_word' id='word_1_81' title='bbox 477 755 638 811; x_wconf 89' lang='lat' dir='ltr'><strong>nonenim</strong></span> <span class='ocrx_word' id='word_1_82' title='bbox 668 754 844 824; x_wconf 89' lang='lat' dir='ltr'><strong>sempiterna</strong></span> <span class='ocrx_word' id='word_1_83' title='bbox 897 754 1011 808; x_wconf 73' lang='lat' dir='ltr'><strong>unimus</strong></span> <span class='ocrx_word' id='word_1_84' title='bbox 1035 758 1060 807; x_wconf 89' lang='lat' dir='ltr'><strong>et</strong></span> <span class='ocrx_word' id='word_1_85' title='bbox 1084 767 1221 807; x_wconf 85' lang='lat' dir='ltr'><strong>mavemur</strong></span> <span class='ocrx_word' id='word_1_86' title='bbox 1244 756 1269 806; x_wconf 88' lang='lat' dir='ltr'><strong>et</strong></span> <span class='ocrx_word' id='word_1_87' title='bbox 1294 766 1397 820; x_wconf 85' lang='lat' dir='ltr'><strong>sumus,</strong></span> <span class='ocrx_word' id='word_1_88' title='bbox 1423 752 1559 809; x_wconf 87' lang='lat' dir='ltr'><strong>addidit:</strong></span> <span class='ocrx_word' id='word_1_89' title='bbox 1584 756 1654 810; x_wconf 69' lang='lat' dir='ltr'><strong>aaut</strong></span> <span class='ocrx_word' id='word_1_90' title='bbox 1681 761 1745 824; x_wconf 81' lang='lat' dir='ltr'><strong>qut·</strong></span> 
     </span>
     <span class='ocr_line' id='line_1_8' title="bbox 81 841 1745 914; baseline 0.001 -12"><span class='ocrx_word' id='word_1_91' title='bbox 81 859 130 903; x_wconf 89' lang='lat' dir='ltr'><strong>ura</strong></span> <span class='ocrx_word' id='word_1_92' title='bbox 154 852 206 914; x_wconf 93' lang='lat' dir='ltr'><strong>est,</strong></span> <span class='ocrx_word' id='word_1_93' title='bbox 231 844 316 914; x_wconf 79' lang='lat' dir='ltr'><strong>culus</strong></span> <span class='ocrx_word' id='word_1_94' title='bbox 343 850 385 901; x_wconf 82' lang='lat' dir='ltr'><strong>est</strong></span> <span class='ocrx_word' id='word_1_95' title='bbox 410 842 456 900; x_wconf 91' lang='lat' dir='ltr'><strong>ille</strong></span> <span class='ocrx_word' id='word_1_96' title='bbox 480 844 628 899; x_wconf 86' lang='lat' dir='ltr'><strong>Dominus.</strong></span> <span class='ocrx_word' id='word_1_97' title='bbox 661 844 751 898; x_wconf 89' lang='lat' dir='ltr'><strong>Item:</strong></span> <span class='ocrx_word' id='word_1_98' title='bbox 773 843 844 900; x_wconf 83' lang='lat' dir='ltr'><strong>Ecce</strong></span> <span class='ocrx_word' id='word_1_99' title='bbox 897 842 961 896; x_wconf 89' lang='lat' dir='ltr'><strong>dam</strong></span> <span class='ocrx_word' id='word_1_100' title='bbox 979 841 1127 898; x_wconf 86' lang='lat' dir='ltr'><strong>secandum</strong></span> <span class='ocrx_word' id='word_1_101' title='bbox 1149 857 1195 896; x_wconf 87' lang='lat' dir='ltr'><strong>uos</strong></span> <span class='ocrx_word' id='word_1_102' title='bbox 1218 841 1303 896; x_wconf 82' lang='lat' dir='ltr'><strong>dicit.</strong></span> <span class='ocrx_word' id='word_1_103' title='bbox 1331 842 1516 909; x_wconf 67' lang='lat' dir='ltr'><strong>Hieronymus</strong></span> <span class='ocrx_word' id='word_1_104' title='bbox 1537 842 1576 897; x_wconf 88' lang='lat' dir='ltr'><strong>nd</strong></span> <span class='ocrx_word' id='word_1_105' title='bbox 1597 845 1745 904; x_wconf 84' lang='lat' dir='ltr'><strong>Paulinum</strong></span> 
     </span>
     <span class='ocr_line' id='line_1_9' title="bbox 80 929 1746 1004; baseline 0.001 -13"><span class='ocrx_word' id='word_1_106' title='bbox 80 948 150 991; x_wconf 86' lang='lat' dir='ltr'><strong>utrm</strong></span> <span class='ocrx_word' id='word_1_107' title='bbox 166 947 298 990; x_wconf 93' lang='lat' dir='ltr'><strong>essenon</strong></span> <span class='ocrx_word' id='word_1_108' title='bbox 314 931 519 1002; x_wconf 90' lang='lat' dir='ltr'><strong>sempiternum</strong></span> <span class='ocrx_word' id='word_1_109' title='bbox 542 932 638 993; x_wconf 90' lang='lat' dir='ltr'><strong>habet,</strong></span> <span class='ocrx_word' id='word_1_110' title='bbox 654 947 690 989; x_wconf 90' lang='lat' dir='ltr'><strong>ne</strong></span> <span class='ocrx_word' id='word_1_111' title='bbox 704 943 844 1004; x_wconf 80' lang='lat' dir='ltr'><strong>cogatrrur</strong></span> <span class='ocrx_word' id='word_1_112' title='bbox 895 931 1086 1001; x_wconf 75' lang='lat' dir='ltr'><strong>presbyterum</strong></span> <span class='ocrx_word' id='word_1_113' title='bbox 1102 930 1135 986; x_wconf 88' lang='lat' dir='ltr'><strong>dc</strong></span> <span class='ocrx_word' id='word_1_114' title='bbox 1153 930 1278 985; x_wconf 88' lang='lat' dir='ltr'><strong>omnibus</strong></span> <span class='ocrx_word' id='word_1_115' title='bbox 1301 929 1403 985; x_wconf 84' lang='lat' dir='ltr'><strong>diuina</strong></span> <span class='ocrx_word' id='word_1_116' title='bbox 1417 929 1646 990; x_wconf 58' lang='lat' dir='ltr'><strong>historialibus:</strong></span> <span class='ocrx_word' id='word_1_117' title='bbox 1661 936 1746 993; x_wconf 88' lang='lat' dir='ltr'><strong>loan-</strong></span> 
     </span>
     <span class='ocr_line' id='line_1_10' title="bbox 81 1018 1745 1094; baseline 0.003 -17"><span class='ocrx_word' id='word_1_118' title='bbox 81 1071 83 1077; x_wconf 78' lang='lat'>.</span> <span class='ocrx_word' id='word_1_119' title='bbox 110 1029 274 1079; x_wconf 90' lang='lat' dir='ltr'><strong>ereaturam</strong></span> <span class='ocrx_word' id='word_1_120' title='bbox 297 1020 502 1090; x_wconf 88' lang='lat' dir='ltr'><strong>sempiternam</strong></span> <span class='ocrx_word' id='word_1_121' title='bbox 532 1020 635 1088; x_wconf 80' lang='lat' dir='ltr'><strong>dicere,</strong></span> <span class='ocrx_word' id='word_1_122' title='bbox 662 1021 732 1093; x_wconf 84' lang='lat' dir='ltr'><strong>quia</strong></span> <span class='ocrx_word' id='word_1_123' title='bbox 757 1021 843 1077; x_wconf 91' lang='lat' dir='ltr'><strong>etiam</strong></span> <span class='ocrx_word' id='word_1_124' title='bbox 898 1033 949 1075; x_wconf 93' lang='lat' dir='ltr'><strong>nes</strong></span> <span class='ocrx_word' id='word_1_125' title='bbox 970 1019 1104 1086; x_wconf 90' lang='lat' dir='ltr'><strong>rusticus,</strong></span> <span class='ocrx_word' id='word_1_126' title='bbox 1132 1019 1256 1089; x_wconf 90' lang='lat' dir='ltr'><strong>piscator</strong></span> <span class='ocrx_word' id='word_1_127' title='bbox 1278 1018 1425 1086; x_wconf 88' lang='lat' dir='ltr'><strong>indoctus;</strong></span> <span class='ocrx_word' id='word_1_128' title='bbox 1447 1026 1476 1077; x_wconf 92' lang='lat' dir='ltr'><strong>et</strong></span> <span class='ocrx_word' id='word_1_129' title='bbox 1500 1021 1578 1078; x_wconf 89' lang='lat' dir='ltr'><strong>unde</strong></span> <span class='ocrx_word' id='word_1_130' title='bbox 1601 1021 1651 1079; x_wconf 88' lang='lat' dir='ltr'><strong>illa</strong></span> <span class='ocrx_word' id='word_1_131' title='bbox 1676 1037 1745 1094; x_wconf 88' lang='lat' dir='ltr'><strong>vox,</strong></span> 
     </span>
     <span class='ocr_line' id='line_1_11' title="bbox 81 1107 1747 1181; baseline 0.003 -14"><span class='ocrx_word' id='word_1_132' title='bbox 81 1109 244 1181; x_wconf 79' lang='lat' dir='ltr'><strong>smpiterne</strong></span> <span class='ocrx_word' id='word_1_133' title='bbox 270 1123 327 1165; x_wconf 92' lang='lat' dir='ltr'><strong>non</strong></span> <span class='ocrx_word' id='word_1_134' title='bbox 358 1107 567 1172; x_wconf 83' lang='lat' dir='ltr'><strong>dominaretur,</strong></span> <span class='ocrx_word' id='word_1_135' title='bbox 596 1109 652 1165; x_wconf 88' lang='lat' dir='ltr'><strong>nisi</strong></span> <span class='ocrx_word' id='word_1_136' title='bbox 679 1109 766 1166; x_wconf 88' lang='lat' dir='ltr'><strong>etiam</strong></span> <span class='ocrx_word' id='word_1_137' title='bbox 790 1107 844 1166; x_wconf 89' lang='lat' dir='ltr'><strong>ista</strong></span> <span class='ocrx_word' id='word_1_138' title='bbox 897 1109 1036 1164; x_wconf 91' lang='lat' dir='ltr'><strong>obsecro:</strong></span> <span class='ocrx_word' id='word_1_139' title='bbox 1069 1109 1101 1162; x_wconf 89' lang='lat' dir='ltr'><strong>ln</strong></span> <span class='ocrx_word' id='word_1_140' title='bbox 1127 1109 1263 1177; x_wconf 80' lang='lat' dir='ltr'><strong>principio</strong></span> <span class='ocrx_word' id='word_1_141' title='bbox 1297 1107 1426 1174; x_wconf 86' lang='lat' dir='ltr'><strong>Verbum,</strong></span> <span class='ocrx_word' id='word_1_142' title='bbox 1457 1107 1532 1164; x_wconf 85' lang='lat' dir='ltr'><strong>etat</strong></span> <span class='ocrx_word' id='word_1_143' title='bbox 1556 1109 1616 1167; x_wconf 86' lang='lat' dir='ltr'><strong>ilco</strong></span> <span class='ocrx_word' id='word_1_144' title='bbox 1646 1112 1747 1173; x_wconf 88' lang='lat' dir='ltr'><strong>doctus</strong></span> 
     </span>
     <span class='ocr_line' id='line_1_12' title="bbox 81 1188 1748 1274; baseline 0.002 -19"><span class='ocrx_word' id='word_1_145' title='bbox 81 1199 169 1255; x_wconf 89' lang='lat' dir='ltr'><strong>iterue</strong></span> <span class='ocrx_word' id='word_1_146' title='bbox 185 1197 383 1254; x_wconf 83' lang='lat' dir='ltr'><strong>tumularetur.</strong></span> <span class='ocrx_word' id='word_1_147' title='bbox 898 1197 976 1252; x_wconf 86' lang='lat' dir='ltr'><strong>Plato</strong></span> <span class='ocrx_word' id='word_1_148' title='bbox 998 1194 1135 1262; x_wconf 86' lang='lat' dir='ltr'><strong>nescivit;</strong></span> <span class='ocrx_word' id='word_1_149' title='bbox 1162 1188 1216 1252; x_wconf 83' lang='lat' dir='ltr'><strong>h&#39;oc</strong></span> <span class='ocrx_word' id='word_1_150' title='bbox 1239 1195 1443 1253; x_wconf 85' lang='lat' dir='ltr'><strong>Demosthenes</strong></span> <span class='ocrx_word' id='word_1_151' title='bbox 1470 1197 1609 1269; x_wconf 85' lang='lat' dir='ltr'><strong>eloquens</strong></span> <span class='ocrx_word' id='word_1_152' title='bbox 1633 1200 1748 1274; x_wconf 72' lang='lat' dir='ltr'><strong>ignora·</strong></span> 
     </span>
     <span class='ocr_line' id='line_1_13' title="bbox 376 1283 1743 1359; baseline 0.001 -17"><span class='ocrx_word' id='word_1_153' title='bbox 376 1301 467 1359; x_wconf 71' lang='lat' dir='ltr'><strong>xxv,</strong></span> <span class='ocrx_word' id='word_1_154' title='bbox 898 1284 949 1340; x_wconf 87' lang='lat' dir='ltr'><strong>vit.</strong></span> <span class='ocrx_word' id='word_1_155' title='bbox 982 1284 1109 1351; x_wconf 85' lang='lat' dir='ltr'><strong>Perdam,</strong></span> <span class='ocrx_word' id='word_1_156' title='bbox 1144 1283 1249 1354; x_wconf 83' lang='lat' dir='ltr'><strong>inquit,</strong></span> <span class='ocrx_word' id='word_1_157' title='bbox 1279 1286 1444 1353; x_wconf 85' lang='lat' dir='ltr'><strong>sapientiam</strong></span> <span class='ocrx_word' id='word_1_158' title='bbox 1475 1288 1651 1357; x_wconf 87' lang='lat' dir='ltr'><strong>sapientium,</strong></span> <span class='ocrx_word' id='word_1_159' title='bbox 1688 1298 1743 1350; x_wconf 86' lang='lat' dir='ltr'><strong>ete.</strong></span> 
     </span>
     <span class='ocr_line' id='line_1_14' title="bbox 92 1371 1748 1464; baseline 0.004 -33"><span class='ocrx_word' id='word_1_160' title='bbox 92 1391 251 1464; x_wconf 79' lang='lat' dir='ltr'><strong>philosophi</strong></span> <span class='ocrx_word' id='word_1_161' title='bbox 272 1405 379 1460; x_wconf 82' lang='lat' dir='ltr'><strong>quaque</strong></span> <span class='ocrx_word' id='word_1_162' title='bbox 401 1390 566 1445; x_wconf 55' lang='lat' dir='ltr'><strong>Trinitatem</strong></span> <span class='ocrx_word' id='word_1_163' title='bbox 586 1405 634 1445; x_wconf 62' lang='lat'><strong>332,</strong></span> <span class='ocrx_word' id='word_1_164' title='bbox 662 1391 778 1447; x_wconf 59' lang='lat' dir='ltr'><strong>pm„</strong></span> <span class='ocrx_word' id='word_1_165' title='bbox 796 1388 845 1445; x_wconf 56' lang='lat' dir='ltr'><strong>pm·</strong></span> <span class='ocrx_word' id='word_1_166' title='bbox 898 1375 985 1429; x_wconf 89' lang='lat' dir='ltr'><strong>item:</strong></span> <span class='ocrx_word' id='word_1_167' title='bbox 1010 1372 1101 1429; x_wconf 83' lang='lat' dir='ltr'><strong>Taceo</strong></span> <span class='ocrx_word' id='word_1_168' title='bbox 1116 1372 1150 1428; x_wconf 90' lang='lat' dir='ltr'><strong>de</strong></span> <span class='ocrx_word' id='word_1_169' title='bbox 1164 1372 1220 1429; x_wconf 92' lang='lat' dir='ltr'><strong>mei</strong></span> <span class='ocrx_word' id='word_1_170' title='bbox 1239 1371 1393 1440; x_wconf 85' lang='lat' dir='ltr'><strong>similibus,</strong></span> <span class='ocrx_word' id='word_1_171' title='bbox 1408 1373 1460 1444; x_wconf 87' lang='lat' dir='ltr'><strong>qui</strong></span> <span class='ocrx_word' id='word_1_172' title='bbox 1483 1375 1507 1430; x_wconf 87' lang='lat' dir='ltr'><strong>si</strong></span> <span class='ocrx_word' id='word_1_173' title='bbox 1525 1376 1597 1435; x_wconf 90' lang='lat' dir='ltr'><strong>torte</strong></span> <span class='ocrx_word' id='word_1_174' title='bbox 1611 1378 1648 1434; x_wconf 89' lang='lat' dir='ltr'><strong>ad</strong></span> <span class='ocrx_word' id='word_1_175' title='bbox 1671 1379 1748 1439; x_wconf 89' lang='lat' dir='ltr'><strong>Scri·</strong></span> 
     </span>
     <span class='ocr_line' id='line_1_15' title="bbox 270 1460 1748 1537; baseline 0.007 -21"><span class='ocrx_word' id='word_1_176' title='bbox 270 1462 447 1528; x_wconf 81' lang='lat' dir='ltr'><strong>crediderint,</strong></span> <span class='ocrx_word' id='word_1_177' title='bbox 462 1466 488 1515; x_wconf 90' lang='lat' dir='ltr'><strong>et</strong></span> <span class='ocrx_word' id='word_1_178' title='bbox 506 1477 570 1516; x_wconf 88' lang='lat' dir='ltr'><strong>non.</strong></span> <span class='ocrx_word' id='word_1_179' title='bbox 722 1467 727 1477; x_wconf 86' lang='lat'><strong>·</strong></span> <span class='ocrx_word' id='word_1_180' title='bbox 900 1468 1000 1531; x_wconf 90' lang='lat' dir='ltr'><strong>pturas</strong></span> <span class='ocrx_word' id='word_1_181' title='bbox 1027 1473 1125 1516; x_wconf 87' lang='lat' dir='ltr'><strong>sacras</strong></span> <span class='ocrx_word' id='word_1_182' title='bbox 1156 1467 1218 1530; x_wconf 90' lang='lat' dir='ltr'><strong>post</strong></span> <span class='ocrx_word' id='word_1_183' title='bbox 1245 1460 1398 1517; x_wconf 78' lang='lat' dir='ltr'><strong>saculares</strong></span> <span class='ocrx_word' id='word_1_184' title='bbox 1423 1461 1532 1520; x_wconf 80' lang='lat' dir='ltr'><strong>litteras</strong></span> <span class='ocrx_word' id='word_1_185' title='bbox 1552 1467 1696 1537; x_wconf 81' lang='lat' dir='ltr'><strong>venerint,</strong></span> <span class='ocrx_word' id='word_1_186' title='bbox 1719 1478 1748 1529; x_wconf 87' lang='lat' dir='ltr'><strong>et</strong></span> 
     </span>
     <span class='ocr_line' id='line_1_16' title="bbox 80 1548 1747 1647; baseline 0.006 -41"><span class='ocrx_word' id='word_1_187' title='bbox 80 1553 134 1608; x_wconf 81' lang='lat' dir='ltr'><strong>ilus</strong></span> <span class='ocrx_word' id='word_1_188' title='bbox 157 1550 297 1621; x_wconf 87' lang='lat' dir='ltr'><strong>apostolus</strong></span> <span class='ocrx_word' id='word_1_189' title='bbox 326 1550 365 1605; x_wconf 90' lang='lat' dir='ltr'><strong>ad</strong></span> <span class='ocrx_word' id='word_1_190' title='bbox 393 1550 549 1605; x_wconf 86' lang='lat' dir='ltr'><strong>Romanos:</strong></span> <span class='ocrx_word' id='word_1_191' title='bbox 575 1548 651 1616; x_wconf 83' lang='lat' dir='ltr'><strong>Quod</strong></span> <span class='ocrx_word' id='word_1_192' title='bbox 683 1554 777 1606; x_wconf 89' lang='lat' dir='ltr'><strong>notum</strong></span> <span class='ocrx_word' id='word_1_193' title='bbox 803 1554 844 1605; x_wconf 90' lang='lat' dir='ltr'><strong>est</strong></span> <span class='ocrx_word' id='word_1_194' title='bbox 861 1591 882 1647; x_wconf 74' lang='grc' dir='ltr'><strong>Β</strong></span> <span class='ocrx_word' id='word_1_195' title='bbox 899 1563 1031 1606; x_wconf 90' lang='lat' dir='ltr'><strong>sermone</strong></span> <span class='ocrx_word' id='word_1_196' title='bbox 1050 1548 1208 1619; x_wconf 88' lang='lat' dir='ltr'><strong>composito</strong></span> <span class='ocrx_word' id='word_1_197' title='bbox 1232 1563 1332 1606; x_wconf 87' lang='lat' dir='ltr'><strong>aurem</strong></span> <span class='ocrx_word' id='word_1_198' title='bbox 1365 1550 1462 1621; x_wconf 91' lang='lat' dir='ltr'><strong>populi</strong></span> <span class='ocrx_word' id='word_1_199' title='bbox 1488 1552 1641 1613; x_wconf 90' lang='lat' dir='ltr'><strong>mulserint</strong></span> <span class='ocrx_word' id='word_1_200' title='bbox 1661 1557 1747 1629; x_wconf 86' lang='lat' dir='ltr'><strong>qnid-</strong></span> 
     </span>
     <span class='ocr_line' id='line_1_17' title="bbox 80 1637 1748 1711; baseline 0.005 -15"><span class='ocrx_word' id='word_1_201' title='bbox 80 1643 255 1708; x_wconf 72' lang='lat' dir='ltr'><strong>munitestum</strong></span> <span class='ocrx_word' id='word_1_202' title='bbox 281 1645 319 1695; x_wconf 87' lang='lat' dir='ltr'><strong>cst</strong></span> <span class='ocrx_word' id='word_1_203' title='bbox 344 1641 375 1693; x_wconf 87' lang='lat' dir='ltr'><strong>in</strong></span> <span class='ocrx_word' id='word_1_204' title='bbox 394 1639 467 1700; x_wconf 86' lang='lat' dir='ltr'><strong>iltis;</strong></span> <span class='ocrx_word' id='word_1_205' title='bbox 492 1642 561 1693; x_wconf 89' lang='lat' dir='ltr'><strong>Deus</strong></span> <span class='ocrx_word' id='word_1_206' title='bbox 577 1641 648 1693; x_wconf 89' lang='lat' dir='ltr'><strong>enim</strong></span> <span class='ocrx_word' id='word_1_207' title='bbox 670 1638 721 1694; x_wconf 86' lang='lat' dir='ltr'><strong>itta</strong></span> <span class='ocrx_word' id='word_1_208' title='bbox 742 1641 844 1695; x_wconf 72' lang='lat' dir='ltr'><strong>reneio</strong></span> <span class='ocrx_word' id='word_1_209' title='bbox 901 1637 973 1709; x_wconf 85' lang='lat' dir='ltr'><strong>quid</strong></span> <span class='ocrx_word' id='word_1_210' title='bbox 993 1637 1122 1695; x_wconf 82' lang='lat' dir='ltr'><strong>dixerint</strong></span> <span class='ocrx_word' id='word_1_211' title='bbox 1143 1637 1197 1695; x_wconf 93' lang='lat' dir='ltr'><strong>hoc</strong></span> <span class='ocrx_word' id='word_1_212' title='bbox 1218 1637 1310 1710; x_wconf 81' lang='lat' dir='ltr'><strong>legem</strong></span> <span class='ocrx_word' id='word_1_213' title='bbox 1334 1638 1384 1695; x_wconf 92' lang='lat' dir='ltr'><strong>Dei</strong></span> <span class='ocrx_word' id='word_1_214' title='bbox 1399 1647 1514 1711; x_wconf 91' lang='lat' dir='ltr'><strong>putant,</strong></span> <span class='ocrx_word' id='word_1_215' title='bbox 1536 1656 1590 1699; x_wconf 90' lang='lat' dir='ltr'><strong>nec</strong></span> <span class='ocrx_word' id='word_1_216' title='bbox 1609 1644 1683 1703; x_wconf 88' lang='lat' dir='ltr'><strong>seire</strong></span> <span class='ocrx_word' id='word_1_217' title='bbox 1702 1645 1748 1704; x_wconf 90' lang='lat' dir='ltr'><strong>di·</strong></span> 
     </span>
     <span class='ocr_line' id='line_1_18' title="bbox 80 1726 1747 1801; baseline 0.005 -17"><span class='ocrx_word' id='word_1_218' title='bbox 80 1728 224 1784; x_wconf 79' lang='lat' dir='ltr'><strong>lssisibilia</strong></span> <span class='ocrx_word' id='word_1_219' title='bbox 243 1730 315 1783; x_wconf 87' lang='lat' dir='ltr'><strong>enim</strong></span> <span class='ocrx_word' id='word_1_220' title='bbox 340 1729 441 1798; x_wconf 86' lang='lat' dir='ltr'><strong>ipsius,</strong></span> <span class='ocrx_word' id='word_1_221' title='bbox 463 1734 517 1782; x_wconf 71' lang='lat' dir='ltr'><strong>etc·</strong></span> <span class='ocrx_word' id='word_1_222' title='bbox 540 1726 714 1796; x_wconf 78' lang='lat' dir='ltr'><strong>duaustinus</strong></span> <span class='ocrx_word' id='word_1_223' title='bbox 735 1729 764 1782; x_wconf 85' lang='lat' dir='ltr'><strong>io</strong></span> <span class='ocrx_word' id='word_1_224' title='bbox 782 1728 844 1783; x_wconf 87' lang='lat' dir='ltr'><strong>libr.</strong></span> <span class='ocrx_word' id='word_1_225' title='bbox 900 1733 1028 1799; x_wconf 84' lang='lat' dir='ltr'><strong>guantur</strong></span> <span class='ocrx_word' id='word_1_226' title='bbox 1050 1726 1121 1797; x_wconf 85' lang='lat' dir='ltr'><strong>quid</strong></span> <span class='ocrx_word' id='word_1_227' title='bbox 1144 1726 1263 1797; x_wconf 90' lang='lat' dir='ltr'><strong>apostoli</strong></span> <span class='ocrx_word' id='word_1_228' title='bbox 1286 1735 1313 1783; x_wconf 90' lang='lat' dir='ltr'><strong>et</strong></span> <span class='ocrx_word' id='word_1_229' title='bbox 1339 1728 1487 1799; x_wconf 77' lang='lat' dir='ltr'><strong>prophetae</strong></span> <span class='ocrx_word' id='word_1_230' title='bbox 1517 1733 1672 1801; x_wconf 89' lang='lat' dir='ltr'><strong>senserint;</strong></span> <span class='ocrx_word' id='word_1_231' title='bbox 1697 1735 1747 1793; x_wconf 89' lang='lat' dir='ltr'><strong>sed</strong></span> 
     </span>
     <span class='ocr_line' id='line_1_19' title="bbox 84 1815 1748 1897; baseline 0.007 -23"><span class='ocrx_word' id='word_1_232' title='bbox 84 1821 123 1874; x_wconf 88' lang='lat' dir='ltr'><strong>De</strong></span> <span class='ocrx_word' id='word_1_233' title='bbox 145 1820 253 1874; x_wconf 87' lang='lat' dir='ltr'><strong>ciuitate</strong></span> <span class='ocrx_word' id='word_1_234' title='bbox 282 1818 333 1872; x_wconf 82' lang='lat' dir='ltr'><strong>Dei</strong></span> <span class='ocrx_word' id='word_1_235' title='bbox 351 1835 361 1871; x_wconf 94' lang='lat'><em>:</em></span> <span class='ocrx_word' id='word_1_236' title='bbox 397 1817 486 1872; x_wconf 88' lang='lat' dir='ltr'><strong>Homo</strong></span> <span class='ocrx_word' id='word_1_237' title='bbox 519 1815 712 1884; x_wconf 90' lang='lat' dir='ltr'><strong>Christianus,</strong></span> <span class='ocrx_word' id='word_1_238' title='bbox 744 1817 847 1874; x_wconf 92' lang='lat' dir='ltr'><strong>litteris</strong></span> <span class='ocrx_word' id='word_1_239' title='bbox 901 1817 937 1873; x_wconf 89' lang='lat' dir='ltr'><strong>ad</strong></span> <span class='ocrx_word' id='word_1_240' title='bbox 950 1831 1068 1891; x_wconf 82' lang='lat' dir='ltr'><strong>sensum</strong></span> <span class='ocrx_word' id='word_1_241' title='bbox 1083 1831 1170 1873; x_wconf 91' lang='lat' dir='ltr'><strong>suum</strong></span> <span class='ocrx_word' id='word_1_242' title='bbox 1186 1818 1347 1890; x_wconf 80' lang='lat' dir='ltr'><strong>incongrua</strong></span> <span class='ocrx_word' id='word_1_243' title='bbox 1359 1827 1460 1889; x_wconf 90' lang='lat' dir='ltr'><strong>aptant</strong></span> <span class='ocrx_word' id='word_1_244' title='bbox 1474 1821 1646 1892; x_wconf 87' lang='lat' dir='ltr'><strong>testimonia,</strong></span> <span class='ocrx_word' id='word_1_245' title='bbox 1658 1823 1748 1897; x_wconf 72' lang='lat' dir='ltr'><strong>&#39;qumi</strong></span> 
     </span>
     <span class='ocr_line' id='line_1_20' title="bbox 80 1904 1746 1977; baseline 0.006 -14"><span class='ocrx_word' id='word_1_246' title='bbox 80 1920 113 1963; x_wconf 45' lang='lat' dir='ltr'><strong>,m</strong></span> <span class='ocrx_word' id='word_1_247' title='bbox 136 1907 335 1964; x_wconf 87' lang='lat' dir='ltr'><strong>ecciesiasticis</strong></span> <span class='ocrx_word' id='word_1_248' title='bbox 356 1904 499 1973; x_wconf 88' lang='lat' dir='ltr'><strong>eruditus,</strong></span> <span class='ocrx_word' id='word_1_249' title='bbox 523 1913 623 1961; x_wconf 85' lang='lat' dir='ltr'><strong>caveat</strong></span> <span class='ocrx_word' id='word_1_250' title='bbox 652 1919 700 1962; x_wconf 88' lang='lat' dir='ltr'><strong>eos</strong></span> <span class='ocrx_word' id='word_1_251' title='bbox 725 1906 777 1977; x_wconf 85' lang='lat' dir='ltr'><strong>qui</strong></span> <span class='ocrx_word' id='word_1_252' title='bbox 802 1919 846 1963; x_wconf 89' lang='lat' dir='ltr'><strong>se·</strong></span> <span class='ocrx_word' id='word_1_253' title='bbox 900 1906 1009 1977; x_wconf 80' lang='lat' dir='ltr'><strong>grande</strong></span> <span class='ocrx_word' id='word_1_254' title='bbox 1040 1907 1080 1962; x_wconf 85' lang='lat' dir='ltr'><strong>sit</strong></span> <span class='ocrx_word' id='word_1_255' title='bbox 1105 1913 1132 1962; x_wconf 91' lang='lat' dir='ltr'><strong>et</strong></span> <span class='ocrx_word' id='word_1_256' title='bbox 1155 1920 1214 1962; x_wconf 90' lang='lat' dir='ltr'><strong>non</strong></span> <span class='ocrx_word' id='word_1_257' title='bbox 1229 1905 1367 1964; x_wconf 85' lang='lat' dir='ltr'><strong>vitiosum</strong></span> <span class='ocrx_word' id='word_1_258' title='bbox 1391 1909 1428 1964; x_wconf 93' lang='lat' dir='ltr'><strong>ad</strong></span> <span class='ocrx_word' id='word_1_259' title='bbox 1456 1909 1637 1970; x_wconf 79' lang='lat' dir='ltr'><strong>voluntatem</strong></span> <span class='ocrx_word' id='word_1_260' title='bbox 1662 1927 1746 1973; x_wconf 88' lang='lat' dir='ltr'><strong>suam</strong></span> 
     </span>
     <span class='ocr_line' id='line_1_21' title="bbox 80 1993 1749 2076; baseline 0.005 -24"><span class='ocrx_word' id='word_1_261' title='bbox 80 2010 130 2052; x_wconf 92' lang='lat' dir='ltr'><strong>um</strong></span> <span class='ocrx_word' id='word_1_262' title='bbox 144 1996 284 2051; x_wconf 90' lang='lat' dir='ltr'><strong>elementa</strong></span> <span class='ocrx_word' id='word_1_263' title='bbox 300 1993 388 2066; x_wconf 88' lang='lat' dir='ltr'><strong>hujus</strong></span> <span class='ocrx_word' id='word_1_264' title='bbox 410 1993 510 2050; x_wconf 90' lang='lat' dir='ltr'><strong>mundi</strong></span> <span class='ocrx_word' id='word_1_265' title='bbox 527 1993 780 2065; x_wconf 84' lang='lat' dir='ltr'><strong>philosophantur;</strong></span> <span class='ocrx_word' id='word_1_266' title='bbox 798 1994 848 2051; x_wconf 91' lang='lat' dir='ltr'><strong>ad·</strong></span> <span class='ocrx_word' id='word_1_267' title='bbox 902 1995 1081 2065; x_wconf 83' lang='lat' dir='ltr'><strong>scripturam</strong></span> <span class='ocrx_word' id='word_1_268' title='bbox 1097 1994 1210 2052; x_wconf 90' lang='lat' dir='ltr'><strong>trahere</strong></span> <span class='ocrx_word' id='word_1_269' title='bbox 1231 2004 1457 2069; x_wconf 67' lang='lat' dir='ltr'><strong>repugnantem</strong></span> <span class='ocrx_word' id='word_1_270' title='bbox 1481 2001 1566 2071; x_wconf 85' lang='lat' dir='ltr'><strong>quasi</strong></span> <span class='ocrx_word' id='word_1_271' title='bbox 1592 2016 1651 2060; x_wconf 93' lang='lat' dir='ltr'><strong>non</strong></span> <span class='ocrx_word' id='word_1_272' title='bbox 1674 2003 1749 2076; x_wconf 75' lang='lat' dir='ltr'><strong>lege-</strong></span> 
     </span>
     <span class='ocr_line' id='line_1_22' title="bbox 80 2081 1748 2160; baseline 0.008 -22"><span class='ocrx_word' id='word_1_273' title='bbox 80 2091 135 2141; x_wconf 74' lang='lat' dir='ltr'><strong>ntur</strong></span> <span class='ocrx_word' id='word_1_274' title='bbox 158 2084 235 2140; x_wconf 87' lang='lat' dir='ltr'><strong>enin</strong></span> <span class='ocrx_word' id='word_1_275' title='bbox 254 2090 395 2154; x_wconf 80' lang='lat' dir='ltr'><strong>praecepto</strong></span> <span class='ocrx_word' id='word_1_276' title='bbox 411 2081 590 2153; x_wconf 88' lang='lat' dir='ltr'><strong>apostolico:</strong></span> <span class='ocrx_word' id='word_1_277' title='bbox 615 2084 711 2140; x_wconf 81' lang='lat' dir='ltr'><strong>cauete</strong></span> <span class='ocrx_word' id='word_1_278' title='bbox 732 2100 767 2138; x_wconf 86' lang='lat' dir='ltr'><strong>ne</strong></span> <span class='ocrx_word' id='word_1_279' title='bbox 785 2085 847 2149; x_wconf 83' lang='lat' dir='ltr'><strong>ouis</strong></span> <span class='ocrx_word' id='word_1_280' title='bbox 901 2084 993 2140; x_wconf 91' lang='lat' dir='ltr'><strong>rimus</strong></span> <span class='ocrx_word' id='word_1_281' title='bbox 1009 2083 1268 2141; x_wconf 82' lang='lat' dir='ltr'><strong>Homerocentones</strong></span> <span class='ocrx_word' id='word_1_282' title='bbox 1286 2093 1314 2142; x_wconf 91' lang='lat' dir='ltr'><strong>et</strong></span> <span class='ocrx_word' id='word_1_283' title='bbox 1337 2085 1609 2160; x_wconf 81' lang='lat' dir='ltr'><strong>virgiliocentonas,</strong></span> <span class='ocrx_word' id='word_1_284' title='bbox 1633 2106 1668 2150; x_wconf 89' lang='lat' dir='ltr'><strong>ac</strong></span> <span class='ocrx_word' id='word_1_285' title='bbox 1689 2106 1748 2151; x_wconf 92' lang='lat' dir='ltr'><strong>nen</strong></span> 
     </span>
     <span class='ocr_line' id='line_1_23' title="bbox 80 2170 1749 2249; baseline 0.008 -22"><span class='ocrx_word' id='word_1_286' title='bbox 80 2173 180 2242; x_wconf 77' lang='lat' dir='ltr'><strong>eripiat</strong></span> <span class='ocrx_word' id='word_1_287' title='bbox 199 2186 251 2241; x_wconf 89' lang='lat' dir='ltr'><strong>per</strong></span> <span class='ocrx_word' id='word_1_288' title='bbox 262 2171 461 2241; x_wconf 80' lang='lat' dir='ltr'><strong>philosophiam</strong></span> <span class='ocrx_word' id='word_1_289' title='bbox 483 2176 508 2224; x_wconf 87' lang='lat' dir='ltr'><strong>et</strong></span> <span class='ocrx_word' id='word_1_290' title='bbox 522 2173 630 2225; x_wconf 86' lang='lat' dir='ltr'><strong>inanem</strong></span> <span class='ocrx_word' id='word_1_291' title='bbox 652 2170 845 2237; x_wconf 83' lang='lat' dir='ltr'><strong>seductionem,</strong></span> <span class='ocrx_word' id='word_1_292' title='bbox 901 2172 943 2228; x_wconf 92' lang='lat' dir='ltr'><strong>sic</strong></span> <span class='ocrx_word' id='word_1_293' title='bbox 967 2173 1054 2229; x_wconf 91' lang='lat' dir='ltr'><strong>etiam</strong></span> <span class='ocrx_word' id='word_1_294' title='bbox 1077 2173 1223 2229; x_wconf 80' lang='lat' dir='ltr'><strong>Maronem</strong></span> <span class='ocrx_word' id='word_1_295' title='bbox 1250 2173 1312 2230; x_wconf 93' lang='lat' dir='ltr'><strong>sine</strong></span> <span class='ocrx_word' id='word_1_296' title='bbox 1344 2174 1458 2234; x_wconf 90' lang='lat' dir='ltr'><strong>Christo</strong></span> <span class='ocrx_word' id='word_1_297' title='bbox 1486 2179 1628 2249; x_wconf 88' lang='lat' dir='ltr'><strong>possimus</strong></span> <span class='ocrx_word' id='word_1_298' title='bbox 1654 2180 1749 2240; x_wconf 87' lang='lat' dir='ltr'><strong>dicere</strong></span> 
     </span>
     <span class='ocr_line' id='line_1_24' title="bbox 80 2258 1366 2333; baseline 0.004 -19"><span class='ocrx_word' id='word_1_299' title='bbox 80 2262 150 2317; x_wconf 80' lang='lat' dir='ltr'><strong>‚dum</strong></span> <span class='ocrx_word' id='word_1_300' title='bbox 178 2262 307 2316; x_wconf 68' lang='lat' dir='ltr'><strong>cemento</strong></span> <span class='ocrx_word' id='word_1_301' title='bbox 333 2259 430 2314; x_wconf 85' lang='lat' dir='ltr'><strong>mundi</strong></span> <span class='ocrx_word' id='word_1_302' title='bbox 452 2259 518 2330; x_wconf 80' lang='lat' dir='ltr'><strong>(dot.</strong></span> <span class='ocrx_word' id='word_1_303' title='bbox 552 2275 582 2324; x_wconf 86' lang='lat'><strong>11,</strong></span> <span class='ocrx_word' id='word_1_304' title='bbox 611 2258 650 2328; x_wconf 83' lang='lat'><strong>8).</strong></span> <span class='ocrx_word' id='word_1_305' title='bbox 679 2258 788 2315; x_wconf 94' lang='lat' dir='ltr'><strong>Deinde</strong></span> <span class='ocrx_word' id='word_1_306' title='bbox 812 2272 848 2314; x_wconf 89' lang='lat' dir='ltr'><strong>ne</strong></span> <span class='ocrx_word' id='word_1_307' title='bbox 900 2259 1097 2318; x_wconf 91' lang='lat' dir='ltr'><strong>Christianum</strong></span> <span class='ocrx_word' id='word_1_308' title='bbox 1114 2261 1185 2332; x_wconf 88' lang='lat' dir='ltr'><strong>quia</strong></span> <span class='ocrx_word' id='word_1_309' title='bbox 1199 2261 1366 2333; x_wconf 86' lang='lat' dir='ltr'><strong>scripserit:</strong></span> 
     </span>
     <span class='ocr_line' id='line_1_25' title="bbox 80 2345 1297 2422; baseline 0 -15"><span class='ocrx_word' id='word_1_310' title='bbox 80 2365 104 2407; x_wconf 85' lang='lat' dir='ltr'><strong>es</strong></span> <span class='ocrx_word' id='word_1_311' title='bbox 119 2350 189 2406; x_wconf 88' lang='lat' dir='ltr'><strong>tales</strong></span> <span class='ocrx_word' id='word_1_312' title='bbox 203 2363 263 2405; x_wconf 87' lang='lat' dir='ltr'><strong>esse</strong></span> <span class='ocrx_word' id='word_1_313' title='bbox 278 2349 445 2416; x_wconf 86' lang='lat' dir='ltr'><strong>arbitretur,</strong></span> <span class='ocrx_word' id='word_1_314' title='bbox 462 2348 543 2404; x_wconf 90' lang='lat' dir='ltr'><strong>audit</strong></span> <span class='ocrx_word' id='word_1_315' title='bbox 558 2348 595 2404; x_wconf 92' lang='lat' dir='ltr'><strong>ab</strong></span> <span class='ocrx_word' id='word_1_316' title='bbox 611 2347 709 2403; x_wconf 91' lang='lat' dir='ltr'><strong>eodem</strong></span> <span class='ocrx_word' id='word_1_317' title='bbox 721 2345 848 2417; x_wconf 90' lang='lat' dir='ltr'><strong>apostolo</strong></span> <span class='ocrx_word' id='word_1_318' title='bbox 935 2352 997 2405; x_wconf 79' lang='lat' dir='ltr'><strong>tam</strong></span> <span class='ocrx_word' id='word_1_319' title='bbox 1010 2351 1083 2406; x_wconf 73' lang='lat' dir='ltr'><strong>redu</strong></span> <span class='ocrx_word' id='word_1_320' title='bbox 1102 2353 1129 2405; x_wconf 92' lang='lat' dir='ltr'><strong>et</strong></span> <span class='ocrx_word' id='word_1_321' title='bbox 1139 2352 1228 2422; x_wconf 76' lang='lat' dir='ltr'><strong>sirpo,</strong></span> <span class='ocrx_word' id='word_1_322' title='bbox 1243 2358 1297 2408; x_wconf 89' lang='lat' dir='ltr'><strong>etc.</strong></span> 
     </span>
     <span class='ocr_line' id='line_1_26' title="bbox 79 2436 1315 2510; baseline -0.001 -14"><span class='ocrx_word' id='word_1_323' title='bbox 79 2439 107 2496; x_wconf 91' lang='lat' dir='ltr'><strong>ie</strong></span> <span class='ocrx_word' id='word_1_324' title='bbox 121 2437 309 2510; x_wconf 88' lang='lat' dir='ltr'><strong>quibusdam,</strong></span> <span class='ocrx_word' id='word_1_325' title='bbox 330 2437 403 2508; x_wconf 85' lang='lat' dir='ltr'><strong>quia</strong></span> <span class='ocrx_word' id='word_1_326' title='bbox 417 2436 490 2506; x_wconf 83' lang='lat' dir='ltr'><strong>quod</strong></span> <span class='ocrx_word' id='word_1_327' title='bbox 504 2441 598 2491; x_wconf 88' lang='lat' dir='ltr'><strong>notum</strong></span> <span class='ocrx_word' id='word_1_328' title='bbox 616 2440 656 2491; x_wconf 84' lang='lat' dir='ltr'><strong>est</strong></span> <span class='ocrx_word' id='word_1_329' title='bbox 670 2439 719 2490; x_wconf 90' lang='lat' dir='ltr'><strong>Dei</strong></span> <span class='ocrx_word' id='word_1_330' title='bbox 733 2437 849 2502; x_wconf 81' lang='lat' dir='ltr'><strong>manise·</strong></span> <span class='ocrx_word' id='word_1_331' title='bbox 936 2442 997 2494; x_wconf 83' lang='lat' dir='ltr'><strong>Jam</strong></span> <span class='ocrx_word' id='word_1_332' title='bbox 1013 2453 1084 2493; x_wconf 86' lang='lat' dir='ltr'><strong>noua</strong></span> <span class='ocrx_word' id='word_1_333' title='bbox 1096 2441 1252 2509; x_wconf 81' lang='lat' dir='ltr'><strong>propenies,</strong></span> <span class='ocrx_word' id='word_1_334' title='bbox 1262 2446 1315 2497; x_wconf 90' lang='lat' dir='ltr'><strong>etc.</strong></span> 
     </span>
     <span class='ocr_line' id='line_1_27' title="bbox 87 2517 1748 2608; baseline 0.007 -25"><span class='ocrx_word' id='word_1_335' title='bbox 87 2525 343 2583; x_wconf 64' lang='lat' dir='ltr'><strong>coenaremus</strong></span> <span class='ocrx_word' id='word_1_336' title='bbox 370 2528 441 2580; x_wconf 87' lang='lat' dir='ltr'><strong>enim</strong></span> <span class='ocrx_word' id='word_1_337' title='bbox 457 2526 513 2580; x_wconf 88' lang='lat' dir='ltr'><strong>iliis</strong></span> <span class='ocrx_word' id='word_1_338' title='bbox 535 2526 724 2591; x_wconf 72' lang='lat' dir='ltr'><strong>manifestarit</strong></span> <span class='ocrx_word' id='word_1_339' title='bbox 728 2565 781 2580; x_wconf 91' lang='grc'><strong><em>.....</em></strong></span> <span class='ocrx_word' id='word_1_340' title='bbox 799 2526 848 2578; x_wconf 92' lang='lat' dir='ltr'><strong>1n-</strong></span> <span class='ocrx_word' id='word_1_341' title='bbox 936 2527 1098 2583; x_wconf 83' lang='lat' dir='ltr'><strong>DtPatrem</strong></span> <span class='ocrx_word' id='word_1_342' title='bbox 1119 2526 1283 2598; x_wconf 85' lang='lat' dir='ltr'><strong>loquentem</strong></span> <span class='ocrx_word' id='word_1_343' title='bbox 1298 2528 1333 2586; x_wconf 89' lang='lat' dir='ltr'><strong>ad</strong></span> <span class='ocrx_word' id='word_1_344' title='bbox 1354 2517 1571 2603; x_wconf 73' lang='lat' dir='ltr'><strong>Filiumzliate,</strong></span> <span class='ocrx_word' id='word_1_345' title='bbox 1586 2553 1651 2595; x_wconf 78' lang='lat' dir='ltr'><strong>mea</strong></span> <span class='ocrx_word' id='word_1_346' title='bbox 1667 2540 1748 2608; x_wconf 74' lang='lat' dir='ltr'><strong>obes,</strong></span> 
     </span>
     <span class='ocr_line' id='line_1_28' title="bbox 79 2611 1752 2690; baseline 0.008 -19"><span class='ocrx_word' id='word_1_347' title='bbox 79 2617 132 2684; x_wconf 87' lang='lat' dir='ltr'><strong>iiia,</strong></span> <span class='ocrx_word' id='word_1_348' title='bbox 157 2620 211 2672; x_wconf 91' lang='lat' dir='ltr'><strong>etc.</strong></span> <span class='ocrx_word' id='word_1_349' title='bbox 236 2615 323 2684; x_wconf 82' lang='lat' dir='ltr'><strong>(itam</strong></span> <span class='ocrx_word' id='word_1_350' title='bbox 348 2629 367 2681; x_wconf 86' lang='lat'><strong>1,</strong></span> <span class='ocrx_word' id='word_1_351' title='bbox 395 2613 450 2683; x_wconf 79' lang='lat' dir='ltr'><strong>tii.)</strong></span> <span class='ocrx_word' id='word_1_352' title='bbox 475 2612 510 2668; x_wconf 81' lang='lat' dir='ltr'><strong>Et</strong></span> <span class='ocrx_word' id='word_1_353' title='bbox 532 2611 593 2677; x_wconf 90' lang='lat' dir='ltr'><strong>nbi,</strong></span> <span class='ocrx_word' id='word_1_354' title='bbox 623 2611 849 2669; x_wconf 79' lang='lat' dir='ltr'><strong>Atheniensibus</strong></span> <span class='ocrx_word' id='word_1_355' title='bbox 901 2632 961 2672; x_wconf 86' lang='lat' dir='ltr'><strong>mea</strong></span> <span class='ocrx_word' id='word_1_356' title='bbox 980 2630 1082 2683; x_wconf 83' lang='lat' dir='ltr'><strong>mapno</strong></span> <span class='ocrx_word' id='word_1_357' title='bbox 1101 2619 1223 2686; x_wconf 88' lang='lat' dir='ltr'><strong>potentia</strong></span> <span class='ocrx_word' id='word_1_358' title='bbox 1237 2616 1321 2672; x_wconf 83' lang='lat' dir='ltr'><strong>salus.</strong></span> <span class='ocrx_word' id='word_1_359' title='bbox 1345 2617 1380 2673; x_wconf 81' lang='lat' dir='ltr'><strong>iit</strong></span> <span class='ocrx_word' id='word_1_360' title='bbox 1404 2627 1465 2690; x_wconf 92' lang='lat' dir='ltr'><strong>post</strong></span> <span class='ocrx_word' id='word_1_361' title='bbox 1486 2622 1576 2680; x_wconf 87' lang='lat' dir='ltr'><strong>rerba</strong></span> <span class='ocrx_word' id='word_1_362' title='bbox 1595 2624 1752 2685; x_wconf 79' lang='lat' dir='ltr'><strong>salvatoris</strong></span> 
     </span>
     <span class='ocr_line' id='line_1_29' title="bbox 79 2700 1749 2785; baseline 0.007 -24"><span class='ocrx_word' id='word_1_363' title='bbox 79 2719 134 2772; x_wconf 84' lang='lat' dir='ltr'><strong>ens,</strong></span> <span class='ocrx_word' id='word_1_364' title='bbox 150 2718 217 2760; x_wconf 92' lang='lat' dir='ltr'><strong>cum</strong></span> <span class='ocrx_word' id='word_1_365' title='bbox 234 2717 294 2760; x_wconf 90' lang='lat' dir='ltr'><strong>rem</strong></span> <span class='ocrx_word' id='word_1_366' title='bbox 313 2716 450 2774; x_wconf 77' lang='lat' dir='ltr'><strong>magnam</strong></span> <span class='ocrx_word' id='word_1_367' title='bbox 464 2701 499 2757; x_wconf 93' lang='lat' dir='ltr'><strong>de</strong></span> <span class='ocrx_word' id='word_1_368' title='bbox 522 2702 579 2757; x_wconf 89' lang='lat' dir='ltr'><strong>Deo</strong></span> <span class='ocrx_word' id='word_1_369' title='bbox 598 2700 717 2757; x_wconf 88' lang='lat' dir='ltr'><strong>dixisset</strong></span> <span class='ocrx_word' id='word_1_370' title='bbox 740 2707 849 2772; x_wconf 80' lang='lat' dir='ltr'><strong>atquae</strong></span> <span class='ocrx_word' id='word_1_371' title='bbox 902 2705 933 2762; x_wconf 92' lang='lat' dir='ltr'><strong>in</strong></span> <span class='ocrx_word' id='word_1_372' title='bbox 963 2719 1049 2763; x_wconf 86' lang='lat' dir='ltr'><strong>eruce</strong></span> <span class='ocrx_word' id='word_1_373' title='bbox 1070 2720 1076 2760; x_wconf 94' lang='lat'>:</span> <span class='ocrx_word' id='word_1_374' title='bbox 1106 2704 1184 2761; x_wconf 73' lang='lat' dir='ltr'><strong>rata</strong></span> <span class='ocrx_word' id='word_1_375' title='bbox 1201 2704 1346 2775; x_wconf 82' lang='lat' dir='ltr'><strong>perstabat</strong></span> <span class='ocrx_word' id='word_1_376' title='bbox 1366 2722 1518 2766; x_wconf 87' lang='lat' dir='ltr'><strong>memorans</strong></span> <span class='ocrx_word' id='word_1_377' title='bbox 1541 2715 1670 2785; x_wconf 67' lang='lat' dir='ltr'><strong>deuiam</strong></span> <span class='ocrx_word' id='word_1_378' title='bbox 1691 2730 1749 2772; x_wconf 87' lang='lat' dir='ltr'><strong>mo·</strong></span> 
     </span>
     <span class='ocr_line' id='line_1_30' title="bbox 81 2788 993 2864; baseline -0.008 -13"><span class='ocrx_word' id='word_1_379' title='bbox 81 2793 144 2851; x_wconf 84' lang='lat' dir='ltr'><strong>tteis</strong></span> <span class='ocrx_word' id='word_1_380' title='bbox 158 2791 245 2864; x_wconf 87' lang='lat' dir='ltr'><strong>possit</strong></span> <span class='ocrx_word' id='word_1_381' title='bbox 267 2790 399 2861; x_wconf 76' lang='lat' dir='ltr'><strong>intelligi,</strong></span> <span class='ocrx_word' id='word_1_382' title='bbox 428 2788 506 2860; x_wconf 87' lang='lat' dir='ltr'><strong>quod</strong></span> <span class='ocrx_word' id='word_1_383' title='bbox 523 2790 551 2843; x_wconf 89' lang='lat' dir='ltr'><strong>in</strong></span> <span class='ocrx_word' id='word_1_384' title='bbox 575 2789 622 2844; x_wconf 82' lang='lat' dir='ltr'><strong>iile</strong></span> <span class='ocrx_word' id='word_1_385' title='bbox 644 2791 773 2858; x_wconf 86' lang='lat' dir='ltr'><strong>uiuimus,</strong></span> <span class='ocrx_word' id='word_1_386' title='bbox 793 2805 849 2845; x_wconf 85' lang='lat' dir='ltr'><strong>nro·</strong></span> <span class='ocrx_word' id='word_1_387' title='bbox 902 2794 993 2851; x_wconf 80' lang='lat' dir='ltr'><strong>nebat.</strong></span> 
     </span>
     <span class='ocr_line' id='line_1_31' title="bbox 79 2863 1377 2952; baseline -0.005 -14"><span class='ocrx_word' id='word_1_388' title='bbox 79 2898 97 2938; x_wconf 75' lang='lat' dir='ltr'><strong>zr</strong></span> <span class='ocrx_word' id='word_1_389' title='bbox 108 2886 134 2937; x_wconf 87' lang='lat' dir='ltr'><strong>ct</strong></span> <span class='ocrx_word' id='word_1_390' title='bbox 144 2896 236 2937; x_wconf 87' lang='lat' dir='ltr'><strong>sumus</strong></span> <span class='ocrx_word' id='word_1_391' title='bbox 249 2880 324 2952; x_wconf 81' lang='lat' dir='ltr'><strong>(Act.</strong></span> <span class='ocrx_word' id='word_1_392' title='bbox 351 2893 429 2936; x_wconf 81' lang='lat' dir='ltr'><strong>xvir:</strong></span> <span class='ocrx_word' id='word_1_393' title='bbox 452 2879 511 2948; x_wconf 73' lang='lat'><strong>28),</strong></span> <span class='ocrx_word' id='word_1_394' title='bbox 537 2877 658 2949; x_wconf 85' lang='lat' dir='ltr'><strong>adjecit:</strong></span> <span class='ocrx_word' id='word_1_395' title='bbox 673 2879 750 2934; x_wconf 84' lang='lat' dir='ltr'><strong>Sicut</strong></span> <span class='ocrx_word' id='word_1_396' title='bbox 762 2883 788 2934; x_wconf 90' lang='lat' dir='ltr'><strong>et</strong></span> <span class='ocrx_word' id='word_1_397' title='bbox 801 2895 848 2934; x_wconf 88' lang='lat' dir='ltr'><strong>oe·</strong></span> <span class='ocrx_word' id='word_1_398' title='bbox 866 2863 888 2921; x_wconf 70' lang='grc' dir='ltr'><strong>(ἶ</strong></span> <span class='ocrx_word' id='word_1_399' title='bbox 1284 2865 1377 2923; x_wconf 75' lang='lat' dir='ltr'>XXVI</span> 
     </span>
     <span class='ocr_line' id='line_1_32' title="bbox 83 2953 1608 3042; baseline 0.001 -17"><span class='ocrx_word' id='word_1_400' title='bbox 83 2969 197 3042; x_wconf 78' lang='lat' dir='ltr'><strong>puidam</strong></span> <span class='ocrx_word' id='word_1_401' title='bbox 221 2969 371 3035; x_wconf 80' lang='lat' dir='ltr'><strong>dicerunt3</strong></span> <span class='ocrx_word' id='word_1_402' title='bbox 395 2966 475 3023; x_wconf 86' lang='lat' dir='ltr'><strong>novit</strong></span> <span class='ocrx_word' id='word_1_403' title='bbox 498 2979 567 3023; x_wconf 88' lang='lat' dir='ltr'><strong>sane</strong></span> <span class='ocrx_word' id='word_1_404' title='bbox 598 2967 685 3023; x_wconf 91' lang='lat' dir='ltr'><strong>etiam</strong></span> <span class='ocrx_word' id='word_1_405' title='bbox 712 2967 797 3037; x_wconf 69' lang='lat' dir='ltr'><strong>ipsos</strong></span> <span class='ocrx_word' id='word_1_406' title='bbox 821 2967 850 3024; x_wconf 96' lang='lat' dir='ltr'><strong>in</strong></span> <span class='ocrx_word' id='word_1_407' title='bbox 978 2953 1055 3025; x_wconf 84' lang='lat' dir='ltr'><strong>Quod</strong></span> <span class='ocrx_word' id='word_1_408' title='bbox 1070 2953 1104 3008; x_wconf 65' lang='lat'><strong>‘²0</strong></span> <span class='ocrx_word' id='word_1_409' title='bbox 1115 2954 1401 3024; x_wconf 79' lang='lat' dir='ltr'><strong>prescientiojudtca</strong></span> <span class='ocrx_word' id='word_1_410' title='bbox 1411 2958 1492 3027; x_wconf 89' lang='lat' dir='ltr'><strong>Deus,</strong></span> <span class='ocrx_word' id='word_1_411' title='bbox 1506 2965 1608 3017; x_wconf 65' lang='lat' dir='ltr'><strong>eidon-</strong></span> 
     </span>
     <span class='ocr_line' id='line_1_33' title="bbox 79 3056 1754 3140; baseline -0.001 -24"><span class='ocrx_word' id='word_1_412' title='bbox 79 3074 115 3116; x_wconf 92' lang='lat' dir='ltr'><strong>us</strong></span> <span class='ocrx_word' id='word_1_413' title='bbox 132 3066 241 3124; x_wconf 91' lang='lat' dir='ltr'><strong>errant,</strong></span> <span class='ocrx_word' id='word_1_414' title='bbox 264 3070 376 3114; x_wconf 87' lang='lat' dir='ltr'><strong>cavere.</strong></span> <span class='ocrx_word' id='word_1_415' title='bbox 402 3056 476 3110; x_wconf 87' lang='lat' dir='ltr'><strong>idem</strong></span> <span class='ocrx_word' id='word_1_416' title='bbox 499 3070 581 3125; x_wconf 81' lang='lat' dir='ltr'><strong>super</strong></span> <span class='ocrx_word' id='word_1_417' title='bbox 605 3059 746 3122; x_wconf 74' lang='lat' dir='ltr'><strong>ioannem,</strong></span> <span class='ocrx_word' id='word_1_418' title='bbox 770 3060 850 3111; x_wconf 88' lang='lat' dir='ltr'><strong>tract.</strong></span> <span class='ocrx_word' id='word_1_419' title='bbox 942 3060 1103 3116; x_wconf 76' lang='lat' dir='ltr'><strong>Ambrosius</strong></span> <span class='ocrx_word' id='word_1_420' title='bbox 1129 3061 1159 3114; x_wconf 84' lang='lat' dir='ltr'><strong>in</strong></span> <span class='ocrx_word' id='word_1_421' title='bbox 1173 3060 1263 3128; x_wconf 82' lang='lat' dir='ltr'><strong>Epist.</strong></span> <span class='ocrx_word' id='word_1_422' title='bbox 1286 3061 1324 3116; x_wconf 81' lang='lat' dir='ltr'><strong>ed</strong></span> <span class='ocrx_word' id='word_1_423' title='bbox 1345 3063 1481 3119; x_wconf 79' lang='lat' dir='ltr'><strong>Romanos</strong></span> <span class='ocrx_word' id='word_1_424' title='bbox 1504 3064 1558 3136; x_wconf 85' lang='lat' dir='ltr'><strong>(tx,</strong></span> <span class='ocrx_word' id='word_1_425' title='bbox 1581 3067 1651 3140; x_wconf 66' lang='lat' dir='ltr'><strong>²²)ss</strong></span> <span class='ocrx_word' id='word_1_426' title='bbox 1676 3068 1754 3136; x_wconf 60' lang='lat' dir='ltr'><strong>Quen</strong></span> 
     </span>
     <span class='ocr_line' id='line_1_34' title="bbox 79 3144 1754 3227; baseline 0.003 -22"><span class='ocrx_word' id='word_1_427' title='bbox 79 3148 199 3215; x_wconf 85' lang='lat' dir='ltr'><strong>Duidam</strong></span> <span class='ocrx_word' id='word_1_428' title='bbox 223 3144 383 3218; x_wconf 87' lang='lat' dir='ltr'><strong>philosophi</strong></span> <span class='ocrx_word' id='word_1_429' title='bbox 407 3144 495 3215; x_wconf 88' lang='lat' dir='ltr'><strong>hujus</strong></span> <span class='ocrx_word' id='word_1_430' title='bbox 517 3145 619 3201; x_wconf 92' lang='lat' dir='ltr'><strong>mundi</strong></span> <span class='ocrx_word' id='word_1_431' title='bbox 633 3145 806 3202; x_wconf 87' lang='lat' dir='ltr'><strong>exstiterunt</strong></span> <span class='ocrx_word' id='word_1_432' title='bbox 824 3151 852 3201; x_wconf 92' lang='lat' dir='ltr'><strong>et</strong></span> <span class='ocrx_word' id='word_1_433' title='bbox 908 3151 932 3206; x_wconf 86' lang='lat' dir='ltr'><strong>si</strong></span> <span class='ocrx_word' id='word_1_434' title='bbox 953 3150 1043 3204; x_wconf 79' lang='lat' dir='ltr'><strong>oobns</strong></span> <span class='ocrx_word' id='word_1_435' title='bbox 1070 3150 1141 3223; x_wconf 82' lang='lat' dir='ltr'><strong>Deus</strong></span> <span class='ocrx_word' id='word_1_436' title='bbox 1167 3149 1308 3205; x_wconf 85' lang='lat' dir='ltr'><strong>ostendere</strong></span> <span class='ocrx_word' id='word_1_437' title='bbox 1330 3152 1412 3219; x_wconf 86' lang='lat' dir='ltr'><strong>iram,</strong></span> <span class='ocrx_word' id='word_1_438' title='bbox 1432 3160 1485 3223; x_wconf 90' lang='lat' dir='ltr'><strong>etc.</strong></span> <span class='ocrx_word' id='word_1_439' title='bbox 1507 3156 1546 3211; x_wconf 91' lang='lat' dir='ltr'><strong>De</strong></span> <span class='ocrx_word' id='word_1_440' title='bbox 1573 3159 1754 3227; x_wconf 70' lang='lat' dir='ltr'><strong>prescientia</strong></span> 
     </span>
     <span class='ocr_line' id='line_1_35' title="bbox 81 3233 1755 3306; baseline 0.005 -12"><span class='ocrx_word' id='word_1_441' title='bbox 81 3237 222 3294; x_wconf 85' lang='lat' dir='ltr'><strong>lsiverunt</strong></span> <span class='ocrx_word' id='word_1_442' title='bbox 237 3236 401 3293; x_wconf 89' lang='lat' dir='ltr'><strong>Creatorem</strong></span> <span class='ocrx_word' id='word_1_443' title='bbox 412 3233 853 3303; x_wconf 85' lang='lat' dir='ltr'><strong>percreatnram,evidenterdi·</strong></span> <span class='ocrx_word' id='word_1_444' title='bbox 908 3238 1088 3294; x_wconf 87' lang='lat' dir='ltr'><strong>Pharaonem</strong></span> <span class='ocrx_word' id='word_1_445' title='bbox 1112 3236 1312 3296; x_wconf 88' lang='lat' dir='ltr'><strong>damnandum</strong></span> <span class='ocrx_word' id='word_1_446' title='bbox 1336 3240 1457 3306; x_wconf 91' lang='lat' dir='ltr'><strong>censuit,</strong></span> <span class='ocrx_word' id='word_1_447' title='bbox 1486 3243 1580 3300; x_wconf 89' lang='lat' dir='ltr'><strong>sciens</strong></span> <span class='ocrx_word' id='word_1_448' title='bbox 1605 3260 1672 3304; x_wconf 90' lang='lat' dir='ltr'><strong>eum</strong></span> <span class='ocrx_word' id='word_1_449' title='bbox 1695 3262 1755 3306; x_wconf 90' lang='lat' dir='ltr'><strong>non</strong></span> 
     </span>
     <span class='ocr_line' id='line_1_36' title="bbox 79 3321 1755 3409; baseline 0.007 -26"><span class='ocrx_word' id='word_1_450' title='bbox 79 3324 263 3398; x_wconf 67' lang='lat' dir='ltr'><strong>expostulo:</strong></span> <span class='ocrx_word' id='word_1_451' title='bbox 289 3322 448 3378; x_wconf 82' lang='lat' dir='ltr'><strong>Invisibilia</strong></span> <span class='ocrx_word' id='word_1_452' title='bbox 472 3324 657 3391; x_wconf 85' lang='lat' dir='ltr'><strong>enimipsius,</strong></span> <span class='ocrx_word' id='word_1_453' title='bbox 682 3331 735 3378; x_wconf 88' lang='lat' dir='ltr'><strong>etc.</strong></span> <span class='ocrx_word' id='word_1_454' title='bbox 763 3321 853 3379; x_wconf 85' lang='lat' dir='ltr'><strong>Vide·</strong></span> <span class='ocrx_word' id='word_1_455' title='bbox 909 3341 938 3383; x_wconf 90' lang='lat' dir='ltr'><strong>se</strong></span> <span class='ocrx_word' id='word_1_456' title='bbox 965 3333 1190 3394; x_wconf 80' lang='lat' dir='ltr'><strong>correcturum,</strong></span> <span class='ocrx_word' id='word_1_457' title='bbox 1214 3328 1375 3397; x_wconf 90' lang='lat' dir='ltr'><strong>apostolum</strong></span> <span class='ocrx_word' id='word_1_458' title='bbox 1410 3342 1479 3388; x_wconf 88' lang='lat' dir='ltr'><strong>vero</strong></span> <span class='ocrx_word' id='word_1_459' title='bbox 1503 3333 1628 3391; x_wconf 87' lang='lat' dir='ltr'><strong>Paulum</strong></span> <span class='ocrx_word' id='word_1_460' title='bbox 1656 3335 1755 3409; x_wconf 73' lang='lat' dir='ltr'><strong>elegit.</strong></span> 
     </span>
     <span class='ocr_line' id='line_1_37' title="bbox 85 3408 1801 3490; baseline 0.009 -24"><span class='ocrx_word' id='word_1_461' title='bbox 85 3415 222 3484; x_wconf 87' lang='lat' dir='ltr'><strong>quiaper</strong></span> <span class='ocrx_word' id='word_1_462' title='bbox 240 3413 366 3469; x_wconf 82' lang='lat' dir='ltr'><strong>verbum</strong></span> <span class='ocrx_word' id='word_1_463' title='bbox 382 3410 432 3467; x_wconf 91' lang='lat' dir='ltr'><strong>Dei</strong></span> <span class='ocrx_word' id='word_1_464' title='bbox 457 3410 532 3466; x_wconf 89' lang='lat' dir='ltr'><strong>taeta</strong></span> <span class='ocrx_word' id='word_1_465' title='bbox 553 3418 622 3466; x_wconf 89' lang='lat' dir='ltr'><strong>sunt</strong></span> <span class='ocrx_word' id='word_1_466' title='bbox 643 3409 757 3479; x_wconf 85' lang='lat' dir='ltr'><strong>omnia3</strong></span> <span class='ocrx_word' id='word_1_467' title='bbox 779 3408 853 3464; x_wconf 90' lang='lat' dir='ltr'><strong>illud</strong></span> <span class='ocrx_word' id='word_1_468' title='bbox 909 3413 1164 3485; x_wconf 78' lang='lat' dir='ltr'><strong>presciusntique</strong></span> <span class='ocrx_word' id='word_1_469' title='bbox 1188 3416 1266 3486; x_wconf 86' lang='lat' dir='ltr'><strong>quod</strong></span> <span class='ocrx_word' id='word_1_470' title='bbox 1287 3416 1491 3476; x_wconf 89' lang='lat' dir='ltr'><strong>iuturusesset</strong></span> <span class='ocrx_word' id='word_1_471' title='bbox 1512 3420 1614 3479; x_wconf 79' lang='lat' dir='ltr'><strong>tidelis.</strong></span> <span class='ocrx_word' id='word_1_472' title='bbox 1631 3423 1754 3490; x_wconf 85' lang='lat' dir='ltr'><strong>onibus·</strong></span> <span class='ocrx_word' id='word_1_473' title='bbox 1798 3408 1801 3414; x_wconf 67' lang='grc'><strong>’</strong></span> 
     </span>
     <span class='ocr_line' id='line_1_38' title="bbox 78 3497 1757 3582; baseline -0.001 -8"><span class='ocrx_word' id='word_1_474' title='bbox 78 3508 165 3559; x_wconf 69' lang='grc' dir='ltr'><strong>θῐῦὓῑ</strong></span> <span class='ocrx_word' id='word_1_475' title='bbox 180 3501 271 3559; x_wconf 89' lang='lat' dir='ltr'><strong>rideri</strong></span> <span class='ocrx_word' id='word_1_476' title='bbox 286 3501 364 3572; x_wconf 87' lang='lat' dir='ltr'><strong>quod</strong></span> <span class='ocrx_word' id='word_1_477' title='bbox 385 3507 443 3569; x_wconf 91' lang='lat' dir='ltr'><strong>est;</strong></span> <span class='ocrx_word' id='word_1_478' title='bbox 469 3499 626 3555; x_wconf 89' lang='lat' dir='ltr'><strong>noluerunt</strong></span> <span class='ocrx_word' id='word_1_479' title='bbox 641 3506 737 3554; x_wconf 88' lang='lat' dir='ltr'><strong>tenere</strong></span> <span class='ocrx_word' id='word_1_480' title='bbox 752 3497 853 3554; x_wconf 88' lang='lat' dir='ltr'><strong>humi·</strong></span> <span class='ocrx_word' id='word_1_481' title='bbox 909 3504 976 3560; x_wconf 91' lang='lat' dir='ltr'><strong>dam</strong></span> <span class='ocrx_word' id='word_1_482' title='bbox 991 3510 1087 3559; x_wconf 91' lang='lat' dir='ltr'><strong>autem</strong></span> <span class='ocrx_word' id='word_1_483' title='bbox 1099 3503 1168 3560; x_wconf 93' lang='lat' dir='ltr'><strong>data</strong></span> <span class='ocrx_word' id='word_1_484' title='bbox 1181 3512 1224 3560; x_wconf 91' lang='lat' dir='ltr'><strong>est</strong></span> <span class='ocrx_word' id='word_1_485' title='bbox 1243 3505 1337 3575; x_wconf 81' lang='lat' dir='ltr'><strong>gratia</strong></span> <span class='ocrx_word' id='word_1_486' title='bbox 1359 3506 1389 3561; x_wconf 95' lang='lat' dir='ltr'><strong>in</strong></span> <span class='ocrx_word' id='word_1_487' title='bbox 1412 3520 1510 3578; x_wconf 91' lang='lat' dir='ltr'><strong>usum,</strong></span> <span class='ocrx_word' id='word_1_488' title='bbox 1528 3517 1561 3566; x_wconf 94' lang='lat' dir='ltr'><strong>ut</strong></span> <span class='ocrx_word' id='word_1_489' title='bbox 1579 3510 1675 3582; x_wconf 85' lang='lat' dir='ltr'><strong>Sauli;</strong></span> <span class='ocrx_word' id='word_1_490' title='bbox 1689 3513 1757 3572; x_wconf 86' lang='lat' dir='ltr'><strong>ride</strong></span> 
     </span>
     <span class='ocr_line' id='line_1_39' title="bbox 78 3585 1758 3670; baseline 0.007 -22"><span class='ocrx_word' id='word_1_491' title='bbox 78 3604 117 3648; x_wconf 85' lang='lat' dir='ltr'><strong>tm</strong></span> <span class='ocrx_word' id='word_1_492' title='bbox 131 3590 248 3658; x_wconf 86' lang='lat' dir='ltr'><strong>Christi,</strong></span> <span class='ocrx_word' id='word_1_493' title='bbox 268 3598 295 3646; x_wconf 91' lang='lat' dir='ltr'><strong>et</strong></span> <span class='ocrx_word' id='word_1_494' title='bbox 314 3589 426 3646; x_wconf 92' lang='lat' dir='ltr'><strong>sorduit</strong></span> <span class='ocrx_word' id='word_1_495' title='bbox 440 3588 481 3644; x_wconf 87' lang='lat' dir='ltr'><strong>eis</strong></span> <span class='ocrx_word' id='word_1_496' title='bbox 506 3600 580 3644; x_wconf 85' lang='lat' dir='ltr'><strong>crux</strong></span> <span class='ocrx_word' id='word_1_497' title='bbox 595 3585 711 3644; x_wconf 90' lang='lat' dir='ltr'><strong>Christi.</strong></span> <span class='ocrx_word' id='word_1_498' title='bbox 734 3586 809 3640; x_wconf 82' lang='lat' dir='ltr'><strong>idern</strong></span> <span class='ocrx_word' id='word_1_499' title='bbox 823 3587 853 3640; x_wconf 86' lang='lat' dir='ltr'><strong>in</strong></span> <span class='ocrx_word' id='word_1_500' title='bbox 910 3591 1020 3663; x_wconf 83' lang='lat' dir='ltr'><strong>quibus</strong></span> <span class='ocrx_word' id='word_1_501' title='bbox 1043 3591 1136 3647; x_wconf 84' lang='lat' dir='ltr'><strong>dixit:</strong></span> <span class='ocrx_word' id='word_1_502' title='bbox 1163 3593 1231 3647; x_wconf 82' lang='lat' dir='ltr'><strong>licea</strong></span> <span class='ocrx_word' id='word_1_503' title='bbox 1254 3596 1365 3648; x_wconf 77' lang='lat' dir='ltr'><strong>manino</strong></span> <span class='ocrx_word' id='word_1_504' title='bbox 1390 3600 1482 3652; x_wconf 86' lang='lat' dir='ltr'><strong>uestra</strong></span> <span class='ocrx_word' id='word_1_505' title='bbox 1510 3600 1614 3670; x_wconf 80' lang='lat' dir='ltr'><strong>scripta</strong></span> <span class='ocrx_word' id='word_1_506' title='bbox 1640 3607 1705 3658; x_wconf 88' lang='lat' dir='ltr'><strong>sunt</strong></span> <span class='ocrx_word' id='word_1_507' title='bbox 1726 3607 1758 3658; x_wconf 85' lang='lat' dir='ltr'><strong>in</strong></span> 
     </span>
     <span class='ocr_line' id='line_1_40' title="bbox 92 3673 1755 3761; baseline 0.006 -25"><span class='ocrx_word' id='word_1_508' title='bbox 92 3679 153 3736; x_wconf 82' lang='lat' dir='ltr'><strong>xiii</strong></span> <span class='ocrx_word' id='word_1_509' title='bbox 182 3683 219 3735; x_wconf 88' lang='lat' dir='ltr'><strong>De</strong></span> <span class='ocrx_word' id='word_1_510' title='bbox 243 3681 396 3734; x_wconf 82' lang='lat' dir='ltr'><strong>Trinitate:</strong></span> <span class='ocrx_word' id='word_1_511' title='bbox 428 3676 569 3746; x_wconf 82' lang='lat' dir='ltr'><strong>Praecipui</strong></span> <span class='ocrx_word' id='word_1_512' title='bbox 600 3676 730 3746; x_wconf 81' lang='lat' dir='ltr'><strong>gentium</strong></span> <span class='ocrx_word' id='word_1_513' title='bbox 760 3673 853 3745; x_wconf 91' lang='lat' dir='ltr'><strong>philo·</strong></span> <span class='ocrx_word' id='word_1_514' title='bbox 910 3681 984 3745; x_wconf 72' lang='lat' dir='ltr'><strong>ecla,</strong></span> <span class='ocrx_word' id='word_1_515' title='bbox 1005 3681 1121 3749; x_wconf 83' lang='lat' dir='ltr'><strong>etprius</strong></span> <span class='ocrx_word' id='word_1_516' title='bbox 1145 3680 1273 3736; x_wconf 85' lang='lat' dir='ltr'><strong>abierunt</strong></span> <span class='ocrx_word' id='word_1_517' title='bbox 1288 3687 1438 3738; x_wconf 83' lang='lat' dir='ltr'><strong>retrorsum</strong></span> <span class='ocrx_word' id='word_1_518' title='bbox 1453 3683 1530 3753; x_wconf 81' lang='lat' dir='ltr'><strong>(Due.</strong></span> <span class='ocrx_word' id='word_1_519' title='bbox 1549 3700 1579 3755; x_wconf 84' lang='lat' dir='ltr'><strong>x,</strong></span> <span class='ocrx_word' id='word_1_520' title='bbox 1595 3688 1653 3761; x_wconf 73' lang='lat'><strong>20).</strong></span> <span class='ocrx_word' id='word_1_521' title='bbox 1669 3689 1755 3749; x_wconf 72' lang='lat' dir='ltr'><strong>lton:</strong></span> 
     </span>
     <span class='ocr_line' id='line_1_41' title="bbox 79 3762 1756 3849; baseline -0.002 -23"><span class='ocrx_word' id='word_1_522' title='bbox 79 3768 159 3840; x_wconf 88' lang='lat' dir='ltr'><strong>i,qui</strong></span> <span class='ocrx_word' id='word_1_523' title='bbox 174 3766 388 3824; x_wconf 86' lang='lat' dir='ltr'><strong>invisibiliaDei</strong></span> <span class='ocrx_word' id='word_1_524' title='bbox 397 3779 447 3837; x_wconf 92' lang='lat' dir='ltr'><strong>per</strong></span> <span class='ocrx_word' id='word_1_525' title='bbox 457 3763 646 3836; x_wconf 81' lang='lat' dir='ltr'><strong>caquaelacta</strong></span> <span class='ocrx_word' id='word_1_526' title='bbox 662 3770 730 3820; x_wconf 90' lang='lat' dir='ltr'><strong>sunt</strong></span> <span class='ocrx_word' id='word_1_527' title='bbox 746 3762 855 3818; x_wconf 89' lang='lat' dir='ltr'><strong>intelle-</strong></span> <span class='ocrx_word' id='word_1_528' title='bbox 910 3766 1034 3823; x_wconf 87' lang='lat' dir='ltr'><strong>Nomina</strong></span> <span class='ocrx_word' id='word_1_529' title='bbox 1049 3780 1151 3824; x_wconf 89' lang='lat' dir='ltr'><strong>corum</strong></span> <span class='ocrx_word' id='word_1_530' title='bbox 1172 3769 1280 3838; x_wconf 91' lang='lat' dir='ltr'><strong>scripta</strong></span> <span class='ocrx_word' id='word_1_531' title='bbox 1299 3777 1382 3826; x_wconf 92' lang='lat' dir='ltr'><strong>erant</strong></span> <span class='ocrx_word' id='word_1_532' title='bbox 1406 3771 1437 3826; x_wconf 90' lang='lat' dir='ltr'><strong>in</strong></span> <span class='ocrx_word' id='word_1_533' title='bbox 1455 3773 1526 3829; x_wconf 82' lang='lat' dir='ltr'><strong>emto</strong></span> <span class='ocrx_word' id='word_1_534' title='bbox 1541 3775 1656 3847; x_wconf 88' lang='lat' dir='ltr'><strong>propter</strong></span> <span class='ocrx_word' id='word_1_535' title='bbox 1671 3777 1756 3849; x_wconf 69' lang='lat' dir='ltr'><strong>jusit.</strong></span> 
     </span>
     <span class='ocr_line' id='line_1_42' title="bbox 78 3849 1759 3937; baseline 0.005 -21"><span class='ocrx_word' id='word_1_536' title='bbox 78 3858 231 3927; x_wconf 79' lang='lat' dir='ltr'><strong>suspicere</strong></span> <span class='ocrx_word' id='word_1_537' title='bbox 246 3863 413 3927; x_wconf 90' lang='lat' dir='ltr'><strong>potuerunt,</strong></span> <span class='ocrx_word' id='word_1_538' title='bbox 429 3855 490 3911; x_wconf 91' lang='lat' dir='ltr'><strong>sine</strong></span> <span class='ocrx_word' id='word_1_539' title='bbox 505 3853 671 3921; x_wconf 88' lang='lat' dir='ltr'><strong>mediatore,</strong></span> <span class='ocrx_word' id='word_1_540' title='bbox 689 3851 718 3909; x_wconf 90' lang='lat' dir='ltr'><strong>id</strong></span> <span class='ocrx_word' id='word_1_541' title='bbox 733 3860 775 3908; x_wconf 90' lang='lat' dir='ltr'><strong>est</strong></span> <span class='ocrx_word' id='word_1_542' title='bbox 793 3849 855 3907; x_wconf 89' lang='lat' dir='ltr'><strong>sine</strong></span> <span class='ocrx_word' id='word_1_543' title='bbox 912 3854 984 3911; x_wconf 92' lang='lat' dir='ltr'><strong>tiam</strong></span> <span class='ocrx_word' id='word_1_544' title='bbox 1005 3853 1053 3911; x_wconf 93' lang='lat' dir='ltr'><strong>cui</strong></span> <span class='ocrx_word' id='word_1_545' title='bbox 1076 3854 1275 3912; x_wconf 82' lang='lat' dir='ltr'><strong>deserviebant</strong></span> <span class='ocrx_word' id='word_1_546' title='bbox 1299 3856 1383 3927; x_wconf 81' lang='lat' dir='ltr'><strong>(dd);</strong></span> <span class='ocrx_word' id='word_1_547' title='bbox 1408 3860 1570 3918; x_wconf 69' lang='lat' dir='ltr'><strong>meandum</strong></span> <span class='ocrx_word' id='word_1_548' title='bbox 1591 3877 1660 3924; x_wconf 83' lang='lat' dir='ltr'><strong>rere</strong></span> <span class='ocrx_word' id='word_1_549' title='bbox 1684 3879 1759 3937; x_wconf 77' lang='lat' dir='ltr'><strong>pru·</strong></span> 
     </span>
     <span class='ocr_line' id='line_1_43' title="bbox 77 3943 1760 4025; baseline 0.007 -23"><span class='ocrx_word' id='word_1_550' title='bbox 77 3947 125 4005; x_wconf 91' lang='lat' dir='ltr'><strong>ine</strong></span> <span class='ocrx_word' id='word_1_551' title='bbox 142 3946 256 4004; x_wconf 89' lang='lat' dir='ltr'><strong>Christo</strong></span> <span class='ocrx_word' id='word_1_552' title='bbox 277 3943 469 4016; x_wconf 89' lang='lat' dir='ltr'><strong>philosophati</strong></span> <span class='ocrx_word' id='word_1_553' title='bbox 492 3951 568 4005; x_wconf 85' lang='lat' dir='ltr'><strong>sunt,</strong></span> <span class='ocrx_word' id='word_1_554' title='bbox 595 3955 683 4013; x_wconf 85' lang='lat' dir='ltr'><strong>quem</strong></span> <span class='ocrx_word' id='word_1_555' title='bbox 711 3954 763 3997; x_wconf 89' lang='lat' dir='ltr'><strong>nec</strong></span> <span class='ocrx_word' id='word_1_556' title='bbox 783 3953 855 3996; x_wconf 87' lang='lat' dir='ltr'><strong>ven·</strong></span> <span class='ocrx_word' id='word_1_557' title='bbox 911 3943 1059 4000; x_wconf 90' lang='lat' dir='ltr'><strong>scientiam</strong></span> <span class='ocrx_word' id='word_1_558' title='bbox 1084 3944 1114 3999; x_wconf 91' lang='lat' dir='ltr'><strong>in</strong></span> <span class='ocrx_word' id='word_1_559' title='bbox 1138 3957 1259 4002; x_wconf 91' lang='lat' dir='ltr'><strong>numero</strong></span> <span class='ocrx_word' id='word_1_560' title='bbox 1288 3946 1431 4004; x_wconf 91' lang='lat' dir='ltr'><strong>malorum</strong></span> <span class='ocrx_word' id='word_1_561' title='bbox 1462 3956 1553 4006; x_wconf 90' lang='lat' dir='ltr'><strong>erant.</strong></span> <span class='ocrx_word' id='word_1_562' title='bbox 1576 3952 1616 4009; x_wconf 90' lang='lat' dir='ltr'><strong>De</strong></span> <span class='ocrx_word' id='word_1_563' title='bbox 1645 3953 1760 4025; x_wconf 86' lang='lat' dir='ltr'><strong>justitia</strong></span> 
     </span>
     <span class='ocr_line' id='line_1_44' title="bbox 79 4029 1760 4108; baseline 0.003 -16"><span class='ocrx_word' id='word_1_564' title='bbox 79 4049 109 4092; x_wconf 92' lang='lat' dir='ltr'><strong>m</strong></span> <span class='ocrx_word' id='word_1_565' title='bbox 130 4035 276 4106; x_wconf 92' lang='lat' dir='ltr'><strong>prophetis</strong></span> <span class='ocrx_word' id='word_1_566' title='bbox 302 4048 355 4091; x_wconf 94' lang='lat' dir='ltr'><strong>nec</strong></span> <span class='ocrx_word' id='word_1_567' title='bbox 370 4034 481 4090; x_wconf 81' lang='lat' dir='ltr'><strong>venisse</strong></span> <span class='ocrx_word' id='word_1_568' title='bbox 507 4029 852 4102; x_wconf 85' lang='lat' dir='ltr'><strong>apostotiscrediderunt.</strong></span> <span class='ocrx_word' id='word_1_569' title='bbox 911 4031 987 4091; x_wconf 90' lang='lat' dir='ltr'><strong>enim</strong></span> <span class='ocrx_word' id='word_1_570' title='bbox 1011 4033 1088 4088; x_wconf 89' lang='lat' dir='ltr'><strong>Deus</strong></span> <span class='ocrx_word' id='word_1_571' title='bbox 1115 4032 1236 4103; x_wconf 87' lang='lat' dir='ltr'><strong>judicat,</strong></span> <span class='ocrx_word' id='word_1_572' title='bbox 1260 4047 1318 4091; x_wconf 92' lang='lat' dir='ltr'><strong>non</strong></span> <span class='ocrx_word' id='word_1_573' title='bbox 1345 4034 1380 4092; x_wconf 90' lang='lat' dir='ltr'><strong>de</strong></span> <span class='ocrx_word' id='word_1_574' title='bbox 1406 4038 1601 4108; x_wconf 53' lang='lat' dir='ltr'><strong>praescientia</strong></span> <span class='ocrx_word' id='word_1_575' title='bbox 1628 4042 1707 4101; x_wconf 89' lang='lat' dir='ltr'><strong>unde</strong></span> <span class='ocrx_word' id='word_1_576' title='bbox 1731 4051 1760 4103; x_wconf 86' lang='lat' dir='ltr'><strong>et</strong></span> 
     </span>
     <span class='ocr_line' id='line_1_45' title="bbox 78 4117 1760 4204; baseline 0.005 -25"><span class='ocrx_word' id='word_1_577' title='bbox 78 4139 85 4179; x_wconf 90' lang='lat' dir='ltr'><strong>t</strong></span> <span class='ocrx_word' id='word_1_578' title='bbox 106 4125 144 4180; x_wconf 89' lang='lat' dir='ltr'><strong>De</strong></span> <span class='ocrx_word' id='word_1_579' title='bbox 164 4125 267 4194; x_wconf 84' lang='lat' dir='ltr'><strong>spiritu</strong></span> <span class='ocrx_word' id='word_1_580' title='bbox 292 4129 317 4178; x_wconf 92' lang='lat' dir='ltr'><strong>et</strong></span> <span class='ocrx_word' id='word_1_581' title='bbox 348 4124 458 4177; x_wconf 86' lang='lat' dir='ltr'><strong>littera:</strong></span> <span class='ocrx_word' id='word_1_582' title='bbox 483 4120 550 4178; x_wconf 87' lang='lat' dir='ltr'><strong>Vita</strong></span> <span class='ocrx_word' id='word_1_583' title='bbox 571 4119 685 4190; x_wconf 89' lang='lat' dir='ltr'><strong>sapiens</strong></span> <span class='ocrx_word' id='word_1_584' title='bbox 708 4130 773 4188; x_wconf 83' lang='lat' dir='ltr'><strong>quae</strong></span> <span class='ocrx_word' id='word_1_585' title='bbox 793 4117 858 4173; x_wconf 85' lang='lat' dir='ltr'><strong>lecit</strong></span> <span class='ocrx_word' id='word_1_586' title='bbox 872 4137 896 4192; x_wconf 73' lang='grc' dir='ltr'><strong>ῃ</strong></span> <span class='ocrx_word' id='word_1_587' title='bbox 912 4119 1001 4190; x_wconf 81' lang='lat' dir='ltr'><strong>Moysi</strong></span> <span class='ocrx_word' id='word_1_588' title='bbox 1017 4120 1104 4176; x_wconf 89' lang='lat' dir='ltr'><strong>dicit:</strong></span> <span class='ocrx_word' id='word_1_589' title='bbox 1130 4121 1159 4176; x_wconf 88' lang='lat' dir='ltr'><strong>Si</strong></span> <span class='ocrx_word' id='word_1_590' title='bbox 1181 4123 1244 4191; x_wconf 84' lang='lat' dir='ltr'><strong>puis</strong></span> <span class='ocrx_word' id='word_1_591' title='bbox 1257 4125 1409 4204; x_wconf 77' lang='lat' dir='ltr'><strong>peccauerit</strong></span> <span class='ocrx_word' id='word_1_592' title='bbox 1433 4130 1496 4183; x_wconf 86' lang='lat' dir='ltr'><strong>ante</strong></span> <span class='ocrx_word' id='word_1_593' title='bbox 1517 4142 1570 4195; x_wconf 86' lang='lat' dir='ltr'><strong>mc,</strong></span> <span class='ocrx_word' id='word_1_594' title='bbox 1593 4128 1686 4187; x_wconf 85' lang='lat' dir='ltr'><strong>delebo</strong></span> <span class='ocrx_word' id='word_1_595' title='bbox 1700 4147 1760 4188; x_wconf 88' lang='lat' dir='ltr'><strong>eum</strong></span> 
     </span>
     <span class='ocr_line' id='line_1_46' title="bbox 78 4207 1759 4292; baseline 0.006 -24"><span class='ocrx_word' id='word_1_596' title='bbox 78 4212 154 4270; x_wconf 70' lang='lat' dir='ltr'><strong>idum</strong></span> <span class='ocrx_word' id='word_1_597' title='bbox 168 4212 360 4283; x_wconf 87' lang='lat' dir='ltr'><strong>contemplato</strong></span> <span class='ocrx_word' id='word_1_598' title='bbox 376 4210 484 4267; x_wconf 91' lang='lat' dir='ltr'><strong>mundo</strong></span> <span class='ocrx_word' id='word_1_599' title='bbox 500 4207 693 4279; x_wconf 78' lang='lat' dir='ltr'><strong>intelligitur;</strong></span> <span class='ocrx_word' id='word_1_600' title='bbox 710 4207 858 4276; x_wconf 82' lang='lat' dir='ltr'><strong>interroga</strong></span> <span class='ocrx_word' id='word_1_601' title='bbox 911 4210 945 4264; x_wconf 86' lang='lat' dir='ltr'><strong>de</strong></span> <span class='ocrx_word' id='word_1_602' title='bbox 965 4209 1033 4264; x_wconf 86' lang='lat' dir='ltr'><strong>libro</strong></span> <span class='ocrx_word' id='word_1_603' title='bbox 1045 4211 1108 4265; x_wconf 78' lang='lat' dir='ltr'><strong>uita</strong></span> <span class='ocrx_word' id='word_1_604' title='bbox 1124 4208 1223 4280; x_wconf 82' lang='lat' dir='ltr'><strong>(Dsod.</strong></span> <span class='ocrx_word' id='word_1_605' title='bbox 1246 4226 1340 4279; x_wconf 83' lang='lat' dir='ltr'><strong>xxxix,</strong></span> <span class='ocrx_word' id='word_1_606' title='bbox 1366 4214 1425 4285; x_wconf 78' lang='grc'><strong>33);</strong></span> <span class='ocrx_word' id='word_1_607' title='bbox 1443 4220 1476 4272; x_wconf 90' lang='lat' dir='ltr'><strong>ut</strong></span> <span class='ocrx_word' id='word_1_608' title='bbox 1498 4217 1659 4276; x_wconf 83' lang='lat' dir='ltr'><strong>secundum</strong></span> <span class='ocrx_word' id='word_1_609' title='bbox 1671 4221 1759 4292; x_wconf 83' lang='lat' dir='ltr'><strong>justi·</strong></span> 
     </span>
     <span class='ocr_line' id='line_1_47' title="bbox 78 4295 1762 4381; baseline 0.004 -23"><span class='ocrx_word' id='word_1_610' title='bbox 78 4301 165 4368; x_wconf 73' lang='lat' dir='ltr'><strong>idum,</strong></span> <span class='ocrx_word' id='word_1_611' title='bbox 186 4309 322 4358; x_wconf 88' lang='lat' dir='ltr'><strong>ornatum</strong></span> <span class='ocrx_word' id='word_1_612' title='bbox 337 4299 412 4368; x_wconf 85' lang='lat' dir='ltr'><strong>coeli,</strong></span> <span class='ocrx_word' id='word_1_613' title='bbox 429 4306 535 4356; x_wconf 86' lang='lat' dir='ltr'><strong>terram</strong></span> <span class='ocrx_word' id='word_1_614' title='bbox 551 4295 771 4354; x_wconf 87' lang='lat' dir='ltr'><strong>tructiilcantem</strong></span> <span class='ocrx_word' id='word_1_615' title='bbox 788 4295 856 4350; x_wconf 90' lang='lat' dir='ltr'><strong>her·</strong></span> <span class='ocrx_word' id='word_1_616' title='bbox 912 4297 982 4355; x_wconf 89' lang='lat' dir='ltr'><strong>tiam</strong></span> <span class='ocrx_word' id='word_1_617' title='bbox 995 4297 1101 4370; x_wconf 83' lang='lat' dir='ltr'><strong>judicis</strong></span> <span class='ocrx_word' id='word_1_618' title='bbox 1116 4305 1185 4354; x_wconf 89' lang='lat' dir='ltr'><strong>tunc</strong></span> <span class='ocrx_word' id='word_1_619' title='bbox 1200 4299 1334 4357; x_wconf 91' lang='lat' dir='ltr'><strong>videatur</strong></span> <span class='ocrx_word' id='word_1_620' title='bbox 1354 4301 1453 4370; x_wconf 90' lang='lat' dir='ltr'><strong>deleri,</strong></span> <span class='ocrx_word' id='word_1_621' title='bbox 1469 4318 1536 4361; x_wconf 91' lang='lat' dir='ltr'><strong>cnm</strong></span> <span class='ocrx_word' id='word_1_622' title='bbox 1552 4309 1762 4381; x_wconf 63' lang='lat' dir='ltr'><strong>peccaminum</strong></span> 
     </span>
     <span class='ocr_line' id='line_1_48' title="bbox 78 4383 1759 4468; baseline 0.006 -22"><span class='ocrx_word' id='word_1_623' title='bbox 78 4389 209 4460; x_wconf 73' lang='lat' dir='ltr'><strong>attignis,</strong></span> <span class='ocrx_word' id='word_1_624' title='bbox 226 4389 404 4446; x_wconf 88' lang='lat' dir='ltr'><strong>animalibus</strong></span> <span class='ocrx_word' id='word_1_625' title='bbox 419 4387 543 4458; x_wconf 91' lang='lat' dir='ltr'><strong>plenam,</strong></span> <span class='ocrx_word' id='word_1_626' title='bbox 560 4399 649 4454; x_wconf 89' lang='lat' dir='ltr'><strong>mare,</strong></span> <span class='ocrx_word' id='word_1_627' title='bbox 670 4383 789 4456; x_wconf 85' lang='lat' dir='ltr'><strong>quantis</strong></span> <span class='ocrx_word' id='word_1_628' title='bbox 803 4396 857 4439; x_wconf 87' lang='lat' dir='ltr'><strong>na·</strong></span> <span class='ocrx_word' id='word_1_629' title='bbox 913 4386 1124 4457; x_wconf 76' lang='lat' dir='ltr'><strong>prescientiam</strong></span> <span class='ocrx_word' id='word_1_630' title='bbox 1147 4395 1243 4444; x_wconf 88' lang='lat' dir='ltr'><strong>tamen</strong></span> <span class='ocrx_word' id='word_1_631' title='bbox 1258 4403 1413 4461; x_wconf 84' lang='lat' dir='ltr'><strong>nunquam</strong></span> <span class='ocrx_word' id='word_1_632' title='bbox 1434 4391 1465 4448; x_wconf 90' lang='lat' dir='ltr'><strong>in</strong></span> <span class='ocrx_word' id='word_1_633' title='bbox 1480 4392 1555 4452; x_wconf 91' lang='lat' dir='ltr'><strong>libro</strong></span> <span class='ocrx_word' id='word_1_634' title='bbox 1568 4396 1636 4453; x_wconf 76' lang='lat' dir='ltr'><strong>ritas</strong></span> <span class='ocrx_word' id='word_1_635' title='bbox 1651 4396 1759 4468; x_wconf 87' lang='lat' dir='ltr'><strong>luerat;</strong></span> 
     </span>
     <span class='ocr_line' id='line_1_49' title="bbox 77 4470 1761 4550; baseline 0.007 -18"><span class='ocrx_word' id='word_1_636' title='bbox 77 4491 119 4536; x_wconf 78' lang='lat' dir='ltr'><strong>ius</strong></span> <span class='ocrx_word' id='word_1_637' title='bbox 133 4478 190 4550; x_wconf 78' lang='lat' dir='ltr'><strong>(dl)</strong></span> <span class='ocrx_word' id='word_1_638' title='bbox 205 4478 323 4550; x_wconf 94' lang='lat' dir='ltr'><strong>plenum</strong></span> <span class='ocrx_word' id='word_1_639' title='bbox 338 4486 395 4547; x_wconf 88' lang='lat' dir='ltr'><strong>est;</strong></span> <span class='ocrx_word' id='word_1_640' title='bbox 415 4490 520 4543; x_wconf 89' lang='lat' dir='ltr'><strong>aerem,</strong></span> <span class='ocrx_word' id='word_1_641' title='bbox 539 4475 657 4546; x_wconf 85' lang='lat' dir='ltr'><strong>quantis</strong></span> <span class='ocrx_word' id='word_1_642' title='bbox 676 4470 857 4542; x_wconf 82' lang='lat' dir='ltr'><strong>volatilibus3</strong></span> <span class='ocrx_word' id='word_1_643' title='bbox 913 4481 1031 4531; x_wconf 91' lang='lat' dir='ltr'><strong>econtra</strong></span> <span class='ocrx_word' id='word_1_644' title='bbox 1054 4482 1125 4531; x_wconf 92' lang='lat' dir='ltr'><strong>tune</strong></span> <span class='ocrx_word' id='word_1_645' title='bbox 1139 4475 1286 4533; x_wconf 88' lang='lat' dir='ltr'><strong>videretur</strong></span> <span class='ocrx_word' id='word_1_646' title='bbox 1306 4478 1421 4545; x_wconf 89' lang='lat' dir='ltr'><strong>ascribi,</strong></span> <span class='ocrx_word' id='word_1_647' title='bbox 1437 4494 1504 4539; x_wconf 90' lang='lat' dir='ltr'><strong>cum</strong></span> <span class='ocrx_word' id='word_1_648' title='bbox 1519 4483 1614 4542; x_wconf 91' lang='lat' dir='ltr'><strong>malus</strong></span> <span class='ocrx_word' id='word_1_649' title='bbox 1628 4499 1689 4544; x_wconf 88' lang='lat' dir='ltr'><strong>esse</strong></span> <span class='ocrx_word' id='word_1_650' title='bbox 1708 4487 1761 4545; x_wconf 91' lang='lat' dir='ltr'><strong>de·</strong></span> 
     </span>
     <span class='ocr_line' id='line_1_50' title="bbox 77 4563 1760 4649; baseline 0.007 -25"><span class='ocrx_word' id='word_1_651' title='bbox 77 4580 158 4639; x_wconf 74' lang='lat' dir='ltr'><strong>tropa</strong></span> <span class='ocrx_word' id='word_1_652' title='bbox 183 4568 292 4636; x_wconf 89' lang='lat' dir='ltr'><strong>omnia,</strong></span> <span class='ocrx_word' id='word_1_653' title='bbox 317 4574 345 4623; x_wconf 92' lang='lat' dir='ltr'><strong>et</strong></span> <span class='ocrx_word' id='word_1_654' title='bbox 365 4566 431 4622; x_wconf 86' lang='lat' dir='ltr'><strong>vide</strong></span> <span class='ocrx_word' id='word_1_655' title='bbox 464 4565 487 4621; x_wconf 91' lang='lat' dir='ltr'><strong>si</strong></span> <span class='ocrx_word' id='word_1_656' title='bbox 508 4579 569 4621; x_wconf 94' lang='lat' dir='ltr'><strong>non</strong></span> <span class='ocrx_word' id='word_1_657' title='bbox 592 4572 692 4634; x_wconf 89' lang='lat' dir='ltr'><strong>sponte</strong></span> <span class='ocrx_word' id='word_1_658' title='bbox 723 4576 777 4618; x_wconf 88' lang='lat' dir='ltr'><strong>sua</strong></span> <span class='ocrx_word' id='word_1_659' title='bbox 799 4568 859 4617; x_wconf 91' lang='lat' dir='ltr'><strong>tan·</strong></span> <span class='ocrx_word' id='word_1_660' title='bbox 913 4563 992 4631; x_wconf 90' lang='lat' dir='ltr'><strong>sinit,</strong></span> <span class='ocrx_word' id='word_1_661' title='bbox 1019 4565 1070 4635; x_wconf 85' lang='lat' dir='ltr'><strong>qui</strong></span> <span class='ocrx_word' id='word_1_662' title='bbox 1107 4566 1266 4623; x_wconf 92' lang='lat' dir='ltr'><strong>seeundum</strong></span> <span class='ocrx_word' id='word_1_663' title='bbox 1297 4568 1507 4637; x_wconf 76' lang='lat' dir='ltr'><strong>praescientiam</strong></span> <span class='ocrx_word' id='word_1_664' title='bbox 1529 4587 1684 4649; x_wconf 89' lang='lat' dir='ltr'><strong>nunquam</strong></span> <span class='ocrx_word' id='word_1_665' title='bbox 1712 4576 1760 4636; x_wconf 90' lang='lat' dir='ltr'><strong>de·</strong></span> 
     </span>
     <span class='ocr_line' id='line_1_51' title="bbox 77 4650 979 4727; baseline -0.011 -14"><span class='ocrx_word' id='word_1_666' title='bbox 77 4669 102 4713; x_wconf 90' lang='lat' dir='ltr'><strong>m</strong></span> <span class='ocrx_word' id='word_1_667' title='bbox 124 4670 195 4714; x_wconf 83' lang='lat' dir='ltr'><strong>voce</strong></span> <span class='ocrx_word' id='word_1_668' title='bbox 219 4655 410 4727; x_wconf 89' lang='lat' dir='ltr'><strong>respondeant</strong></span> <span class='ocrx_word' id='word_1_669' title='bbox 432 4653 502 4710; x_wconf 86' lang='lat' dir='ltr'><strong>tibi:</strong></span> <span class='ocrx_word' id='word_1_670' title='bbox 525 4654 602 4710; x_wconf 89' lang='lat' dir='ltr'><strong>Dens</strong></span> <span class='ocrx_word' id='word_1_671' title='bbox 625 4666 676 4708; x_wconf 89' lang='lat' dir='ltr'><strong>nos</strong></span> <span class='ocrx_word' id='word_1_672' title='bbox 696 4651 771 4707; x_wconf 89' lang='lat' dir='ltr'><strong>lecit.</strong></span> <span class='ocrx_word' id='word_1_673' title='bbox 794 4650 859 4706; x_wconf 75' lang='lat' dir='ltr'><strong>iisse</strong></span> <span class='ocrx_word' id='word_1_674' title='bbox 914 4651 979 4709; x_wconf 87' lang='lat' dir='ltr'><strong>luit.</strong></span> 
     </span>
     <span class='ocr_line' id='line_1_52' title="bbox 77 4737 1396 4816; baseline -0.007 -14"><span class='ocrx_word' id='word_1_675' title='bbox 77 4744 175 4816; x_wconf 85' lang='lat' dir='ltr'><strong>asophi</strong></span> <span class='ocrx_word' id='word_1_676' title='bbox 198 4744 309 4802; x_wconf 89' lang='lat' dir='ltr'><strong>nobiles</strong></span> <span class='ocrx_word' id='word_1_677' title='bbox 330 4739 538 4814; x_wconf 86' lang='lat' dir='ltr'><strong>quaesivernnt,</strong></span> <span class='ocrx_word' id='word_1_678' title='bbox 572 4748 600 4798; x_wconf 91' lang='lat' dir='ltr'><strong>et</strong></span> <span class='ocrx_word' id='word_1_679' title='bbox 621 4754 658 4797; x_wconf 86' lang='lat' dir='ltr'><strong>ex</strong></span> <span class='ocrx_word' id='word_1_680' title='bbox 686 4746 747 4796; x_wconf 90' lang='lat' dir='ltr'><strong>arte</strong></span> <span class='ocrx_word' id='word_1_681' title='bbox 769 4737 859 4794; x_wconf 89' lang='lat' dir='ltr'><strong>artid-</strong></span> <span class='ocrx_word' id='word_1_682' title='bbox 1280 4744 1396 4803; x_wconf 80' lang='lat' dir='ltr'><strong>xxvfl,</strong></span> 
     </span>
     <span class='ocr_line' id='line_1_53' title="bbox 97 4826 1764 4914; baseline 0.005 -24"><span class='ocrx_word' id='word_1_683' title='bbox 97 4841 306 4904; x_wconf 79' lang='lat' dir='ltr'><strong>cognoverunt.</strong></span> <span class='ocrx_word' id='word_1_684' title='bbox 329 4833 405 4887; x_wconf 82' lang='lat' dir='ltr'><strong>idem</strong></span> <span class='ocrx_word' id='word_1_685' title='bbox 434 4833 465 4886; x_wconf 87' lang='lat' dir='ltr'><strong>in</strong></span> <span class='ocrx_word' id='word_1_686' title='bbox 487 4833 654 4900; x_wconf 74' lang='lat' dir='ltr'><strong>emporiticae</strong></span> <span class='ocrx_word' id='word_1_687' title='bbox 677 4826 860 4897; x_wconf 82' lang='lat' dir='ltr'><strong>quarumdam</strong></span> <span class='ocrx_word' id='word_1_688' title='bbox 914 4827 993 4895; x_wconf 82' lang='lat' dir='ltr'><strong>Quod</strong></span> <span class='ocrx_word' id='word_1_689' title='bbox 1010 4830 1185 4900; x_wconf 81' lang='lat' dir='ltr'><strong>prouidentia</strong></span> <span class='ocrx_word' id='word_1_690' title='bbox 1208 4834 1257 4888; x_wconf 84' lang='lat' dir='ltr'><strong>Dei</strong></span> <span class='ocrx_word' id='word_1_691' title='bbox 1279 4848 1364 4890; x_wconf 90' lang='lat' dir='ltr'><strong>eausa</strong></span> <span class='ocrx_word' id='word_1_692' title='bbox 1385 4838 1422 4891; x_wconf 84' lang='lat' dir='ltr'><strong>sit</strong></span> <span class='ocrx_word' id='word_1_693' title='bbox 1449 4843 1592 4898; x_wconf 76' lang='lat' dir='ltr'><strong>meatuum</strong></span> <span class='ocrx_word' id='word_1_694' title='bbox 1609 4858 1712 4914; x_wconf 71' lang='lat' dir='ltr'><strong>rmum,</strong></span> <span class='ocrx_word' id='word_1_695' title='bbox 1737 4848 1764 4900; x_wconf 85' lang='lat' dir='ltr'><strong>et</strong></span> 
     </span>
     <span class='ocr_line' id='line_1_54' title="bbox 77 4916 1368 4991; baseline -0.009 -13"><span class='ocrx_word' id='word_1_696' title='bbox 77 4922 231 4979; x_wconf 77' lang='lat' dir='ltr'><strong>criticorum</strong></span> <span class='ocrx_word' id='word_1_697' title='bbox 250 4924 280 4977; x_wconf 82' lang='lat' dir='ltr'><strong>ia</strong></span> <span class='ocrx_word' id='word_1_698' title='bbox 303 4922 430 4991; x_wconf 78' lang='lat' dir='ltr'><strong>Epistola</strong></span> <span class='ocrx_word' id='word_1_699' title='bbox 443 4920 524 4976; x_wconf 87' lang='lat' dir='ltr'><strong>Pauli</strong></span> <span class='ocrx_word' id='word_1_700' title='bbox 547 4920 585 4974; x_wconf 84' lang='lat' dir='ltr'><strong>ad</strong></span> <span class='ocrx_word' id='word_1_701' title='bbox 599 4921 752 4975; x_wconf 79' lang='lat' dir='ltr'><strong>Romanos:</strong></span> <span class='ocrx_word' id='word_1_702' title='bbox 772 4916 819 4972; x_wconf 78' lang='lat' dir='ltr'><strong>xit</strong></span> <span class='ocrx_word' id='word_1_703' title='bbox 832 4921 860 4972; x_wconf 90' lang='lat' dir='ltr'><strong>et</strong></span> <span class='ocrx_word' id='word_1_704' title='bbox 1315 4922 1368 4961; x_wconf 76' lang='lat' dir='ltr'><strong>nott</strong></span> 
     </span>
     <span class='ocr_line' id='line_1_55' title="bbox 77 5007 1765 5084; baseline 0.007 -15"><span class='ocrx_word' id='word_1_705' title='bbox 77 5024 127 5068; x_wconf 63' lang='lat' dir='ltr'><strong>&gt;mo</strong></span> <span class='ocrx_word' id='word_1_706' title='bbox 141 5011 176 5068; x_wconf 89' lang='lat' dir='ltr'><strong>de</strong></span> <span class='ocrx_word' id='word_1_707' title='bbox 190 5011 371 5082; x_wconf 87' lang='lat' dir='ltr'><strong>sapientibus</strong></span> <span class='ocrx_word' id='word_1_708' title='bbox 386 5009 507 5066; x_wconf 91' lang='lat' dir='ltr'><strong>mundi:</strong></span> <span class='ocrx_word' id='word_1_709' title='bbox 523 5009 547 5065; x_wconf 92' lang='lat' dir='ltr'><strong>si</strong></span> <span class='ocrx_word' id='word_1_710' title='bbox 574 5007 651 5064; x_wconf 95' lang='lat' dir='ltr'><strong>enim</strong></span> <span class='ocrx_word' id='word_1_711' title='bbox 673 5013 786 5062; x_wconf 86' lang='lat' dir='ltr'><strong>tantum</strong></span> <span class='ocrx_word' id='word_1_712' title='bbox 810 5018 860 5074; x_wconf 92' lang='lat' dir='ltr'><strong>po·</strong></span> <span class='ocrx_word' id='word_1_713' title='bbox 950 5009 1069 5077; x_wconf 85' lang='lat' dir='ltr'><strong>Doetius,</strong></span> <span class='ocrx_word' id='word_1_714' title='bbox 1095 5011 1132 5064; x_wconf 88' lang='lat' dir='ltr'><strong>De</strong></span> <span class='ocrx_word' id='word_1_715' title='bbox 1149 5011 1339 5075; x_wconf 83' lang='lat' dir='ltr'><strong>consolatione,</strong></span> <span class='ocrx_word' id='word_1_716' title='bbox 1374 5013 1421 5068; x_wconf 87' lang='lat' dir='ltr'><strong>lib.</strong></span> <span class='ocrx_word' id='word_1_717' title='bbox 1447 5015 1481 5069; x_wconf 88' lang='lat' dir='ltr'><strong>vl</strong></span> <span class='ocrx_word' id='word_1_718' title='bbox 1503 5030 1510 5072; x_wconf 91' lang='lat'>:</span> <span class='ocrx_word' id='word_1_719' title='bbox 1537 5016 1661 5084; x_wconf 84' lang='lat' dir='ltr'><strong>Quidam</strong></span> <span class='ocrx_word' id='word_1_720' title='bbox 1682 5020 1765 5081; x_wconf 90' lang='lat' dir='ltr'><strong>aiunt</strong></span> 
     </span>
     <span class='ocr_line' id='line_1_56' title="bbox 77 5088 1764 5179; baseline 0.008 -24"><span class='ocrx_word' id='word_1_721' title='bbox 77 5105 133 5156; x_wconf 93' lang='lat' dir='ltr'><strong>unt</strong></span> <span class='ocrx_word' id='word_1_722' title='bbox 147 5099 222 5156; x_wconf 90' lang='lat' dir='ltr'><strong>scire</strong></span> <span class='ocrx_word' id='word_1_723' title='bbox 241 5106 274 5157; x_wconf 93' lang='lat' dir='ltr'><strong>nt</strong></span> <span class='ocrx_word' id='word_1_724' title='bbox 289 5105 403 5170; x_wconf 88' lang='lat' dir='ltr'><strong>possent</strong></span> <span class='ocrx_word' id='word_1_725' title='bbox 418 5097 563 5154; x_wconf 78' lang='lat' dir='ltr'><strong>estimare</strong></span> <span class='ocrx_word' id='word_1_726' title='bbox 578 5096 697 5158; x_wconf 87' lang='lat' dir='ltr'><strong>lactum,</strong></span> <span class='ocrx_word' id='word_1_727' title='bbox 718 5093 861 5165; x_wconf 86' lang='lat' dir='ltr'><strong>quomodo</strong></span> <span class='ocrx_word' id='word_1_728' title='bbox 915 5110 974 5153; x_wconf 92' lang='lat' dir='ltr'><strong>non</strong></span> <span class='ocrx_word' id='word_1_729' title='bbox 990 5095 1054 5153; x_wconf 89' lang='lat' dir='ltr'><strong>ideo</strong></span> <span class='ocrx_word' id='word_1_730' title='bbox 1076 5097 1147 5168; x_wconf 88' lang='lat' dir='ltr'><strong>quid</strong></span> <span class='ocrx_word' id='word_1_731' title='bbox 1162 5088 1223 5156; x_wconf 75' lang='lat' dir='ltr'><strong>essai</strong></span> <span class='ocrx_word' id='word_1_732' title='bbox 1244 5108 1431 5172; x_wconf 87' lang='lat' dir='ltr'><strong>eventurum,</strong></span> <span class='ocrx_word' id='word_1_733' title='bbox 1452 5106 1593 5175; x_wconf 87' lang='lat' dir='ltr'><strong>quoniam</strong></span> <span class='ocrx_word' id='word_1_734' title='bbox 1613 5109 1764 5179; x_wconf 87' lang='lat' dir='ltr'><strong>providen-</strong></span> 
     </span>
     <span class='ocr_line' id='line_1_57' title="bbox 77 5182 1765 5273; baseline 0.007 -28"><span class='ocrx_word' id='word_1_735' title='bbox 77 5189 228 5246; x_wconf 78' lang='lat' dir='ltr'><strong>osmundi</strong></span> <span class='ocrx_word' id='word_1_736' title='bbox 252 5189 408 5245; x_wconf 92' lang='lat' dir='ltr'><strong>Dominum</strong></span> <span class='ocrx_word' id='word_1_737' title='bbox 433 5195 461 5244; x_wconf 91' lang='lat' dir='ltr'><strong>ct</strong></span> <span class='ocrx_word' id='word_1_738' title='bbox 483 5187 647 5244; x_wconf 85' lang='lat' dir='ltr'><strong>Creatorem</strong></span> <span class='ocrx_word' id='word_1_739' title='bbox 669 5199 727 5241; x_wconf 95' lang='lat' dir='ltr'><strong>non</strong></span> <span class='ocrx_word' id='word_1_740' title='bbox 748 5182 861 5241; x_wconf 82' lang='lat' dir='ltr'><strong>lucilius</strong></span> <span class='ocrx_word' id='word_1_741' title='bbox 915 5184 955 5242; x_wconf 91' lang='lat' dir='ltr'><strong>tia</strong></span> <span class='ocrx_word' id='word_1_742' title='bbox 971 5184 1000 5241; x_wconf 92' lang='lat' dir='ltr'><strong>id</strong></span> <span class='ocrx_word' id='word_1_743' title='bbox 1015 5185 1147 5243; x_wconf 85' lang='lat' dir='ltr'><strong>tutorum</strong></span> <span class='ocrx_word' id='word_1_744' title='bbox 1172 5201 1233 5246; x_wconf 87' lang='lat' dir='ltr'><strong>esse</strong></span> <span class='ocrx_word' id='word_1_745' title='bbox 1258 5192 1448 5262; x_wconf 82' lang='lat' dir='ltr'><strong>prospexerit,</strong></span> <span class='ocrx_word' id='word_1_746' title='bbox 1474 5193 1523 5252; x_wconf 90' lang='lat' dir='ltr'><strong>sed</strong></span> <span class='ocrx_word' id='word_1_747' title='bbox 1538 5198 1700 5257; x_wconf 90' lang='lat' dir='ltr'><strong>econtrario</strong></span> <span class='ocrx_word' id='word_1_748' title='bbox 1714 5213 1765 5273; x_wconf 90' lang='lat' dir='ltr'><strong>po·</strong></span> 
     </span>
    </p>
   </div>
   <div class='ocr_carea' id='block_1_3' title="bbox 77 5273 1765 5365">
    <p class='ocr_par' dir='ltr' id='par_1_3' title="bbox 77 5273 1765 5365">
     <span class='ocr_line' id='line_1_58' title="bbox 77 5273 1765 5365; baseline 0.009 -31"><span class='ocrx_word' id='word_1_749' title='bbox 77 5273 208 5336; x_wconf 80' lang='lat' dir='ltr'><strong>nerunt?</strong></span> <span class='ocrx_word' id='word_1_750' title='bbox 230 5277 284 5335; x_wconf 88' lang='lat' dir='ltr'><strong>Sed</strong></span> <span class='ocrx_word' id='word_1_751' title='bbox 306 5292 380 5350; x_wconf 84' lang='lat' dir='ltr'><strong>quos</strong></span> <span class='ocrx_word' id='word_1_752' title='bbox 403 5275 501 5350; x_wconf 75' lang='lat' dir='ltr'><strong>arguit</strong></span> <span class='ocrx_word' id='word_1_753' title='bbox 522 5275 646 5346; x_wconf 77' lang='lat' dir='ltr'><strong>Salonio,</strong></span> <span class='ocrx_word' id='word_1_754' title='bbox 670 5289 729 5334; x_wconf 91' lang='lat' dir='ltr'><strong>non</strong></span> <span class='ocrx_word' id='word_1_755' title='bbox 755 5288 859 5348; x_wconf 77' lang='lat' dir='ltr'><strong>mgna·</strong></span> <span class='ocrx_word' id='word_1_756' title='bbox 915 5274 985 5343; x_wconf 90' lang='lat' dir='ltr'><strong>tius,</strong></span> <span class='ocrx_word' id='word_1_757' title='bbox 1006 5273 1145 5346; x_wconf 87' lang='lat' dir='ltr'><strong>quoniam</strong></span> <span class='ocrx_word' id='word_1_758' title='bbox 1169 5277 1240 5348; x_wconf 88' lang='lat' dir='ltr'><strong>quid</strong></span> <span class='ocrx_word' id='word_1_759' title='bbox 1261 5278 1395 5339; x_wconf 85' lang='lat' dir='ltr'><strong>luterum</strong></span> <span class='ocrx_word' id='word_1_760' title='bbox 1418 5288 1471 5354; x_wconf 86' lang='lat' dir='ltr'><strong>est,</strong></span> <span class='ocrx_word' id='word_1_761' title='bbox 1494 5281 1525 5344; x_wconf 88' lang='lat' dir='ltr'><strong>td</strong></span> <span class='ocrx_word' id='word_1_762' title='bbox 1549 5283 1679 5349; x_wconf 83' lang='lat' dir='ltr'><strong>divinam</strong></span> <span class='ocrx_word' id='word_1_763' title='bbox 1702 5303 1765 5365; x_wconf 91' lang='lat' dir='ltr'><strong>pro·</strong></span> 
     </span>
    </p>
   </div>
   <div class='ocr_carea' id='block_1_4' title="bbox 77 5381 1401 5516">
    <p class='ocr_par' dir='ltr' id='par_1_4' title="bbox 77 5381 1401 5516">
     <span class='ocr_line' id='line_1_59' title="bbox 77 5381 1401 5456; baseline 0.005 -17"><span class='ocrx_word' id='word_1_764' title='bbox 77 5385 99 5439; x_wconf 69' lang='lat' dir='ltr'><strong>d</strong></span> <span class='ocrx_word' id='word_1_765' title='bbox 127 5383 210 5443; x_wconf 80' lang='lat' dir='ltr'><strong>Cous.</strong></span> <span class='ocrx_word' id='word_1_766' title='bbox 227 5411 234 5441; x_wconf 69' lang='grc' dir='ltr'>ι</span> <span class='ocrx_word' id='word_1_767' title='bbox 250 5384 400 5442; x_wconf 85' lang='lat' dir='ltr'><strong>natalibus.</strong></span> <span class='ocrx_word' id='word_1_768' title='bbox 952 5383 1008 5456; x_wconf 88' lang='lat' dir='ltr'><strong>(dd)</strong></span> <span class='ocrx_word' id='word_1_769' title='bbox 1024 5381 1120 5442; x_wconf 83' lang='lat' dir='ltr'><strong>blan:</strong></span> <span class='ocrx_word' id='word_1_770' title='bbox 1138 5387 1189 5456; x_wconf 80' lang='lat' dir='ltr'><strong>pus·</strong></span> <span class='ocrx_word' id='word_1_771' title='bbox 1203 5383 1401 5446; x_wconf 72' lang='lat' dir='ltr'><strong>demutant.</strong></span> 
     </span>
     <span class='ocr_line' id='line_1_60' title="bbox 77 5454 301 5516; baseline 0.009 -6"><span class='ocrx_word' id='word_1_772' title='bbox 77 5459 100 5512; x_wconf 81' lang='lat' dir='ltr'><strong>ld</strong></span> <span class='ocrx_word' id='word_1_773' title='bbox 128 5454 212 5516; x_wconf 86' lang='lat' dir='ltr'><strong>Cous.</strong></span> <span class='ocrx_word' id='word_1_774' title='bbox 229 5456 301 5513; x_wconf 77' lang='lat' dir='ltr'><strong>zuei.</strong></span> 
     </span>
    </p>
   </div>
   <div class='ocr_carea' id='block_1_5' title="bbox 149 5552 1568 5638">
    <p class='ocr_par' dir='ltr' id='par_1_5' title="bbox 149 5552 1568 5638">
     <span class='ocr_line' id='line_1_61' title="bbox 149 5552 1568 5638; baseline -0.005 -15"><span class='ocrx_word' id='word_1_775' title='bbox 149 5554 278 5627; x_wconf 81' lang='lat' dir='ltr'><strong>Parnoi..</strong></span> <span class='ocrx_word' id='word_1_776' title='bbox 302 5552 481 5626; x_wconf 79' lang='lat' dir='ltr'><strong>CLXXVIII</strong></span> <span class='ocrx_word' id='word_1_777' title='bbox 1523 5575 1568 5638; x_wconf 60' lang='grc' dir='ltr'><strong>ῃ</strong></span> 
     </span>
    </p>
   </div>
   <div class='ocr_carea' id='block_1_6' title="bbox 0 0 1906 5962">
    <p class='ocr_par' dir='ltr' id='par_1_6' title="bbox 0 0 1906 5962">
     <span class='ocr_line' id='line_1_62' title="bbox 0 0 1906 5962; baseline 0 0"><span class='ocrx_word' id='word_1_778' title='bbox 0 0 1906 5962; x_wconf 95' lang='lat' dir='ltr'><strong> </strong></span> 
     </span>
    </p>
   </div>
  </div>
 </body>
</html>
