3804 5962
136 212 187 266 303
598 206 697 262 PETRI
717 207 905 264 annulum
920 209 997 267 OPP.
1020 209 1107 267 PARS
1127 211 1147 264 l.
1168 237 1202 252 -
1222 207 1411 265 EPlSTOLAE.
1496 254 1502 266 .
1828 210 1880 266 304

133 332 251 388 trahant
280 328 453 399 dominium,
477 344 543 386 curn
569 342 671 400 aspera
686 331 822 388 deberent
840 332 881 389 eis
907 347 982 405 prae·
997 335 1021 389 b
1037 332 1154 390 lactaria
1179 333 1373 404 reliquiarum
1395 338 1548 403 gestemus,
1571 339 1604 389 ut
1633 340 1691 390 tam
1716 334 1881 406 baeequam

134 420 239 484 dicare,
257 419 332 475 leuia
347 419 529 490 promittunt,
549 426 577 475 et
600 420 682 475 nulla
704 422 917 478 examinatione
931 437 980 479 an·
1034 423 1157 479 verbum
1173 423 1222 478 Dei
1236 436 1287 477 seu
1301 422 1387 476 etiarn
1408 420 1555 491 ligmeutia
1576 421 1680 478 diaboli
1701 423 1881 493 simplicibus

134 516 178 566 tea
199 510 330 581 probatos
355 524 427 578 quos
454 506 605 563 indiscrete
636 508 800 578 suscipiunt
818 509 899 567 laoile
914 525 980 582 apo·
1033 519 1061 568 et
1074 512 1167 567 idiotis
1181 511 1343 566 vendamus
1363 509 1541 578 Christianis,
1566 519 1594 566 et
1621 511 1661 566 cis
1678 513 1881 580 promittamus

132 606 270 656 statantcs
292 597 424 668 perdunt.
454 595 581 664 Talibus,
600 605 633 653 nt
653 597 744 661 video,
765 597 979 670 improperabat
1033 614 1216 671 quaecuuque
1230 599 1267 655 ad
1281 598 1495 669 extorquendos
1515 612 1648 655 nummos
1664 601 1800 670 prolicere
1815 616 1881 659 cre-

131 688 253 756 Veritas,
273 687 389 742 dicens:
419 685 499 740 «Van
522 683 604 740 vobis
629 686 680 756 qui
708 686 836 743 circuitis
856 702 935 745 mare
950 703 978 752 et
1032 689 1138 747 dimus.
1163 690 1207 745 En
1223 703 1283 759 qua
1308 687 1424 759 quidem
1445 688 1606 758 impudenti
1621 690 1787 759 cupiditate,
1811 707 1878 763 quas

131 776 253 843 aridam,
270 782 301 831 ut
321 773 431 829 laciatis
463 788 557 830 unum
585 773 770 845 proselytum.
798 774 890 842 Quem
909 790 977 832 cum
1031 791 1085 833 sua
1098 784 1166 834 suut
1178 792 1236 834 non
1251 791 1317 848 quae
1347 777 1414 833 lesu
1429 775 1534 833 Cbristi
1558 785 1716 848 quarente,
1732 788 1878 850 quantum

130 863 263 933 lecerius,
277 861 370 919 lacitis
384 862 467 919 illum
487 861 580 920 lilium
604 863 743 934 gebouuae
777 862 864 934 dupio
886 878 976 934 quam
1027 865 1089 936 jam
1104 866 1173 923 ordo
1191 873 1288 922 noster
1310 874 1337 922 et
1359 865 1419 935 ipsa
1438 865 1529 921 divini
1560 867 1724 936 pradicatio
1741 869 1820 925 verbi
1836 870 1878 927 vi-

128 967 182 1012 vos
211 952 320 1026 (uoltu.
351 966 430 1020 narn,
458 951 501 1023 15)
539 972 553 1002 o
585 950 638 1018 Qui
663 952 787 1022 prolecto
816 952 913 1010 minus
941 953 976 1010 de
1029 955 1146 1018 luerint,
1163 955 1306 1011 nemiuem
1326 954 1388 1026 jam
1407 954 1494 1011 latere
1520 956 1654 1012 arbitror.
1687 957 1802 1015 Hincet
1822 958 1877 1029 ipsi

128 1041 315 1105 multitudiue
335 1040 528 1112 gloriarentur
543 1039 703 1098 sisalutem
732 1040 896 1099 animarum
911 1056 975 1098 ma·
1029 1043 1146 1101 abbates
1166 1041 1212 1101 vel
1231 1045 1282 1114 qui
1316 1043 1440 1115 majores
1461 1044 1490 1098 in
1515 1045 1695 1101 monasteriis
1729 1047 1876 1117 videntur,

129 1133 172 1203 gis
187 1144 276 1202 quam
302 1143 457 1186 numerum
481 1137 653 1200 quaererent,
673 1137 701 1187 et
725 1130 760 1186 de
784 1131 845 1186 suis
864 1129 976 1187 viribus
1029 1133 1193 1204 potentibus
1205 1131 1301 1189 saeculi
1324 1140 1352 1187 ot
1368 1133 1523 1189 mundanis
1535 1133 1624 1189 curiis
1638 1147 1699 1190 sese
1712 1134 1877 1205 importune

128 1219 288 1274 iuratione
311 1217 356 1272 sui
386 1214 534 1286 regiminis
548 1217 692 1273 reddenda
707 1217 804 1274 minus
818 1231 974 1288 praesume·
1028 1219 1201 1293 ingerentes,
1216 1221 1277 1291 jam
1304 1220 1395 1291 magis
1424 1221 1556 1278 carnales
1572 1236 1736 1292 essequam
1752 1226 1877 1281 coenobi·

127 1311 201 1363 rent.
230 1307 338 1363 Paucos
362 1303 602 1376 Dominuselegit
625 1307 778 1379 apostolos,
798 1314 826 1363 et
855 1307 890 1363 de
913 1308 974 1377 ipsa
1028 1317 1064 1366 tae
1092 1309 1264 1365 didicerunt.
1290 1309 1326 1364 Ει
1358 1309 1489 1366 lavoreur
1515 1310 1666 1367 bominum
1697 1327 1877 1384 quacunque

126 1394 330 1453 electionesua
363 1409 440 1451 uuus
467 1395 495 1449 in
524 1400 637 1451 lantum
670 1395 902 1465 apostatavit,ut
921 1410 973 1466 pro
1028 1405 1088 1453 arte
1114 1403 1260 1466 venantes,
1291 1396 1421 1452 erebrius
1443 1412 1510 1453 cum
1539 1399 1704 1455 bominibus
1739 1399 1876 1469 tabulari,

126 1485 188 1555 ipso
213 1485 353 1540 Dominus
375 1483 528 1540 dimretzs
553 1483 693 1555 Nunquid
723 1484 888 1556 [aldonus]
918 1499 972 1557 ego
1027 1500 1116 1556 quam
1138 1500 1203 1541 curn
1234 1487 1292 1542 Deo
1321 1486 1411 1556 loqui,
1448 1496 1671 1544 consueverunt.
1703 1488 1779 1545 Illud
1801 1505 1877 1560 saepe

126 1573 275 1630 duodecim
291 1587 343 1628 vos
357 1571 440 1643 elegi,
455 1580 483 1628 et
498 1587 575 1629 uuus
589 1587 625 1628 ex
655 1573 736 1630 vobis
750 1572 882 1629 diabolus
896 1584 938 1630 est
956 1574 971 1627 ‘t
1028 1573 1135 1632 lrustra
1164 1575 1289 1646 legentes
1307 1582 1395 1646 atque
1418 1576 1604 1648 negligentes,
1632 1577 1676 1633 vel
1702 1579 1851 1636 audientes
1865 1595 1875 1650 ;

126 1662 217 1732 (loon.
251 1677 289 1730 vr,
311 1661 367 1731 71.)
393 1660 471 1717 Sicut
497 1667 593 1717 autem
617 1658 653 1716 de
664 1661 798 1732 apostolis
817 1661 916 1730 ludas,
932 1661 972 1717 sic
1028 1665 1078 1721 sed
1097 1679 1154 1720 non
1170 1663 1359 1721 exaudientes
1389 1665 1465 1735 quod
1484 1665 1585 1722 beatus
1611 1665 1753 1723 Antonius
1775 1668 1874 1724 admo·

124 1750 199 1808 etde
230 1757 338 1821 septem
365 1749 535 1806 diaconibus
554 1749 689 1806 Nicolaus
725 1749 816 1820 periit.
847 1751 972 1807 Etcum
1028 1756 1084 1816 net,
1103 1749 1200 1806 dicens
1224 1751 1296 1818 (Vit.
1316 1752 1406 1818 Patr,
1432 1759 1504 1819 part.
1535 1765 1565 1818 ιι,
1589 1751 1639 1807 lib.
1665 1752 1706 1805 De
1727 1753 1870 1823 quietat:

125 1852 231 1909 paucos
246 1838 343 1895 adbuc
359 1836 479 1909 apostoli
496 1846 728 1910 congregassent,
738 1838 867 1895 Ananias
877 1846 904 1895 et
919 1838 971 1895 Sa·
1028 1857 1042 1887 κ
1062 1838 1141 1896 Sicut
1163 1838 1253 1908 pisces
1275 1839 1297 1894 si
1314 1839 1496 1894 tardaverint
1515 1838 1546 1893 in
1574 1840 1648 1896 sicco
1676 1841 1842 1898 moriuntur
1862 1858 1872 1913 ;

122 1928 208 1998 pbira
227 1942 303 1984 uxor
321 1928 384 1998 ejus
404 1927 504 1984 mortis
527 1931 658 1998 excipere
673 1929 844 1985 seutentiam
859 1942 971 1984 merue·
1027 1927 1067 1983 ita
1087 1935 1115 1984 et
1139 1927 1272 1983 monachi
1295 1928 1443 1983 tardantes
1466 1935 1550 1984 extra
1576 1929 1722 1999 cellulam,
1741 1938 1791 1987 aut
1806 1946 1873 2000 cnm

123 2025 202 2073 runt.
237 2016 310 2086 (Act.
345 2034 373 2084 v,
399 2020 438 2089 5.)
477 2016 588 2088 Quippe
618 2024 645 2073 et
668 2017 704 2072 ab
726 2017 787 2087 ipso
813 2018 970 2074 anteaDo-
1025 2015 1096 2072 viris
1108 2017 1297 2073 saecularibus
1326 2016 1522 2086 immorantes,
1551 2018 1697 2088 aquietis
1730 2021 1872 2113 proposito

121 2108 200 2161 mino
224 2120 290 2162 cum
319 2105 404 2164 multi
424 2105 558 2162 abiissent
579 2105 786 2175 discipulorum
802 2115 971 2177 retrorsum,
1025 2106 1250 2163 resolventur.»
1293 2106 1408 2177 Oportet
1425 2120 1502 2178 ergo,
1523 2107 1597 2164 sieut
1626 2109 1731 2178 piscem
1752 2109 1871 2166 inmari

120 2194 208 2264 pauci
226 2209 293 2251 cum
312 2194 372 2264 ipso
391 2203 593 2251 remanserunt
609 2195 697 2265 (loon.
732 2209 810 2263 ιιιιιι,
827 2196 863 2266 6).
882 2196 970 2252 Arcla
1025 2196 1065 2251 ita
1079 2203 1169 2252 etnos
1199 2196 1234 2251 ad
1258 2193 1359 2253 cellam
1387 2210 1546 2265 recurrere,
1569 2211 1605 2252 ue
1628 2196 1698 2254 lorte
1714 2197 1783 2255 loris
1812 2207 1870 2255 tar·

121 2283 285 2353 quippevia
299 2291 351 2350 est,
364 2297 430 2352 quas
446 2280 524 2339 ducit
539 2283 576 2338 ad
603 2283 702 2352 vitam,
731 2291 759 2339 et
772 2283 856 2353 pauci
872 2284 968 2352 ingre·
1024 2286 1124 2342 dantes
1138 2284 1345 2341 obliviscamur
1370 2285 1515 2342 interioris
1535 2287 1681 2343 custodia.
1712 2286 1794 2354 Quod
1809 2287 1869 2359 ipse

120 2370 242 2428 diuntur
256 2384 305 2440 per
330 2385 404 2427 eam.
430 2371 538 2427 Sicute
557 2372 702 2428 contrario
726 2371 784 2427 lata
802 2379 885 2429 estet
902 2387 967 2442 spa·
1023 2389 1141 2446 quoque
1159 2375 1323 2430 monasticae
1351 2373 1473 2445 scriptor
1496 2375 1624 2447 Regula,
1646 2376 1754 2432 scilicet
1768 2376 1870 2433 beatus

120 2461 201 2530 tiosa,
216 2475 281 2531 quoe
297 2460 376 2517 ducit
391 2461 426 2516 ad
452 2469 591 2532 moricum
620 2469 646 2517 et
669 2461 752 2517 multi
775 2469 843 2518 suut
867 2464 917 2533 qui
938 2477 968 2518 se
1022 2463 1203 2533 benedictus,
1219 2464 1371 2536 diligenter
1386 2464 1548 2532 attendens,
1569 2465 1654 2535 quasi
1674 2465 1704 2520 in
1722 2474 1864 2521 monaste-

118 2549 195 2607 ultro
207 2551 339 2621 ingerant
368 2551 477 2620 (Morti.
494 2566 542 2618 vu,
562 2550 613 2618 11).
630 2549 705 2617 Quia
728 2550 803 2606 sicut
836 2550 895 2620 ipse
915 2551 967 2605 lto·
1021 2553 1072 2608 riis
1093 2553 1222 2609 assiduos
1249 2553 1317 2610 velit
1351 2567 1413 2610 esse
1452 2553 1579 2622 abbates,
1606 2561 1634 2611 et
1667 2568 1754 2624 super
1775 2562 1869 2611 custo·

117 2640 215 2697 miuus
229 2646 351 2696 testatur
366 2638 435 2695 alibi
456 2655 462 2695 :
480 2661 493 2690 ‹
510 2639 593 2696 ldulti
606 2638 712 2705 vocali,
723 2638 810 2709 pauci
827 2653 893 2696 vero
904 2638 964 2695 ele·
1021 2642 1097 2698 diam
1112 2642 1158 2698 sui
1183 2642 1279 2713 gregis
1297 2641 1416 2699 sollicite
1438 2650 1523 2710 stare,
1550 2650 1608 2698 tarn
1631 2642 1762 2711 exemplo
1778 2656 1867 2712 quarn

117 2729 156 2787 eti
175 2729 285 2801 (Molli.
304 2743 351 2796 rm,
377 2729 440 2799 16)..
468 2729 630 2799 »Etjuxta
645 2728 848 2785 Salomonem:
869 2727 967 2785 istut·
1021 2731 1125 2800 scripto
1139 2730 1403 2801 patenteredocuit.
1433 2730 1506 2785 Hinc
1529 2729 1605 2785 enim
1633 2744 1741 2786 cuma
1773 2731 1869 2787 iratri-

116 2817 411 2876 toruminsruilusest
435 2816 724 2889 numerositates,
753 2816 804 2888 lb).
827 2817 966 2874 »Timent
1019 2820 1073 2876 bus
1111 2821 1146 2875 ad
1167 2819 1388 2876 sacratissimam
1416 2832 1541 2875 sororem
1577 2832 1661 2874 suam
1689 2819 1866 2876 visitandam

116 2912 214 2984 itaque
237 2911 371 2984 quisquis
409 2907 443 2962 de
474 2905 660 2963 multitudine
684 2905 791 2976 gaudet
818 2904 1173 2979 subjecto-Cproioctus,
1201 2923 1268 2964 cum
1290 2906 1352 2978 ipsa
1376 2921 1442 2963 eum
1472 2920 1522 2976 pro
1547 2906 1735 2965 aedificatione
1764 2909 1864 2965 saltem

115 3014 192 3070 rum,
209 3017 245 3057 ne
260 3002 289 3056 in
300 2998 431 3068 eisjunta
442 2995 620 3050 bominicam
629 2994 813 3050 assertionem
828 2995 912 3064 pauci
921 3010 964 3052 re·
1019 3006 1101 3053 nocte
1117 3010 1176 3054 una
1202 2996 1288 3053 vellet
1315 2995 1448 3062 retinere,
1468 3003 1563 3065 aperte
1578 2996 1724 3065 protessus
1746 3005 1787 3054 est
1801 3012 1864 3054 ma-

114 3091 265 3160 periantur
280 3088 371 3155 electi,
403 3094 431 3141 et
459 3084 519 3152 ipse
537 3082 721 3138 immoderate
748 3097 862 3154 gregem
876 3099 962 3140 suum
1017 3101 1086 3143 uere
1099 3094 1183 3143 extra
1201 3084 1301 3142 cellam
1318 3083 1486 3141 nullatenus
1511 3099 1540 3141 se
1557 3100 1648 3154 posse.
1666 3086 1725 3142 Neo
1746 3087 1786 3143 ait
1802 3087 1864 3157 qui·

114 3179 312 3249 multiplicans
341 3176 438 3230 minus
452 3171 488 3226 ad
503 3171 662 3228 custodiam
692 3172 754 3242 ejus
769 3172 905 3242 subiciat,
930 3182 962 3230 ut

113 3267 140 3324 ei
159 3275 233 3323 recte
248 3281 264 3321 a
279 3262 456 3336 spiritalibus
476 3261 547 3316 illud
559 3259 758 3330 propheticum
777 3261 832 3316 dici
862 3263 958 3331 possit.

113 3378 128 3406 «
148 3353 344 3425 llultiplicasti
355 3360 545 3424 gentemuou
556 3348 746 3418 magnificasti
757 3347 883 3404 laetitiam
892 3350 960 3421 (lsai

111 3460 154 3515 lx,
171 3446 196 3516 3)
212 3444 294 3501 Tales
306 3443 406 3513 ntique
417 3439 523 3496 scilicet
538 3436 573 3493 de
593 3436 778 3493 multitudine
794 3437 958 3509 gloriantes,

111 3536 182 3592 dum
197 3543 254 3591 tarn
271 3548 322 3604 pro
351 3530 411 3588 suis
426 3543 515 3600 quam
531 3542 651 3584 suorum
667 3526 883 3583 necessitatibus
905 3543 958 3584 soe-

111 3624 177 3695 pius
191 3623 281 3690 exire,
297 3631 385 3693 atque
399 3620 435 3675 ad
448 3617 586 3675 saeclum
605 3615 709 3684 redire,
725 3623 752 3671 et
767 3615 958 3674 mendicando

110 3714 272 3771 discurrere
304 3719 458 3782 coguntur,
488 3705 566 3763 curis
594 3719 624 3761 se
643 3703 841 3775 corporalibus
866 3707 958 3778 magis

1016 3175 1080 3231 dem
1097 3174 1230 3246 (Gnncon.
1258 3173 1307 3229 lib.
1335 3174 1508 3242 indicioq,
1532 3189 1556 3229 c.
1579 3176 1648 3244 abl:
1679 3178 1744 3231 lton·
1761 3190 1859 3246 possu-

1016 3278 1081 3321 mus
1101 3281 1107 3330 ;
1139 3264 1198 3330 sed,
1219 3283 1233 3312 s
1250 3276 1307 3317 non
1322 3276 1455 3334 possum,
1473 3282 1486 3311 »ι
1509 3263 1579 3333 quia
1604 3264 1862 3333 booporeumlra·

1014 3360 1080 3421 tres,
1095 3367 1151 3409 nou
1181 3352 1241 3422 ipse
1266 3358 1368 3421 posset,
1386 3351 1441 3407 nisi
1470 3353 1601 3408 boceta
1630 3353 1761 3419 Domino,
1786 3354 1860 3411 sicut

1014 3441 1196 3512 postmodum
1212 3448 1308 3496 actum
1324 3448 1375 3506 est,
1402 3440 1554 3497 revelante.
1582 3441 1662 3497 Unde
1681 3449 1709 3497 et
1723 3455 1791 3498 oum
1818 3457 1861 3499 re·

1012 3530 1111 3602 gulam
1134 3528 1280 3592 scriberet,
1304 3543 1451 3600 nusquam
1475 3529 1509 3585 de
1533 3529 1656 3597 abbatis,
1684 3530 1733 3586 sed
1755 3531 1860 3588 solum-

1012 3619 1096 3675 modo
1116 3618 1239 3675 lratrum
1255 3632 1375 3689 egressu
1394 3619 1566 3675 meminerit.
1593 3620 1631 3674 lie
1664 3619 1748 3690 cujus
1771 3621 1859 3678 etiam

1011 3707 1178 3765 assiduitate
1194 3709 1233 3764 ita
1246 3714 1330 3765 caute
1351 3707 1485 3778 providit,
1502 3717 1534 3765 nt
1561 3708 1712 3780 invigiliis
1733 3709 1857 3766 domiui·

1009 3812 1109 3854 corum
1130 3806 1157 3854 et
1177 3798 1314 3854 leslorum
1337 3797 1450 3855 dierum
1473 3797 1669 3869 evangelicam
1691 3798 1851 3869 lectionem,

110 3819 199 3876 quam
222 3800 424 3874 spiritualibus
456 3796 612 3866 implicant,
651 3803 679 3851 et
713 3794 864 3851 infamiam
901 3796 956 3853 sibi

1009 3893 1113 3956 etquae
1138 3884 1178 3942 illi
1198 3885 1337 3957 adiuncta
1358 3894 1436 3955 sunt,
1468 3887 1583 3943 nonnisi
1611 3887 1646 3943 ab
1663 3886 1767 3944 abbate
1782 3903 1857 3959 prse-

109 3893 200 3966 magis
228 3905 318 3963 quarn
357 3887 478 3961 gloriam
511 3885 679 3956 acquirunt.
718 3882 799 3951 Quod
837 3885 955 3956 quidem

108 3985 139 4041 in
159 3981 274 4040 feminis
295 3985 373 4037 tauto
406 3976 549 4047 magisest
577 3973 820 4040 erubescendum,
845 3983 955 4045 quanto
1009 3973 1177 4046 cipiatdici.
1197 3976 1249 4039 Qui
1277 3974 1362 4031 etiam
1379 3974 1541 4044 instituens,
1570 3984 1601 4032 ut
1631 3990 1730 4032 mensa
1744 3977 1857 4034 abbatis

106 4088 154 4132 eas
174 4069 380 4144 permundum
409 4066 570 4122 discurrere
592 4062 690 4119 miuus
705 4062 819 4120 videtur
847 4071 952 4120 tutum.
1009 4077 1075 4120 cusu
1099 4063 1259 4134 peregrinis
1285 4071 1312 4119 et
1334 4063 1495 4133 bospitibus
1518 4064 1555 4121 sit
1589 4079 1711 4135 semper,
1734 4073 1762 4122 et
1789 4082 1856 4138 quo

107 4160 244 4231 Quisquis
263 4158 354 4229 igitur
377 4154 472 4225 quiete
487 4151 532 4208 vel
560 4153 677 4208 honeste
697 4152 776 4222 cupit
799 4152 908 4222 vivere,
925 4160 953 4209 et
1009 4152 1060 4209 ties
1074 4153 1169 4208 minus
1184 4160 1252 4209 sunt
1267 4151 1393 4222 hospites
1407 4167 1472 4208 curn
1502 4168 1547 4222 eo,
1576 4169 1649 4224 quos
1675 4153 1800 4211 voluerit
1820 4155 1854 4211 de

105 4251 206 4307 olliciis
231 4259 335 4305 vacare
358 4240 473 4310 divinis,
496 4248 523 4297 et
549 4249 607 4297 tam
637 4242 694 4296 Deo
725 4255 814 4311 quarn
846 4213 1146 4298 seculo⁰lrauibus
1175 4255 1287 4309 vocare,
1314 4240 1427 4297 scuiore
1456 4256 1514 4298 uno
1535 4250 1648 4299 tantum
1667 4250 1719 4300 aut
1739 4244 1853 4301 duobus

104 4339 211 4396 charus
239 4333 349 4403 baberi,
373 4332 470 4389 timeat
494 4344 652 4402 aggregare
679 4344 753 4400 quos
779 4345 837 4385 nou
862 4329 951 4401 possit
1006 4328 1132 4386 dimissis
1144 4344 1210 4387 curn
1227 4329 1364 4386 iratribus
1380 4345 1388 4401 3
1406 4338 1535 4401 patenter
1557 4331 1684 4388 insinuat
1698 4346 1853 4403 nunquam

104 4439 272 4499 procurare,
290 4439 342 4480 nco
367 4423 396 4478 in
410 4422 545 4491 expensis
559 4419 620 4476 suis
637 4419 671 4474 de
704 4417 805 4475 alienis
826 4419 950 4475 confidat

103 4516 257 4588 marsupiis
280 4532 288 4583 3
319 4527 372 4570 nec
396 4509 582 4580 eleemosynis
611 4507 749 4579 petendis,
769 4507 818 4564 sed
846 4508 949 4564 dandis

101 4607 241 4680 invigilet.
267 4602 418 4675 Apostolus
435 4599 482 4656 illa
501 4612 625 4668 magnus
648 4595 798 4667 Evangelii
814 4597 949 4667 pradica-

101 4708 156 4768 tor,
174 4706 201 4755 et
213 4697 324 4753 babens
339 4696 506 4764 potestatem
530 4687 564 4742 de
579 4686 733 4756 Evangelio
749 4694 882 4756 sumptus
897 4701 948 4744 ac-

99 4789 203 4861 cipere,
220 4786 332 4843 laborat
358 4779 519 4849 manibus3
546 4791 582 4832 ne
605 4790 679 4846 quos
698 4789 821 4847 gravare
837 4777 947 4843 ,videa-

100 4887 159 4944 tur,
174 4885 202 4933 et
225 4876 346 4947 gloriam
361 4885 444 4929 suam
458 4874 588 4925 evacuet.
606 4865 615 4938 (
630 4866 644 4920 l
662 4865 766 4920 Tlosss.
784 4881 828 4938 n;
855 4865 871 4920 1
884 4867 943 4923 Gor.

97 4966 145 5042 lu.)
160 4964 217 5023 Nos
232 4979 309 5037 ergo.
327 4974 453 5034 quorum
471 4971 529 5015 non
549 4960 593 5013 est
612 4955 778 5026 praedicare,
805 4956 854 5012 sed
881 4969 943 5026 pec-

97 5063 161 5113 cata
179 5056 325 5125 plangere,
347 5065 406 5122 qua
420 5047 579 5106 temeritate
599 5045 643 5104 vel
666 5044 846 5116 impudentia
860 5060 944 5102 men-

95 5143 395 5218 dicantssquaerimus
412 5141 426 5196 ‘l
446 5139 526 5198 Unde
549 5138 612 5205 boo,
640 5149 713 5207 quos
737 5134 943 5192 inconsiderate

95 5248 316 5308 congregamus,
328 5237 489 5286 sustentare
504 5225 676 5299 possumus‘l
690 5224 744 5293 Qui
760 5224 847 5281 etiam
866 5237 941 5294 saepe

1005 4419 1035 4475 in
1065 4426 1192 4489 tempore
1227 4433 1333 4475 meuses
1370 4419 1503 4477 abbatem
1537 4422 1709 4477 monasterio
1748 4421 1852 4479 debere

1004 4508 1111 4575 deesse,
1127 4515 1154 4564 et
1170 4508 1243 4564 sicut
1259 4507 1387 4563 delicatis
1412 4508 1573 4579 principum
1585 4508 1701 4565 ierculis
1725 4510 1788 4581 jam
1803 4525 1851 4567 as-

1003 4605 1102 4654 suctus
1113 4596 1255 4653 cibarium
1279 4610 1381 4666 panem
1415 4598 1579 4655 monasterii
1605 4598 1741 4670 subjectis
1773 4599 1852 4656 dere·

1001 4686 1126 4757 linquat,
1150 4685 1183 4741 de
1206 4683 1343 4755 qualibus
1375 4684 1492 4756 quidem
1521 4685 1655 4744 Veritas:
1679 4708 1694 4737 κ
1711 4686 1848 4759 alligant,

1001 4775 1096 4847 inquit
1111 4788 1198 4832 onera
1224 4774 1335 4846 gravia,
1351 4782 1378 4831 et
1406 4775 1611 4846 importabilia,
1636 4784 1663 4832 et
1692 4775 1849 4848 imponunt

1000 4862 1030 4919 in
1045 4862 1181 4919 bumeros
1196 4861 1348 4918 hominum
1374 4861 1486 4935 :digito
1505 4872 1601 4920 autem
1625 4878 1678 4921 suo
1693 4865 1796 4922 nolunt
1814 4879 1848 4921 ea

999 4965 1114 5009 movere
1130 4950 1239 5025 (111111.
1254 4966 1333 5020 ιιιιιιι,
1349 4951 1389 5023 1).
1414 4973 1425 5002 ι
1444 4953 1478 5010 lit
1492 4952 1560 5008 alibi
1584 4952 1619 5009 dc
1634 4953 1712 5010 lalsis
1741 4953 1846 5025 prsedi-

998 5041 1159 5099 catoribus:
1176 5062 1191 5092 «
1203 5040 1375 5098 Attenditea
1391 5040 1469 5099 salsis
1491 5041 1636 5113 prophetis
1652 5043 1703 5114 qui
1723 5043 1846 5101 veniunt

997 5131 1033 5187 ad
1048 5146 1099 5188 vos
1113 5129 1221 5202 (blattis.
1246 5145 1297 5198 vr„
1315 5129 1369 5202 iti).
1400 5151 1411 5181 ι
1443 5131 1577 5198 Veniunt,
1603 5131 1707 5203 inquit,
1737 5147 1787 5203 per
1815 5150 1845 5192 se

996 5233 1054 5277 non
1077 5233 1093 5275 a
1116 5219 1173 5276 Deo
1200 5218 1289 5288 missi,
1307 5218 1350 5276 vel
1367 5227 1562 5290 exspectantes
1588 5227 1620 5276 ut
1639 5235 1690 5291 pro
1708 5221 1749 5278 eis
1765 5237 1845 5280 man-

93 5325 124 5382 in
139 5332 248 5381 tautam
260 5319 475 5391 prorumpimus
484 5317 640 5383 insaniam,
657 5324 687 5372 ut
702 5328 769 5372 cum
785 5312 941 5384 praedicare
994 5309 1088 5366 detur.
1104 5308 1227 5365 loannes
1246 5309 1374 5380 Baptista
1401 5308 1536 5378 princeps
1553 5316 1659 5378 noster,
1685 5310 1731 5367 oui
1747 5314 1842 5381 ponti·

93 5412 265 5479 nesciamus,
294 5406 494 5480 predicatores
534 5406 731 5464 conducamus
760 5410 787 5460 et
817 5402 940 5474 pseudo·
994 5399 1097 5456 boatus
1120 5398 1286 5456 baersditate
1304 5397 1430 5465 cedebat,
1460 5397 1545 5454 semel
1560 5399 1597 5456 ab
1630 5400 1702 5457 urbo
1725 5402 1843 5461 recessit

92 5502 235 5576 apostolos
251 5496 404 5559 uobiscum
423 5493 675 5566 circumducendo,
700 5505 800 5552 cruces
822 5497 851 5551 st
864 5491 940 5565 phy·
994 5489 1031 5547 ad
1055 5501 1189 5558 eremun,
1213 5484 1426 5578 pontificatum
1439 5485 1547 5546 scillcet
1577 5501 1630 5560 pro
1648 5487 1839 5568 monachatu,
