3736 5962
504 134 740 196 mmbuuutto
759 135 807 191 nb
825 127 1064 192 Tbnobbutatt.
1081 163 1114 174 -
1129 133 1196 190 bib.
1216 131 1264 191 lb.
1495 180 1502 192 .
1688 139 1757 196 tuti

93 284 131 324 im
152 269 292 335 creatura,
317 266 467 321 uoluntatis
490 264 680 334 omnipotentia
706 259 857 331 impeditur
870 255 897 314 b
912 270 977 313 mus
1004 257 1097 314 multa
1137 257 1257 315 tortasse
1299 256 1565 316 ineenrenientium
1597 260 1759 320 anxietates

93 374 127 415 us.
156 356 235 413 Idem
250 355 280 411 in
302 354 375 411 libro
405 355 444 410 be
472 352 578 423 spiritu
602 360 631 409 et
657 351 753 408 littera
773 349 858 406 :bon
913 346 1102 404 incurremus.
1124 346 1153 404 Si
1173 347 1251 404 enim
1273 360 1416 418 ponamus
1436 354 1470 405 ut
1496 347 1583 419 ptura
1609 350 1656 407 vel
1687 363 1758 423 pau·

93 452 97 500 t
125 447 214 512 secere
228 445 345 514 injusto,
366 445 434 509 quio
452 447 492 497 est
514 441 742 510 summotustitiu
764 440 791 491 et
809 435 858 491 bo·
911 437 991 493 oiora
1016 435 1110 493 iacere
1125 437 1223 507 possit,
1250 435 1346 494 veleb
1375 436 1421 492 bis
1449 451 1516 509 qum
1540 437 1610 495 lauit
1635 453 1758 510 cessare,

117 534 291 602 Omnipotens
315 546 377 586 uero
404 535 454 593 est,
483 545 538 584 non
560 530 635 596 quod
657 529 749 598 possit
766 526 859 581 omnic
912 526 1038 596 protecto
1067 527 1192 582 muitum
1221 540 1342 582 summm
1378 525 1442 597 ejus
1469 525 1592 584 bonitati
1606 529 1758 601 derogabi-

93 639 108 688 ι,
140 622 188 677 sed
203 624 373 691 quiepotest
400 619 506 688 ettleere
520 616 659 684 quidquid
682 616 754 682 uult,
772 617 859 669 iteut
913 629 990 671 mus.
1019 614 1136 671 Constat
1160 613 1268 684 quippe
1295 627 1359 670 eam
1389 628 1446 671 non
1474 613 1531 669 nisi
1559 614 1637 671 bona
1667 616 1761 674 iacere

93 713 158 766 alent
181 714 307 765 resistere
328 709 388 777 ejus
416 706 562 774 uoluntati,
596 709 664 776 quin
681 704 857 774 compleatur,
913 717 1011 774 posse;
1024 702 1048 759 si
1063 711 1161 759 antem
1175 703 1261 772 bona,
1276 717 1343 760 eum
1368 703 1466 774 possit,
1481 718 1539 760 non
1553 702 1651 772 laniat,
1677 712 1705 762 et
1719 703 1756 762 ab

93 797 244 866 liquomedo
254 796 390 866 impedire
404 812 473 851 eom.
488 796 613 852 loannes
637 794 860 865 Chrysostomus
913 793 1062 864 aliquibus
1072 807 1138 864 qum
1152 792 1284 850 iacienda
1297 800 1391 850 essent
1407 807 1437 849 se
1451 793 1591 860 retrahat,
1608 793 1675 864 quis
1692 807 1761 851 eum

93 888 130 944 tia
152 889 195 953 28,
223 886 257 942 de
272 884 448 952 expositione
472 883 608 955 symboli,
636 897 703 954 qua
718 883 759 939 sio
788 880 859 936 inei·
914 889 1053 953 tanquam
1068 881 1205 938 emulum
1216 881 1260 938 vel
1276 881 1412 953 iniquum
1425 880 1625 954 nonargnat?
1641 881 1762 939 Prmser·

105 978 194 1047 Super
231 974 367 1042 februum
395 974 478 1028 totius
496 971 646 1028 messia:
675 991 687 1021 ι
722 969 809 1025 Credo
829 971 860 1023 in
912 971 965 1026 tim
997 983 1063 1025 eum
1091 969 1191 1026 nuilus
1218 983 1285 1026 eum
1311 969 1392 1028 labor
1415 969 1445 1026 in
1475 970 1606 1028 iaciendo
1650 969 1761 1041 aliquid

93 1104 95 1115 ,
122 1067 233 1120 Putrem
253 1065 474 1131 omnipotentem.
505 1081 520 1110 ι»
546 1061 720 1130 Ornnipotens
745 1058 857 1126 dicitter,
913 1066 1025 1130 gravet,
1050 1060 1136 1129 cujus
1163 1071 1246 1130 toque
1265 1059 1363 1115 omnia
1390 1058 1533 1116 voluntati
1564 1067 1634 1116 sunt
1659 1057 1762 1130 subis-

96 1168 176 1224 posse
200 1152 275 1207 itlius
298 1166 353 1206 non
378 1154 467 1220 potest
489 1150 610 1205 inueniri
634 1163 688 1204 non
700 1162 788 1218 posse,
816 1146 859 1201 eti·
913 1156 969 1215 ota,
995 1146 1154 1204 seeundum
1181 1146 1259 1217 quod
1283 1146 1422 1217 seriptum
1437 1154 1501 1204 est:
1525 1149 1605 1203 Dicit
1630 1153 1656 1203 ct
1683 1148 1762 1215 teoto

99 1242 236 1312 Propheta
264 1259 299 1294 :i
321 1240 420 1295 Omnis
456 1253 621 1306 quacunque
662 1237 748 1292 uoluit
793 1237 861 1304 {aab
913 1239 996 1292 sunt:
1024 1235 1166 1291 mandauit
1185 1241 1317 1291 cimento
1335 1241 1399 1291 sunt
1416 1236 1501 1306 (Prot.
1518 1250 1610 1306 mut,
1635 1238 1674 1311 6).
1691 1237 1764 1294 bino

92 1345 196 1394 .cxrn,
214 1329 252 1400 3).
278 1349 292 1378 »
323 1329 383 1398 lpse
409 1334 452 1384 est
482 1341 551 1398 ergo
580 1323 798 1395 omnipotentia,
827 1329 861 1380 ut
913 1334 956 1383 est
992 1325 1042 1382 illa
1083 1323 1209 1382 Platonis
1254 1324 1405 1382 verissima
1431 1324 1527 1393 ratio,
1559 1341 1620 1399 qua
1651 1325 1761 1384 scilieet

92 1419 201 1491 equod
232 1416 304 1485 vult,
327 1416 424 1487 possit,
444 1415 563 1471 undeet
582 1413 757 1483 Apostolus:
777 1432 789 1462 ι
806 1413 858 1470 Vo·
915 1413 1120 1483 probatbeum
1135 1413 1303 1471 nullatenus
1318 1415 1460 1472 mundum
1479 1414 1624 1473 meliorem
1634 1415 1762 1486 potuisse
1805 1464 1809 1470 .

92 1512 115 1564 ti
135 1510 193 1578 ejus
215 1507 276 1576 quis
300 1509 408 1560 resistet
434 1501 477 1559 t»
494 1502 580 1574 (bom
602 1516 643 1570 rx,
660 1501 716 1573 ιι.)
731 1503 767 1558 bt
780 1500 860 1556 Psot—
913 1501 1107 1573 superaquam
1121 1502 1220 1559 lecerit
1234 1517 1242 1572 3
1258 1502 1300 1559 sie
1317 1504 1425 1575 quippe
1454 1504 1483 1561 in
1499 1504 1605 1562 Timaeo
1620 1519 1674 1562 suo
1696 1504 1761 1562 ait:

92 1614 116 1652 t:
135 1618 146 1646 ι
164 1595 334 1665 Quacumque
365 1594 452 1648 votuit
469 1594 545 1661 tecit.
563 1591 643 1647 »Sed
665 1596 690 1645 et
718 1603 778 1644 cum
792 1588 897 1664 silbin
915 1591 1079 1659 Dicendum,
1095 1590 1201 1662 inquit,
1214 1592 1610 1665 currenditortubricutorque
1629 1596 1763 1664 penitusue

120 1685 285 1755 Apostolus:
314 1704 325 1732 ι
353 1685 420 1736 beus
435 1680 494 1736 uult
512 1694 602 1735 omnes
617 1678 706 1734 salom
734 1680 805 1748 timi,
835 1682 861 1732 et
915 1693 992 1734 omne
1006 1679 1054 1734 boc
1074 1678 1273 1734 instituendum
1291 1684 1441 1750 putauerit.
1470 1680 1595 1750 Optimus
1621 1686 1690 1737 erut.
1717 1679 1763 1736 Ab

92 1789 148 1829 nem
160 1776 251 1843 perire
266 1772 292 1843 (l
315 1773 384 1826 blm.
409 1785 440 1838 ιι,
455 1770 494 1838 ι),
514 1788 528 1817 ι
549 1769 637 1838 juata
651 1767 724 1822 illud
751 1765 862 1833 quidem
914 1769 1109 1839 optimoporro
1123 1766 1233 1822 inuidia
1246 1768 1325 1836 lonpe
1337 1768 1459 1837 reteqoto
1474 1773 1521 1834 est,
1547 1773 1642 1839 itaque
1670 1782 1762 1824 conse·

92 1861 154 1916 ieta
170 1877 204 1916 z«
227 1861 294 1918 Nolo
318 1865 430 1915 mortem
455 1855 685 1927 perceceperat
715 1858 805 1924 meeis
830 1858 862 1911 ut
915 1859 1028 1925 quanter
1065 1855 1110 1908 sui
1134 1855 1237 1909 similia
1264 1860 1374 1920 iunctm
1393 1863 1478 1927 prout
1500 1859 1635 1929 cujusque
1660 1864 1763 1914 notius

92 1946 431 2019 rtoturetoc'ont(baecb.
453 1958 536 2011 xviii,
558 1945 628 2016 3ι);
657 1965 671 1995 »
700 1947 737 2000 nt
757 1959 808 2015 per
820 1959 860 2000 se·
916 1959 1006 2013 copam
1031 1942 1209 1997 teotbudinis
1224 1958 1280 1999 esse
1300 1949 1433 2015 potuerit,
1450 1948 1525 2018 estlee‘
1546 1948 1643 2003 uoluit.
1669 1945 1763 2016 Quam

92 2053 158 2093 esem
193 2038 299 2092 Veritas
323 2037 467 2090 obstinata
487 2040 512 2088 et
538 2032 702 2088 damnanda
721 2033 798 2087 dicut
824 2033 862 2086 ci·
915 2031 1034 2104 quidem
1058 2029 1238 2087 voluntatem
1267 2032 1318 2088 Dei
1347 2034 1489 2106 originem
1514 2049 1613 2093 rerum
1639 2036 1763 2094 certissi-

92 2131 145 2182 ;;«
173 2125 280 2191 Quoties
303 2124 378 2178 votui
402 2137 566 2191 eompreqore
588 2123 659 2192 tilios
679 2125 752 2189 tuos,
780 2121 863 2192 quasi
917 2134 993 2176 mam
1019 2118 1045 2175 si
1067 2119 1133 2190 quis
1148 2127 1247 2190 ponat,
1277 2128 1352 2178 reete
1371 2137 1438 2179 sum
1455 2132 1558 2195 putare
1576 2124 1763 2184 consentiam.

92 2231 120 2270 m
145 2216 236 2284 pullos
255 2228 330 2282 suos,
353 2220 407 2268 etc.
424 2212 581 2283 (buc.x1n,
601 2210 646 2282 34)
660 2225 669 2281 ;
684 2230 698 2263 a
714 2217 791 2281 patet
805 2211 862 2266 ita·
917 2208 1022 2268 Veiens
1044 2207 1187 2278 siquidem
1208 2208 1285 2265 bsus
1298 2209 1375 2266 bona
1387 2211 1504 2281 quidem
1531 2214 1645 2273 omnia*
1662 2229 1765 2288 prors-

91 2305 192 2361 iivinae
223 2302 381 2358 voluntatis
413 2300 589 2357 vocabulum
616 2299 732 2355 duobus
771 2298 864 2357 medis
917 2298 988 2366 nire,
1004 2294 1074 2352 mali
1090 2309 1174 2366 porro
1193 2297 1415 2369 nuliius,prout
1432 2315 1617 2375 eorumquae
1640 2319 1765 2363 namuu-

95 2392 282 2448 sumendum.
299 2390 438 2460 Alioquin
467 2403 534 2445 oum
550 2389 627 2444 bens
653 2387 752 2444 omnia
783 2398 861 2458 qum
919 2392 1080 2444 turnatura
1095 2384 1287 2456 tereretque
1303 2388 1501 2461 propaginem.
1523 2392 1559 2448 Et
1573 2391 1764 2465 basoquidum

98 2494 133 2536 ue
157 2480 248 2535 voluit
274 2476 373 2544 iaciat,
401 2486 544 2534 etomnss
571 2476 667 2532 salves
693 2475 754 2532 beri
784 2472 862 2544 velit,
918 2475 1049 2531 Platonis
1063 2473 1152 2529 rerba
1170 2471 1256 2544 plane
1271 2475 1405 2532 omniaa
1433 2478 1489 2536 boo
1517 2487 1576 2538 tam
1599 2482 1675 2539 bona
1704 2482 1766 2541 bert

91 2583 152 2625 nur
167 2568 266 2639 utique
289 2566 416 2637 profiteri
436 2578 536 2621 omnes
556 2563 734 2635 quandoque
749 2564 862 2619 salvan·
917 2563 1066 2634 perbibere
1080 2561 1227 2629 videntur,
1244 2572 1390 2634 quantum
1407 2566 1469 2623 beri
1484 2568 1562 2626 bona
1575 2579 1706 2641 possunt,
1718 2570 1767 2629 vel

91 2672 152 2714 isse.
181 2657 257 2713 Velle
272 2657 369 2726 itaque
391 2656 468 2711 bens
483 2654 599 2710 duobus
627 2653 720 2708 modis
744 2651 863 2720 dicitur,
917 2660 1061 2725 quantum
1076 2651 1134 2720 ipse
1151 2663 1185 2706 ea
1198 2651 1274 2707 bona
1290 2652 1382 2709 lacere
1399 2658 1499 2724 potest.
1519 2656 1610 2722 Quam
1626 2660 1714 2716 etiam
1723 2673 1768 2717 ra·

91 2746 251 2804 seeundum
267 2746 376 2800 seilicet
400 2743 588 2814 providentia
616 2756 677 2798 suae
708 2741 865 2799 ordinatio·
920 2740 1027 2796 tionem
1040 2739 1765 2819 sanetiseoutividentnr,eumbeumPatrempro·

91 2836 269 2901 ‚meandum
288 2834 366 2905 quod
377 2833 486 2889 scilieet
502 2830 614 2902 aliquid
646 2830 772 2900 disponit
786 2829 864 2900 apud
920 2829 1022 2886 barent
1037 2827 1142 2884 Filium
1156 2835 1216 2884 tam
1229 2828 1338 2886 bonum
1354 2832 1652 2905 genuissequamum
1663 2837 1768 2906 potuit,

91 2923 249 2978 :deliberat
264 2922 425 2990 statuitque
451 2921 481 2974 in
500 2932 555 2974 sua
570 2916 760 2988 providentia,
778 2922 811 2972 ut
824 2915 866 2971 sio
881 2891 903 2949 (ἶ
921 2927 953 2975 ut
967 2917 993 2975 ei
1018 2917 1140 2989 equalis
1155 2926 1237 2975 esset.
1254 2918 1335 2975 Unde
1360 2921 1545 2994 Augustinus
1571 2926 1769 2994 Quaestionum

92 3012 201 3067 nodum
227 3009 380 3078 compleat,
396 3017 448 3065 aut
460 3007 621 3064 seeundum
637 3005 750 3062 consilii
764 3004 867 3061 adbor·
920 3021 1041 3072 nxxxm,
1056 3019 1119 3077 eap.
1132 3008 1165 3062 63
1186 3009 1288 3073 beas,
1303 3008 1411 3080 inquit,
1427 3016 1621 3086 qucmqenuit,
1637 3018 1768 3085 queniam

91 3115 156 3158 nem
185 3101 230 3156 vel
275 3096 511 3169 approbationem
538 3111 599 3167 qua
625 3106 867 3165 unumquemque
920 3098 1420 3168 melioremsepenercrenonpotuit.
1451 3101 1584 3160 Nilenim
1598 3107 1764 3161 premetter

92 3205 125 3245 oo
138 3189 281 3255 admonet,
298 3187 376 3258 quod
404 3199 454 3256 per
481 3186 606 3257 gratiam
621 3197 705 3241 suam
729 3197 867 3240 remune-
922 3186 1017 3244 debuit
1028 3186 1210 3255 equalemsi
1223 3187 1296 3241 enim
1309 3189 1408 3257 uoluit,
1421 3195 1448 3246 et
1461 3207 1516 3247 non
1525 3197 1631 3263 potuit,
1640 3196 1768 3266 tntlmnus

98 3285 217 3350 paratus
232 3283 315 3333 esset.
332 3276 368 3332 Et
398 3277 485 3346 juxta
510 3275 636 3344 priorem
651 3273 773 3345 quidem
801 3286 867 3328 mo·
922 3280 979 3344 est;
995 3276 1442 3345 sipotuitetnetuit,ineidusest.
1457 3281 1563 3339 Adboe
1579 3289 1608 3340 ot
1623 3284 1770 3355 ittudper·

95 3382 175 3439 ,quo
196 3367 273 3422 Deus
285 3366 357 3422 veile
372 3364 451 3420 aliud
468 3363 586 3430 dieitur,
603 3362 657 3418 boo
670 3370 713 3418 est
737 3374 775 3417 ex
801 3374 866 3433 gra·
922 3364 994 3421 tinst
1007 3363 1446 3437 Nieaenieonoibiquodsioutin
1461 3371 1554 3439 prime
1569 3370 1643 3429 libro
1656 3371 1770 3442 praetati

92 3456 284 3521 merdinum,
304 3452 480 3525 atqueapud
495 3467 526 3508 se
540 3459 666 3508 statuere
683 3457 715 3506 ut
729 3450 800 3507 bant
815 3448 868 3505 ali·
922 3464 1035 3521 sumus,
1066 3452 1168 3509 beatus
1193 3463 1397 3511 commemorat
1424 3457 1617 3531 Hieronymus
1646 3460 1769 3518 dicens:

90 3554 233 3612 ,tamnes
253 3557 342 3615 quam
358 3541 503 3612 apostolos
518 3541 547 3596 in
564 3539 608 3596 bis
624 3553 690 3610 qum
715 3538 776 3595 beri
796 3538 869 3607 vult,
922 3537 1003 3594 Absit
1032 3554 1094 3607 erpo
1112 3542 1143 3594 in
1171 3540 1241 3595 ilitio
1264 3543 1315 3596 bei
1341 3543 1421 3598 aliud
1436 3544 1501 3613 ptus
1527 3548 1713 3603 minasoeout
1739 3545 1771 3603 c'n

90 3635 139 3706 jus
159 3632 305 3692 voluntati
333 3632 466 3687 resistere
487 3643 568 3701 posse
583 3629 716 3696 dicimus,
740 3641 793 3684 neo
805 3639 869 3684 eam
924 3628 990 3697 loeo,
1012 3632 1063 3684 out
1086 3631 1115 3683 in
1129 3633 1260 3699 tempore,
1280 3635 1330 3684 out
1348 3633 1379 3686 in
1400 3635 1534 3702 potentio,
1558 3640 1608 3690 out
1634 3638 1665 3690 in
1684 3638 1770 3692 scien·

90 3738 126 3781 uo
141 3723 274 3795 impediri
293 3736 373 3789 casu,
388 3721 436 3776 oui
450 3720 549 3776 omnia
578 3732 691 3775 neeesse
717 3717 753 3774 sit
771 3717 870 3774 ebedi-
924 3720 976 3786 tio,
992 3722 1041 3771 cut
1059 3720 1090 3772 in
1104 3717 1271 3787 equalitate,
1288 3723 1336 3774 out
1347 3723 1376 3775 in
1388 3721 1564 3791 subjectione,
1579 3740 1640 3779 cum
1667 3725 1772 3782 dicitur

95 3813 260 3870 &cundum
288 3818 384 3867 autem
415 3810 600 3879 posteriorem
627 3807 748 3864 modum
779 3806 872 3862 multa
925 3805 1128 3862 bocutdcitoti
1154 3810 1223 3876 ejus,
1249 3822 1302 3863 non
1331 3808 1410 3864 corni
1428 3812 1676 3869 ascribanturtsi
1699 3815 1771 3870 enim

90 3917 130 3960 ur
153 3902 226 3958 veile
265 3900 326 3956 beri
352 3911 485 3970 quaenon
514 3896 598 3964 bunt,
631 3896 687 3953 boc
709 3902 752 3951 est
780 3895 872 3951 multa
923 3898 988 3967 plus
1003 3898 1126 3951 minusue
1147 3894 1225 3950 eliud
1244 3897 1391 3967 inuenitur,
1418 3901 1592 3970 smeeptoboe
1620 3902 1694 3973 qnod
1721 3917 1769 3973 pe·

90 3993 171 4049 ertari
191 4004 256 4062 qum
274 3997 386 4046 eertum
405 3995 447 4044 est
475 4000 512 4043 en
536 3984 631 4057 gratia
650 3986 714 4057 ejus
738 3997 871 4041 remuna-
926 3990 989 4040 nuit
1012 3988 1096 4042 Peter
1117 3986 1230 4053 Filium,
1254 3990 1280 4042 et
1307 3994 1418 4058 eccepto
1445 3989 1519 4060 qued
1545 3993 1633 4048 ιιιιιιιι
1657 4009 1712 4050 non
1739 4007 1774 4049 aa

98 4080 248 4146 siderent,
269 4077 469 4149 quaminime
494 4076 578 4132 bunt.
612 4074 779 4146 sicqmppe
806 4073 872 4130 uni·
928 4078 1069 4144 semetipso
1094 4080 1178 4130 natue
1202 4080 1251 4144 est,
1285 4076 1551 4145 scddePotrecut
1576 4081 1701 4138 invidens
1725 4086 1775 4137 aut

90 4184 131 4226 ue
161 4169 271 4226 bomini
299 4166 423 4223 consulit
447 4164 481 4221 de
503 4164 671 4232 salutesua‚
694 4171 721 4221 et
736 4163 772 4219 ad
799 4143 912 4220 banefl
928 4167 1061 4234 impotens
1084 4165 1174 4229 Peter,
1201 4166 1314 4235 insuper
1335 4167 1418 4221 etiam
1432 4168 1590 4238 temperetis
1604 4173 1772 4239 cpncscltur.

117 4259 260 4325 bortatur,
290 4270 358 4312 eum
386 4255 522 4312 obediant
550 4252 645 4324 pauci.
676 4251 747 4311 Vult
773 4251 872 4323 itaque
928 4254 1096 4325 Haertaque
1109 4253 1221 4311 ratione
1235 4267 1295 4325 qua
1310 4255 1494 4314 eontinentur
1512 4271 1582 4330 qura
1595 4259 1673 4316 bens
1687 4260 1772 4318 Pater

90 4363 102 4405 s
130 4354 306 4419 peccatorem
342 4343 481 4411 converti,
509 4343 580 4413 quia
611 4342 638 4399 ei
681 4341 711 4397 id
739 4341 874 4408 consulit,
928 4350 987 4399 tam
1000 4342 1109 4399 bonnm
1124 4349 1266 4415 genuerat
1294 4343 1398 4402 Filium
1413 4356 1558 4417 quantum
1585 4347 1690 4420 poluit,
1706 4363 1774 4406 cum

90 4438 191 4494 desset
206 4437 331 4506 benigne
346 4441 598 4497 remuneraturus,
628 4430 875 4503 quemadmodum
929 4432 1062 4490 videlieet
1081 4431 1164 4489 aliter
1178 4446 1246 4488 reus
1260 4442 1333 4490 esset
1353 4435 1479 4502 invidia,
1490 4437 1602 4493 uiarum
1617 4444 1661 4494 est
1677 4437 1777 4495 omnia

89 4536 185 4583 ratum
204 4522 310 4582 dieitur
323 4523 354 4578 in
369 4536 428 4593 quo
442 4523 506 4592 etus
528 4522 651 4592 gratiam
667 4519 817 4591 experturi
831 4533 874 4577 ss-
929 4535 996 4592 quas
1015 4521 1093 4588 lacit,
1122 4530 1267 4592 quantum
1293 4530 1385 4593 potest
1407 4525 1526 4597 egregia
1539 4526 1632 4583 laoere
1648 4541 1701 4583 nou
1723 4526 1776 4583 ul·

90 4630 134 4685 us,
150 4616 255 4672 sieute
276 4612 420 4669 contrario
444 4610 518 4667 nobe
534 4610 584 4666 iba
612 4607 717 4667 dieitm
731 4621 798 4681 quaa
820 4608 876 4665 dis-
930 4610 991 4668 ium
1013 4610 1196 4666 commodum
1212 4611 1290 4682 quod
1305 4611 1436 4669 oonierre
1461 4614 1560 4683 possit,
1589 4615 1777 4672 substrahere

90 4706 139 4774 let,
165 4712 216 4760 aut
239 4715 422 4775 quacunque
437 4701 539 4771 punire
558 4697 653 4770 magis
677 4697 768 4766 debet,
786 4710 876 4768 quam
930 4699 1012 4756 vebs.
1042 4699 1117 4755 ιιιιιιι
1128 4700 1235 4770 quippe
1249 4708 1291 4756 est
1305 4701 1384 4772 quod
1398 4709 1450 4759 aut
1461 4702 1547 4760 iaciat
1576 4713 1627 4761 ant
1641 4704 1777 4774 dimittat,

89 4807 105 4849 o
133 4792 232 4862 aliquo
253 4802 451 4854 remunerare,
470 4795 498 4843 et
513 4787 544 4843 in
559 4786 670 4858 quibus
696 4787 770 4842 iram
785 4786 877 4856 ipsius
929 4789 987 4844 nisi
1002 4788 1152 4858 optimust
1178 4789 1342 4846 rationabili
1356 4804 1455 4860 eausa,
1473 4792 1601 4850 bestilia
1627 4794 1711 4850 nobis
1725 4806 1777 4850 oe-

92 4895 126 4938 us
141 4893 229 4952 quam
244 4880 369 4950 gratiam
384 4877 567 4943 sentiremus,
584 4876 638 4932 boo
656 4880 698 4932 est
718 4873 877 4931 vindictam
930 4877 1009 4934 culta
1022 4877 1069 4932 sit.
1085 4876 1166 4934 Unde
1180 4885 1208 4932 et
1227 4877 1298 4934 iliud
1324 4888 1366 4935 est
1380 4879 1559 4939 Platonicum
1576 4897 1583 4936 :
1607 4882 1691 4938 Omne
1703 4881 1777 4955 quod

91 4983 225 5042 usquam
240 4969 403 5040 praemium
929 4969 1066 5036 plenitur,
1094 4980 1128 5020 ee
1157 4965 1253 5034 otique
1277 4981 1361 5022 causo
1381 4973 1535 5025 necessario
1556 4972 1715 5040 pinsitum
1737 4973 1779 5028 nil

434 5055 469 5114 V
930 5058 1002 5111 enim
1012 5056 1044 5123 tlt
1058 5053 1136 5122 an'us
1151 5061 1240 5109 ortum
1262 5070 1316 5110 non
1329 5058 1452 5126 lepitimo
1464 5074 1550 5114 causo
1568 5065 1594 5115 ct
1618 5063 1691 5116 rullo
1708 5075 1778 5132 prn-

89 5148 273 5220 Juaerandum
297 5147 422 5205 arbitror
437 5152 538 5201 utrum
560 5142 646 5214 plura
667 5142 760 5200 lacere
789 5141 878 5214 pessit
931 5143 1018 5199 cedet.
1040 5141 1114 5197 bino
1139 5148 1168 5198 et
1194 5141 1268 5199 illud
1282 5145 1500 5216 estaugustini,
1528 5160 1596 5204 cum
1622 5147 1721 5206 omnia
1747 5149 1780 5208 in

89 5239 167 5298 atei
181 5237 300 5296 meliora
314 5249 404 5308 quam
415 5233 511 5299 laeiat,
527 5239 579 5290 aut
592 5231 629 5288 ab
644 5231 691 5288 bis
711 5232 879 5305 etiamque
932 5229 1042 5289 mundo
1056 5229 1118 5287 beri
1131 5229 1177 5287 vel
1196 5230 1308 5302 disponi
1328 5233 1429 5291 divina
1449 5235 1630 5306 providentia
1653 5239 1776 5299 conrin-

90 5337 111 5399 t,
135 5328 194 5387 ubo
221 5327 306 5386 modo
334 5337 444 5383 rassare
465 5327 568 5395 posset,
598 5334 651 5378 nso
683 5334 720 5378 sa
747 5333 880 5395 unquam
933 5318 1240 5390 contemnuere
1266 5319 1616 5397 nibbtertuituerenire,
1644 5326 1695 5386 sed
1715 5341 1776 5387 om-

89 5418 166 5482 ebeet
182 5418 298 5490 taceret,
312 5414 392 5490 quod
405 5412 467 5475 sire
494 5410 696 5488 eonmdamus,
710 5411 773 5483 sire
792 5423 879 5485 nepo
933 5409 983 5471 ula
1000 5408 1146 5471 exdtduo
1155 5410 1309 5484 mesenus
1323 5413 1451 5476 mabbo
1464 5414 1516 5479 Ait
1528 5415 1638 5492 quippe
1647 5418 1693 5480 aio
1704 5429 1779 5495 pru-
