3804 5962
550 199 705 257 ΕΡΙΤΟΜΕ
723 200 932 258 THEOLOGIAE
951 201 1179 258 CHRISTiANAE.

1680 179 1750 261 rroa

93 329 128 386 de
146 310 335 386 universitate
358 326 458 384 mnndi
481 336 589 400 ageret,
616 330 645 385 in
669 330 731 400 ipse
746 329 843 386 statim
859 331 883 386 Α
897 329 1051 400 pertinere,
1076 328 1342 400 licetnnaquaeque
1366 342 1555 400 personarum
1578 343 1645 386 cum
1664 332 1748 388 Patre

79 418 115 476 sis
130 417 250 476 exordio
263 420 355 474 ileum
370 420 483 474 Patrem
496 424 523 474 et
535 418 650 475 Tillium
666 426 694 476 et
704 419 847 489 Spiritum

79 521 133 563 um
162 512 375 572 commemorat,
404 513 438 562 ut
466 520 649 578 quaecunque
672 508 760 564 aiieo
786 507 848 564 iteri

79 603 108 664 tt,
125 595 241 667 egregie
266 594 341 652 lacta
362 595 526 652 credantur.
552 596 624 652 Cum
639 597 772 653 enimait
787 612 794 652 ε
811 595 848 651 io

79 686 135 756 ipio
161 687 262 740 ιτιιυιι
286 685 356 739 Deus
382 683 476 738 coelum
500 689 526 739 ct
546 690 657 751 teram,
673 692 701 741 et
716 692 846 756 postmo-

99 773 230 845 adjecit:
254 773 291 827 Ει
317 773 436 843 spiritus
464 774 574 829 Domini
601 774 742 840 serebatur
762 790 847 844 super

79 878 96 932 t,
124 862 251 919 divinam
281 860 449 918 Trinitatem
478 861 630 934 diiigenter
644 862 794 933 expressit,
817 862 846 919 iu

79 951 189 1024 quidem
208 958 336 1007 creatore
351 950 465 1006 Patrem
487 950 651 1021 insinuans,
667 953 696 1009 id
716 961 757 1010 est
773 952 845 1008 diri-

90 1052 318 1097 commemorans
333 1040 502 1109 potentiam,
526 1054 577 1109 per
593 1055 681 1112 quam
701 1055 797 1098 creare
812 1041 847 1098 de

79 1144 91 1186 ι
114 1129 214 1186 omnia
239 1127 343 1199 potuit.
361 1126 443 1194 Quod
463 1127 550 1184 etiam
574 1129 628 1186 boc
651 1144 756 1187 nomen
771 1130 847 1186 Deus

86 1217 246 1289 incongrue
278 1215 365 1286 juxta
397 1216 542 1287 propriam
582 1215 847 1288 interpretationem

79 1307 104 1375 lt,
132 1305 210 1376 qnod
234 1307 288 1361 lroc
320 1306 451 1363 videlicet
473 1307 558 1376 quasi
579 1308 669 1364 Tneos
696 1306 792 1378 [Θεος],
818 1305 847 1364 id

79 1395 155 1449 timor
189 1392 406 1464 interpretatur,
440 1407 507 1449 cum
531 1395 663 1465 potestati
686 1392 848 1451 reverentia

79 1482 111 1539 ιι
135 1482 261 1539 maxime
282 1483 465 1540 exhibeatur.
488 1483 607 1540 liemine
621 1497 689 1540 vero
713 1482 847 1554 principii

902 418 1030 489 ejusdem
1055 418 1092 475 sit
1121 417 1300 482 substantiae,
1331 416 1458 488 ejusdem
1491 417 1529 474 sit
1560 418 1676 488 penitus
1695 433 1749 490 po-

903 507 1006 574 tentiae.

1235 593 1352 653 CAPUT
1369 595 1415 652 vi.

902 685 1032 752 Quaedam
1052 686 1102 740 uui
1139 700 1251 752 ersooae,
1274 690 1300 740 et
1322 684 1437 740 nenoiii
1458 687 1609 750 convenire,
1624 685 1750 756 quaedam

991 757 1024 812 de
1038 772 1094 812 utto
1128 758 1175 827 ici,
1191 762 1217 812 et
1240 756 1274 812 de
1295 757 1419 811 omnibus
1433 757 1552 824 inteiiipt'
1565 757 1659 812 sotere.

937 864 1027 921 iuxta
1040 877 1142 920 earnrn
1161 863 1251 920 trinm
1268 876 1458 934 personarum
1472 863 1659 935 proprietates
1674 877 1751 934 qna-

903 951 968 1008 dam
984 952 1146 1023 specialiter
1160 950 1338 1010 conveniunt
1358 952 1422 1018 uni,
1438 967 1505 1024 qnae
1519 967 1577 1029 non
1592 951 1653 1022 alii,
1668 967 1750 1026 quae·

903 1039 969 1097 dam
1000 1041 1034 1097 de
1057 1040 1159 1113 aliqua
1189 1054 1289 1097 earum
1317 1040 1374 1096 dici
1398 1049 1426 1097 et
1449 1041 1539 1112 accipi
1563 1041 1656 1099 soient
1684 1055 1751 1114 qna

900 1128 987 1200 juxta
1000 1142 1102 1186 earum
1126 1136 1238 1186 naturae
1253 1128 1430 1186 identitatem
1445 1129 1570 1202 singulis
1581 1130 1673 1188 inesse
1692 1145 1750 1189 nen

902 1217 1089 1289 ambigimus,
1123 1226 1156 1275 ut
1186 1218 1326 1290 sapientia
1358 1219 1440 1288 Filio,
1471 1220 1597 1277 charitas
1631 1219 1751 1292 Spiritui

901 1313 1002 1362 sancto
1023 1305 1183 1377 specialiter
1202 1307 1379 1366 attribuatur
1394 1322 1460 1365 cnm
1484 1314 1578 1366 tamen
1592 1317 1652 1367 tam
1666 1311 1752 1368 Pater

903 1409 992 1466 quam
1020 1394 1111 1452 Filius
1125 1409 1215 1467 qnam
1234 1395 1357 1467 Spiritus
1371 1405 1499 1465 sanetus,
1529 1399 1577 1455 sed
1590 1399 1678 1455 etiam
1691 1405 1752 1456 tota

904 1483 1029 1540 Trinitas
1056 1484 1196 1556 sapientia
1221 1485 1258 1542 sit
1280 1489 1308 1542 et
1338 1487 1470 1544 similiter
1492 1494 1552 1542 tam
1578 1488 1660 1544 Pater
1690 1487 1751 1558 ipse

79 1588 106 1631 m
132 1573 275 1645 designat,
295 1573 323 1630 id
348 1581 390 1630 est
407 1573 536 1630 divinam
560 1575 701 1631 rationem
725 1588 776 1631 sen
800 1582 883 1639 ιιι-Β
902 1584 991 1645 quam
1013 1573 1106 1630 Filius
1130 1574 1256 1631 charitas
1279 1574 1337 1631 dici
1360 1575 1457 1644 possit,
1480 1575 1522 1632 sic
1545 1575 1643 1642 etiam,
1664 1577 1751 1648 juxta

79 1661 148 1730 iam,
163 1661 194 1718 in
209 1676 268 1733 qua
284 1676 334 1733 per
349 1661 562 1734 providentiam
572 1671 676 1719 cuncta
687 1662 769 1734 prius
783 1677 849 1721 con·
904 1675 1093 1732 personarum
1116 1662 1314 1734 proprietates,
1341 1663 1475 1735 qnaedam
1489 1678 1576 1735 opera
1591 1664 1753 1735 specialiter

79 1766 98 1808 *e
121 1750 335 1823 quodammodo
366 1750 542 1809 babuerunt.
565 1752 645 1808 Unde
671 1752 850 1823 evangelista
904 1748 991 1807 alicui
1012 1763 1144 1822 personae
1167 1750 1379 1819 attribuuntur,
1406 1753 1541 1823 quamvis
1560 1751 1686 1810 indivisa
1705 1759 1752 1810 to-

79 1840 139 1898 arbo
162 1839 256 1896 Patris
270 1839 414 1896 disserens
433 1840 512 1910 quod
528 1839 635 1897 iactum
655 1847 709 1907 est,
726 1839 848 1912 inquit:
904 1839 962 1897 tius
984 1839 1132 1895 Trinitatis
1160 1853 1247 1910 epora
1271 1840 1465 1911 praedicentur
1493 1848 1521 1897 et
1549 1842 1695 1913 quidquid
1716 1842 1751 1899 ab

79 1945 106 1986 so
123 1931 180 1984 etto
202 1934 260 1984 erat
284 1928 375 2000 (ioan.
392 1945 411 1997 1,
433 1928 470 1999 3).
487 1927 532 1984 Sic
558 1935 586 1985 et
605 1927 769 1985 Macrobius
786 1929 849 1986 Pia·
903 1941 965 1985 una
991 1941 1093 1985 earum
1121 1928 1162 1995 lit,
1183 1929 1338 2000 asinguiis
1354 1930 1416 1986 lieri
1436 1938 1555 1987 constet.
1571 1930 1629 1987 Soli
1643 1931 1752 2002 qnippe

79 2033 95 2076 n
128 2026 255 2087 secutus,
288 2026 412 2074 mentem
450 2017 510 2085 Dei,
542 2030 632 2088 quarn
658 2017 745 2074 Graeei
768 2032 849 2076 noun
903 2017 975 2073 Filio
1000 2017 1096 2073 carnis
1120 2017 1261 2088 susceptio
1277 2018 1445 2087 ascribitur,
1477 2032 1554 2091 aqua
1584 2026 1612 2077 ιι
1644 2019 1751 2090 Spiritu

79 2107 251 2179 tappetiant,
267 2106 423 2178 originales
436 2120 536 2164 rernm
555 2105 673 2176 species,
692 2121 759 2178 quae
779 2106 849 2164 idea
903 2113 1003 2163 saneto
1017 2114 1140 2174 tantum,
1166 2121 1224 2163 non
1245 2121 1323 2178 aqna
1337 2115 1364 2164 et
1386 2109 1470 2164 Patre
1484 2108 1528 2165 rei
1549 2108 1620 2165 Filio
1634 2122 1753 2180 regene-

79 2214 84 2251 t
111 2205 191 2266 sunt,
221 2197 367 2254 continere
393 2195 532 2262 meminit,
558 2202 725 2266 antequam,
753 2202 786 2252 nt
809 2196 849 2253 ait
903 2195 962 2251 rari
988 2194 1106 2264 dicitur,
1138 2211 1204 2253 cum
1229 2197 1377 2254 tamenin
1400 2196 1462 2253 istis
1488 2196 1577 2255 totius
1601 2196 1751 2254 Trinitatis

80 2285 174 2355 ianus,
202 2285 350 2357 prodirent
375 2285 405 2341 in
434 2298 566 2354 corpora,
590 2284 618 2340 id
636 2290 679 2340 est
704 2283 733 2339 in
748 2282 848 2342 eiiecta
902 2283 1029 2353 operatio
1044 2283 1178 2342 adiuerit.
1196 2282 1249 2342 Sed
1270 2285 1312 2342 sio
1325 2300 1393 2358 quae
1406 2286 1442 2341 ad
1459 2287 1615 2356 potentiam
1631 2286 1753 2343 attinent

79 2389 120 2432 rnt
150 2373 346 2445 provenirent.
383 2371 437 2428 Per
465 2371 599 2442 spiritum
633 2385 702 2428 vero
735 2371 848 2428 Domini
903 2371 981 2428 Patri
1011 2372 1208 2444 assignantur,
1238 2374 1280 2430 sio
1303 2388 1369 2446 quae
1407 2375 1444 2430 ad
1467 2374 1637 2445 sapientiam
1669 2374 1751 2442 Filio,

79 2477 97 2519 e
122 2462 261 2532 Spiritum
289 2468 423 2518 sanctum
452 2459 594 2525 insinuat,
620 2459 648 2514 id
676 2466 718 2516 est
741 2459 848 2517 divinae
903 2473 969 2532 quae
989 2460 1026 2518 ad
1056 2462 1264 2534 benignitatem
1292 2463 1415 2534 Spiritui
1443 2470 1542 2521 sancto
1568 2463 1686 2521 attribui
1703 2463 1753 2520 de·

79 2565 101 2607 ae
115 2549 282 2608 bonitatem.
302 2550 392 2607 iuxta
407 2549 483 2606 banc
498 2549 586 2605 etiam
601 2548 767 2620 diligentem
781 2562 849 2605 con·
903 2549 981 2606 bent.
997 2550 1063 2607 ideo
1078 2558 1177 2607 autem
1207 2551 1295 2608 trium
1320 2565 1509 2623 personarum
1534 2566 1620 2623 opera
1644 2551 1754 2609 indivi-

79 2638 211 2706 ationem,
235 2652 305 2695 cum
324 2638 360 2694 ad
372 2637 560 2694 excellentem
585 2636 711 2693 bominis
730 2635 849 2693 creatio·
903 2636 973 2706 dua,
989 2637 1017 2694 id
1031 2646 1073 2694 est
1087 2640 1254 2696 communia
1269 2654 1331 2697 esse
1346 2640 1494 2708 dicuntur,
1516 2640 1587 2711 quia
1608 2639 1754 2711 quidquid

90 2737 209 2785 rentum
232 2735 315 2795 esset,
331 2727 449 2797 provide
472 2727 525 2783 boc
549 2741 621 2797 opus
643 2726 848 2783 caeterisante·
903 2726 1030 2798 potentia
1060 2729 1183 2799 geritur,
1205 2728 1280 2784 idem
1308 2726 1449 2799 sapientia
1472 2727 1649 2795 moderatur,
1672 2727 1765 2797 boni,

79 2829 110 2871 ns
125 2822 153 2873 et
181 2814 266 2887 quasi
289 2829 347 2886 pra
374 2815 485 2872 caeteris
508 2814 721 2879 commendans,
746 2813 846 2870 distin·
864 2825 886 2884 c
904 2819 961 2870 tate
973 2813 1116 2871 conditur.
1133 2814 1215 2871 Unde
1236 2821 1264 2871 et
1279 2815 1351 2871 bene
1371 2813 1402 2871 in
1423 2815 1469 2871 bis
1490 2828 1556 2886 quae
1570 2814 1694 2871 iacimus
1709 2814 1754 2873 rei

79 2918 123 2961 em
155 2911 284 2976 patenter
311 2902 460 2960 Trinitatis
494 2903 573 2968 lacit,
602 2902 652 2960 ubi
681 2915 699 2959 a
729 2904 851 2959 Domino

81 3007 95 3051 s
119 2991 229 3052 dictum
252 3002 294 3050 est
318 2994 465 3062 sociamus,
489 3006 578 3063 quam
597 2990 711 3060 fedam,
730 2992 768 3047 od
783 2993 851 3047 imo-

79 3099 104 3151 n,
127 3081 233 3154 inquit,
251 3085 278 3136 et
296 3081 505 3136 similitudinem
528 3086 651 3137 nostram
668 3079 849 3153 (den.1,2e),

79 3186 100 3228 n
126 3170 245 3243 quidem
271 3171 308 3226 ad
327 3169 482 3242 imaginem
510 3170 569 3234 Dei,
587 3168 739 3228 mulierem
754 3169 792 3227 ad
810 3169 850 3225 si·

79 3260 203 3317 udinem.
227 3259 275 3316 Vir
296 3257 450 3330 siqnidem,
462 3260 550 3330 juxta
562 3259 740 3329 Apostolum,
755 3259 850 3331 imago

79 3363 137 3407 non
151 3348 270 3406 mulier.
302 3348 356 3405 Sed
376 3348 451 3405 sicut
474 3348 519 3404 vir
535 3346 630 3420 imago
642 3355 684 3405 est
704 3348 754 3404 Dei
769 3348 809 3405 sic
823 3356 850 3405 et

79 3452 108 3495 er
124 3438 218 3508 imago
231 3444 274 3494 est
286 3437 352 3493 viri.
370 3437 468 3508 imago
494 3436 603 3506 quippe
617 3449 752 3506 expressa
767 3436 851 3492 sirni-

79 3541 93 3584 o
109 3527 233 3599 alicujus
243 3525 284 3582 rei
300 3526 416 3589 dicitur,
434 3523 592 3582 similitudo
608 3538 677 3581 vero
692 3524 746 3580 dici
759 3531 851 3596 potest

79 3630 122 3674 ron
141 3614 319 3682 multumid,
335 3614 421 3685 cujus
446 3621 489 3671 est
503 3613 674 3681 similitudo,
694 3612 849 3684 exprimat.

79 3711 193 3762 ‚antem
213 3704 331 3760 nomine
346 3704 440 3760 Patris
456 3702 556 3759 divina
578 3701 715 3772 potentia,
735 3698 851 3757 nomine

101 3809 153 3852 seu
173 3793 259 3851 Verbi
280 3793 380 3850 divina
403 3792 555 3864 sapientia,
578 3791 695 3848 nomine
725 3789 852 3862 Spiritus

79 3883 93 3939 Ιι
109 3883 210 3941 divina
234 3881 397 3954 benignitas
412 3895 463 3938 seu
480 3880 606 3937 charitas
625 3879 787 3949 specialiter
801 3893 852 3936 ex·

79 3980 155 4041 atur,
172 3986 225 4029 nec
252 3985 305 4027 nos
319 3971 478 4028 aucteritas
503 3984 556 4025 nec
575 3969 649 4026 ratio
664 3967 849 4041 subterfugit.

906 2903 998 2960 iteum
1022 2902 1116 2960 iacere
1141 2917 1307 2971 exeramus,
1332 2902 1634 2961 commemorationem
1658 2903 1754 2960 Trini-

906 2992 971 3050 tatis
997 2991 1121 3048 facimus
1148 2991 1273 3049 dicentes
1291 3007 1298 3048 :
1320 2994 1352 3048 in
1370 2994 1479 3048 nominc
1498 2995 1590 3048 Patris
1608 2997 1634 3048 et
1649 2994 1716 3048 Filii
1728 2995 1755 3049 et

905 3082 1139 3159 Spiritussoncti,
1165 3087 1197 3136 nt
1211 3081 1287 3137 sient
1315 3082 1405 3138 trium
1426 3095 1616 3152 personarum
1630 3081 1754 3138 indivisa

904 3176 948 3227 est
962 3170 1097 3242 operatio,
1118 3169 1160 3225 sic
1180 3176 1208 3226 et
1226 3183 1327 3226 earum
1349 3169 1548 3241 inseparabilis
1562 3170 1706 3227 invocatio
1727 3177 1755 3228 et

905 3259 949 3316 sie
971 3265 1034 3316 tum
1063 3257 1134 3315 fides
1158 3257 1221 3329 ipsa
1243 3256 1396 3328 postulatis
1423 3256 1569 3315 beneflciis
1592 3264 1753 3329 astruatur,

906 3353 968 3403 ium
986 3344 1082 3417 operis
1106 3344 1199 3401 divini
1213 3343 1276 3413 ipsa
1296 3343 1425 3400 eiiicacia
1444 3344 1670 3402 commendetur.
1699 3345 1756 3402 Ta·

905 3433 959 3490 ciie
982 3433 1062 3490 enim
1084 3433 1213 3490 creditur
1241 3430 1372 3489 tacturus
1399 3432 1509 3490 bonnm
1527 3435 1606 3505 qued
1621 3442 1753 3507 rogatur,

905 3522 928 3580 si
957 3522 986 3578 id
1013 3522 1107 3578 iacere
1131 3521 1205 3578 sieut
1233 3519 1338 3590 voluit,
1366 3535 1447 3592 posse
1469 3529 1496 3579 et
1529 3521 1755 3595 benignissimus

905 3616 1052 3667 noscatur.
1077 3608 1149 3666 Cum
1177 3614 1274 3684 autem
1297 3609 1444 3680 sapientire
1460 3614 1693 3672 commemoratio
1707 3613 1757 3671 ad·

907 3698 996 3766 ditur,
1016 3712 1082 3768 qnae
1104 3697 1221 3754 nomine
1237 3696 1301 3753 Filii
1314 3699 1499 3769 exprimitur,
1517 3714 1672 3771 perquam
1693 3716 1754 3759 mo-

905 3785 976 3843 dum
999 3784 1029 3842 in
1050 3785 1187 3842 omnibus
1206 3793 1303 3843 tenere
1317 3787 1419 3854 voluit,
1439 3788 1576 3859 egregius
1594 3790 1756 3848 ostenditur

905 3873 1033 3932 ellectus.
1071 3874 1144 3929 Cum
1176 3880 1273 3931 autom
1297 3875 1434 3932 bonitatis
1467 3876 1754 3949 meminimusque

906 3963 1030 4034 Spiritus
1061 3963 1179 4021 nornine
1207 3971 1350 4032 censetur,
1387 3963 1513 4034 optimus
1536 3964 1653 4024 ellectus
1676 3967 1754 4024 desi-

906 4060 1023 4125 gnatur.
1041 4052 1087 4109 Sic
1103 4053 1193 4124 igitur
1206 4053 1389 4109 invocatione
1404 4054 1453 4111 taii
1481 4052 1546 4110 talis
1559 4053 1680 4113 allectus
1692 4070 1756 4114 eve·

905 4142 968 4199 nire
994 4142 1165 4208 ostenditur,
1197 4141 1249 4214 qni
1280 4142 1366 4199 abeo
1394 4140 1553 4212 proveniat,
1584 4143 1634 4214 qui
1656 4146 1754 4203 omnia

78 4062 169 4118 utiam
184 4060 302 4133 quidem
317 4060 434 4116 nomine
456 4059 548 4115 Patris
562 4057 723 4129 specialiter
742 4057 852 4115 inteili-

80 4151 110 4208 in
131 4148 337 4222 explanatione
362 4146 496 4218 Epistoiae
511 4146 549 4202 ad
572 4145 723 4216 Ephesios,
743 4145 794 4202 ubi
806 4145 850 4201 di·

90 4237 224 4293 :Grotios
239 4242 349 4306 operatos
366 4241 396 4291 in
416 4235 540 4291 omnibus
563 4236 593 4288 in
613 4238 722 4289 nomine
742 4234 851 4289 Domini
866 4236 888 4291 D
905 4245 971 4302 quae
995 4231 1072 4299 velit,
1097 4230 1192 4287 iacere
1225 4238 1323 4302 queat,
1350 4237 1377 4287 ιι
1403 4231 1435 4288 in
1458 4231 1594 4289 omnibus
1615 4231 1754 4292 iaciendis

79 4328 173 4382 iiesc
199 4326 302 4382 curisti
323 4327 375 4380 dee
395 4331 421 4381 et
436 4327 525 4393 Patri,
554 4323 595 4380 ait
611 4323 730 4394 liaymo,
753 4322 851 4379 Deoet
904 4320 1024 4377 modum
1057 4333 1174 4378 servare
1208 4319 1291 4386 sciat,
1315 4325 1343 4376 et
1368 4319 1476 4391 optime
1508 4329 1612 4379 cuncta
1638 4323 1754 4382 evenire

80 4457 88 4486 ,
106 4415 192 4472 idest
210 4416 268 4472 lieo
283 4413 472 4484 omnipotenti
493 4412 580 4469 Patri.
601 4411 748 4469 liaximns
762 4410 849 4468 etiam
904 4408 982 4467 velit.
1060 4432 1066 4441 ¹
1525 4483 1526 4486 Ἴ

79 4520 151 4577 opus
177 4505 208 4561 in
236 4504 416 4576 expositione
444 4502 588 4575 symboli:
608 4501 712 4572 Credis,
741 4501 848 4574 inquit,
1233 4496 1348 4556 CAPUT
1362 4499 1423 4556 iiii.

80 4610 142 4651 eum
163 4598 275 4651 Patrem
302 4591 535 4664 omnipotentem?
551 4595 584 4648 in
608 4592 665 4648 Deo
688 4599 796 4649 natura
808 4590 861 4647 in·'
904 4587 1057 4655 Qcootiibet
1089 4602 1273 4658 personarum
1297 4587 1370 4642 wem
1391 4589 1492 4655 secere,
1520 4587 1592 4656 qued
1627 4589 1751 4660 aiterum,

81 4685 157 4752 bilis,
172 4685 202 4741 in
217 4685 300 4741 Patre
313 4683 460 4755 Unigeniti
476 4680 592 4747 veritas,
609 4681 640 4736 in
656 4680 850 4751 omnipotente
1010 4659 1058 4715 ⁸⁶⁶¹
1069 4675 1124 4714 ἰιι
1138 4675 1166 4716 8⁰
1181 4675 1209 4714 ⁸⁶
1224 4659 1303 4714 m⁰d⁰
1318 4659 1427 4726 tatere,
1449 4675 1503 4731 9ιο
1517 4662 1642 4717 alteram·

79 4774 130 4831 atis
153 4772 302 4844 plenitudo
323 4771 494 4829 ostenditur.
515 4769 566 4826 Est
589 4781 716 4839 namque
741 4783 791 4839 per
806 4769 849 4825 in·
940 4765 1095 4822 Sciendum
1111 4772 1207 4823 tamen
1222 4765 1301 4836 quod
1314 4763 1389 4822 sicut
1408 4778 1468 4822 una
1482 4780 1607 4838 quaeque
1628 4768 1752 4825 istarum

80 4878 128 4920 am
148 4863 285 4931 deitatem
309 4861 501 4931 omnipotens,
518 4872 568 4927 per
582 4856 738 4928 potentiam
754 4858 847 4915 Pater.
903 4869 1093 4926 personarum
1134 4853 1312 4925 omnipotens
1347 4853 1467 4923 dicitnr,
1498 4856 1576 4927 quod
1608 4856 1753 4929 quidquid

79 4951 202 5009 scibilem
219 4951 248 5008 in
268 4951 321 5007 boc
337 4950 398 5007 ioco
415 4948 576 5004 increatum
590 4946 670 5002 dicit.
688 4947 850 5018 ingenitam
904 4958 1089 5016 quaecunque
1117 4957 1218 5001 earum
1244 4942 1357 5000 eideere
1385 4943 1464 5012 velit,
1499 4945 1586 5015 possit
1600 4945 1752 5017 complere,

78 5048 133 5098 tem
160 5041 252 5097 ileum
266 5036 402 5109 appellat,
420 5034 448 5091 id
464 5041 505 5091 est
519 5047 587 5090 euru
604 5033 698 5090 solum
711 5033 850 5091 extribus
904 5040 1074 5090 nontamen
1102 5044 1217 5088 necesse
1240 5037 1281 5087 est
1308 5032 1409 5087 eodem
1424 5032 1507 5089 modo
1531 5033 1646 5105 penitus
1662 5047 1753 5091 unam

79 5129 130 5187 mis
154 5129 315 5200 ingenitum
337 5126 499 5198 profitetur,
521 5136 588 5179 enm
609 5122 689 5179 selus
710 5121 769 5193 ipse
792 5137 850 5180 neu
904 5122 1010 5178 babere
1034 5134 1064 5177 se
1088 5133 1176 5191 qnam
1205 5120 1338 5187 aiteram,
1355 5134 1422 5176 cum
1449 5135 1509 5177 ase
1537 5121 1663 5179 invicem
1691 5123 1752 5180 suis

79 5233 87 5275 ι
113 5217 181 5285 alio,
197 5227 306 5281 ceterae
327 5229 395 5275 vero
411 5225 539 5285 personae
553 5211 589 5267 ab
606 5211 667 5281 ipso
685 5210 751 5267 sint.
769 5210 850 5277 Quod
904 5208 1128 5282 proprietatibus
1161 5207 1217 5265 sint
1246 5208 1396 5266 distincta.
1428 5209 1510 5266 Scins
1535 5211 1642 5282 quippe
1669 5213 1752 5271 Pater

81 5309 191 5367 dietum
214 5316 257 5366 est
269 5305 495 5378 per'ingenitam
510 5303 645 5360 deitatem
669 5301 850 5372 omnipotens
903 5299 964 5356 sire
979 5297 1135 5369 ingenitus,
1158 5294 1237 5359 solus
1252 5295 1343 5353 Filius
1360 5297 1475 5369 genitus
1495 5297 1554 5355 sire
1569 5298 1749 5373 incarnatus,

79 5412 111 5458 er
133 5395 371 5469 omnipotentiam
400 5397 492 5458 Pater,
518 5397 616 5464 aperte
638 5389 782 5462 innuitur,
812 5388 849 5446 ad
904 5386 982 5464 solus
1007 5385 1131 5458 Spiritus
1160 5390 1279 5442 sanctus
1308 5386 1476 5456 procedens.
1511 5385 1657 5459 Quidquid
1682 5404 1751 5464 ergo

79 5501 92 5548 ι
130 5487 225 5547 Patris
263 5483 468 5557 proprietatem
503 5478 665 5555 specialiter
693 5476 851 5554 potentiam
904 5482 967 5536 una
989 5481 1081 5549 potest
1103 5472 1196 5534 iacere
1227 5472 1395 5548 etreliqua
1427 5479 1455 5534 et
1480 5472 1544 5534 ideo
1563 5480 1751 5554 unaquaque
