3804 5962
352 171 355 177 Ὺ
389 214 530 274 ulhhod.
550 198 659 273 tussit
679 213 900 280 primosum,
918 213 1068 271 JUDAEUM
1086 213 1133 271 ΕΤ
1151 213 1347 271 cuulstlllti.
1669 217 1736 272 lusu

79 355 91 397 ι
115 346 252 411 potestate
280 340 357 397 Deus
375 339 503 410 posuerit
515 340 561 397 vel
582 339 831 411 permissionibus,
847 339 872 393 Δ
886 352 1027 396 summun
1056 339 1183 396 hominis
1210 339 1331 408 bonum,
1360 338 1406 396 vel
1435 353 1584 396 summum
1614 338 1737 405 malum,

79 444 112 485 oa
127 428 171 485 rel
186 428 272 484 'mala
291 442 351 485 esse
366 428 482 496 iaciant,
500 441 567 499 quae
588 427 670 500 prius
685 442 745 484 non
755 438 839 484 eraut
894 442 983 501 quam
998 443 1145 485 summum
1161 429 1286 485 hominis
1298 427 1418 491 malum,
1434 427 1651 485 determinetur.
1731 480 1734 485 .

82 520 212 575 inostro
237 517 325 589 possit
347 532 448 575 eorum
464 518 621 575 auctoritas
637 517 837 589 praejudicare.
892 538 1034 605 gemegio
1061 537 1099 592 ad
1132 538 1320 592 intermissam
1347 537 1554 606 iaquisitionem
1578 535 1611 590 g,
1636 551 1739 592 ,ummo

79 615 125 665 ’cst
165 615 260 663 autern
304 619 384 663 nunc
415 613 449 663 ut
482 613 544 677 post
568 607 839 686 ‚considerationem
1284 608 1360 662 bono.

79 700 108 752 ιε
142 696 179 753 ad
198 695 325 766 reliquas
348 695 422 752 duas
449 696 566 753 virtutis
596 696 704 767 speeies
730 695 838 767 stylum
928 697 1038 754 Paisos.
1067 696 1220 753 Summum
1248 695 1349 766 utique
1384 696 1495 752 honum
1529 693 1608 765 apud
1639 709 1739 752 omnes

79 793 205 842 stamus.
892 792 968 842 recte
997 785 1233 856 philosophantes
1268 798 1327 841 non
1351 784 1430 841 aliud
1455 796 1545 855 quam
1564 783 1657 838 Deum
1681 783 1740 840 dici

230 893 268 946 lie
279 890 405 960 pampus
419 891 605 958 fortitudinis,
892 881 1002 931 cunstat
1017 881 1046 931 et
1067 874 1154 941 credi,
1171 875 1258 945 cujus
1272 873 1380 929 scilicet
1392 871 1610 942 incorporabilis
1623 879 1651 929 et
1665 870 1740 928 inel-

892 962 986 1020 iabilis
1007 963 1155 1021 beatitudo
1180 971 1238 1020 tam
1257 962 1394 1034 principii
1419 974 1508 1033 quam
1532 959 1599 1016 linis
1623 960 1738 1031 ignara,

891 1067 950 1108 non
967 1053 1068 1124 augeri
1083 1059 1173 1123 potest
1186 1067 1240 1109 nec
1255 1051 1360 1108 minui.
1379 1050 1532 1108 Summum
1543 1063 1612 1106 vero
1626 1047 1738 1104 melum

891 1154 1036 1198 summam
1048 1143 1252 1214 cujuscunque
1264 1143 1301 1199 sit
1317 1140 1379 1197 sire
1401 1140 1527 1196 hominis
1545 1137 1606 1196 sive
1621 1137 1740 1195 alterius

891 1237 1031 1287 creaturae
1058 1224 1204 1287 miseriam
1228 1229 1273 1287 vel
1296 1243 1388 1301 poenae
1419 1229 1580 1286 cruciatum
1608 1234 1738 1293 autumo,

891 1319 1017 1377 hominis
1039 1325 1137 1375 autem
1155 1333 1303 1376 summum
1318 1319 1430 1375 bonum
1446 1317 1492 1374 vel
1511 1329 1661 1374 summum
1677 1328 1737 1370 ma·

890 1408 964 1475 lum,
986 1409 1050 1480 eius
1063 1407 1138 1465 sient
1158 1421 1249 1480 supra
1269 1408 1331 1480 jam
1358 1405 1477 1464 memini
1500 1419 1534 1462 ae
1549 1403 1739 1462 determinavi

338 1566 343 1576 ,
891 1497 998 1555 luturae
1012 1498 1080 1555 vite
1093 1498 1224 1568 requiem
1234 1497 1280 1554 vel
1289 1510 1406 1570 poenam
1419 1502 1587 1567 perpetuam
1598 1491 1738 1564 intelligo.

221 1567 403 1636 deportatus,
421 1570 615 1638 temperanti&
853 1587 952 1677 1³lloc
967 1586 1066 1658 itaque
1086 1587 1161 1643 inter
1181 1599 1329 1643 summum
1345 1586 1453 1643 bonum
1476 1590 1504 1641 et
1523 1595 1672 1641 summum
1692 1581 1740 1639 ho·

79 1673 234 1745 operantia
264 1687 332 1729 vero
362 1680 509 1744 quantum
535 1675 607 1732 mihi
634 1676 761 1746 videtur,
785 1694 839 1738 nec
892 1674 978 1732 mihis
992 1676 1102 1732 bonum
1131 1674 1237 1732 referre
1262 1675 1397 1743 arbitror,
1426 1672 1652 1744 quod,sioutex
1667 1683 1737 1741 pras·

79 1763 219 1834 uprobare
242 1762 378 1828 arbitror,
394 1771 489 1831 partes
504 1763 566 1820 haec
583 1772 661 1834 snut,
679 1767 837 1838 humilitas,
892 1765 985 1821 missis
1008 1764 1110 1836 liquet,
1136 1778 1283 1822 summum
1306 1763 1416 1820 bonnm
1441 1763 1532 1819 Ιιειιιιι
1551 1761 1611 1831 ipse
1635 1766 1678 1816 est
1693 1758 1739 1816 vel

80 1852 152 1918 litas,
167 1852 370 1917 mansuetudo,
389 1851 514 1918 castitas,
530 1854 676 1911 sobrietas.
892 1854 955 1924 ejus
978 1853 1163 1911 beatitudinis
1185 1866 1300 1910 summa
1320 1852 1525 1923 tranquillitas,
1540 1863 1630 1921 quam
1644 1858 1740 1905 tamen

79 1940 180 1997 militas
202 1947 244 1996 est
269 1953 320 2009 per
345 1953 435 2010 quam
458 1941 495 1997 ab
517 1943 645 2012 appetitu
663 1944 760 2001 inanis
774 1946 839 2017 glo-
893 1957 950 1998 non
974 1943 1055 1999 aliud
1076 1956 1165 2013 quam
1181 1942 1287 2013 ipsum,
1302 1941 1488 2006 aestimamus,
1506 1940 1560 2012 (lli.
1578 1938 1618 2009 s.)
1638 1937 1740 2009 quiex

79 2043 162 2085 anos
173 2035 376 2098 temperamus,
389 2034 422 2084 ut
436 2043 495 2085 nun
509 2043 600 2101 supra
619 2046 709 2101 quam
724 2047 836 2102 sumus,
892 2031 993 2101 seipso,
1017 2045 1075 2087 uon
1103 2030 1231 2099 aliunde,
1253 2030 1355 2087 beatus
1377 2035 1439 2088 est:
1473 2041 1621 2085 summum
1641 2034 1739 2084 autem

79 2120 82 2174 i
101 2124 279 2188 appetamus.
893 2119 1020 2176 hominis
1037 2119 1147 2175 bonum
1163 2118 1212 2177 illa
1229 2125 1271 2175 εει
1287 2127 1424 2189 perpetua
1441 2117 1533 2189 quies,
1553 2117 1613 2173 sive
1628 2115 1738 2185 laetitia,

79 2207 191 2277 igalitas
214 2220 282 2262 vero
305 2212 348 2262 est
369 2205 518 2275 superllua
541 2207 702 2278 prolusioni
723 2211 837 2270 lrenum
892 2223 980 2280 quam
1003 2209 1130 2279 quisquo
1150 2222 1203 2278 pro
1216 2207 1325 2264 meritis
1352 2215 1414 2277 post
1429 2205 1604 2263 hancritam
1624 2204 1739 2276 recipit,

79 2308 158 2366 quam
183 2294 318 2350 videlicet
344 2307 435 2364 supra
459 2307 548 2365 quam
577 2299 771 2357 necessarium
796 2310 839 2359 est
892 2297 997 2352 sivein
1026 2297 1089 2366 ipsa
1112 2294 1224 2352 visione
1248 2294 1293 2350 vel
1317 2294 1480 2365 cognitione
1508 2294 1570 2359 Dei,
1586 2300 1619 2349 ut
1634 2292 1739 2360 dicitis,

78 2384 135 2441 lere
157 2383 331 2453 respuimus.
349 2382 395 2439 Sic
409 2390 438 2439 et
457 2386 649 2442 mansuetudo
664 2386 778 2445 irenum
796 2398 838 2448 εει
892 2385 952 2442 sive
967 2398 1085 2456 quoquo
1116 2384 1201 2441 modo
1224 2383 1307 2440 aliter
1321 2384 1478 2453 contingat.
1499 2381 1652 2439 Summum
1670 2395 1739 2439 vero

79 2472 212 2529 ,castitas
229 2472 366 2540 luxuriae,
383 2479 411 2528 et
425 2471 565 2529 sobrietas
577 2474 663 2544 gulae.
892 2473 1002 2530 malum
1032 2486 1147 2530 summa
1169 2479 1221 2539 εει,
1238 2479 1271 2528 ut
1289 2471 1360 2540 dixi,
1377 2471 1580 2542 cujuscunque
1599 2477 1739 2527 creaturae

79 2562 233 2618 notandum
256 2561 415 2632 quodcum
432 2562 598 2632 justitiasit
617 2573 753 2624 constans
770 2569 838 2625 ani·
893 2561 1008 2620 miseria
1034 2561 1080 2618 rel
1104 2575 1189 2632 poena
1209 2575 1261 2632 pro
1282 2560 1393 2617 meritis
1416 2567 1559 2630 suscepta.
1587 2558 1739 2614 Summum

79 2651 192 2719 luntas,
214 2663 281 2721 quae
299 2651 460 2722 unicuique
482 2653 560 2722 quod
576 2667 664 2710 suum
679 2664 837 2724 estservat,
892 2658 990 2708 autem
1022 2650 1150 2707 hominis
1174 2650 1285 2707 melum
1307 2663 1500 2720 quoscunque
1525 2646 1676 2703 hominum
1700 2646 1739 2703 ibi

79 2739 129 2797 ndo
163 2742 191 2795 et
223 2739 415 2809 temperantia
440 2741 573 2809 potentie
607 2744 739 2813 queedam
770 2751 839 2802 sunt
892 2742 1041 2798 cruciatus
1051 2755 1104 2812 pro
1118 2739 1227 2797 meritis
1241 2745 1387 2808 susceptos
1401 2749 1617 2806 nuncupamus.

91 2826 180 2884 animi
196 2828 294 2892 robur,
313 2841 383 2899 quo,
402 2835 434 2884 ut
448 2842 537 2898 supra
551 2832 745 2902 meminimus,
762 2833 839 2890 bona
1192 2830 1230 2883 be
1244 2842 1347 2883 summo
1361 2826 1444 2882 molo.

82 2928 106 2970 ae
128 2914 262 2971 voluntas
277 2913 476 2970 confirmatur.
496 2913 626 2981 Quomm
640 2919 758 2974 etenim
772 2932 838 2976 con·
927 2918 1088 2978 chrismari.
1110 2917 1258 2984 Quantum
1284 2915 1422 2985 percipio,
1443 2921 1500 2969 tam
1515 2925 1663 2970 summum
1678 2925 1737 2968 mu-

79 3042 81 3056 .
107 3001 281 3072 impotentiae
311 3008 390 3068 sunt,
421 3016 456 3058 ea
482 3002 606 3072 prolecto
639 3013 751 3062 constat
777 2988 839 3064 esse
856 2970 876 3026 C
893 3007 1056 3078 lumquam
1070 3018 1217 3062 summum
1233 3004 1359 3061 hominis
1374 3002 1484 3059 malum
1495 3015 1553 3058 non
1568 3001 1625 3057 nisi
1640 3015 1740 3072 plenas

79 3092 142 3147 tias.
176 3090 315 3146 Debilitas
347 3104 415 3147 vero
444 3091 546 3161 animi,
580 3107 647 3163 quas
673 3094 838 3152 fortitudini
893 3095 985 3154 luturi
999 3093 1106 3161 sarculi,
1123 3092 1447 3165 promeritisrcdditas,
1464 3090 1620 3161 intelligis?

79 3180 139 3236 aria
150 3187 203 3248 est,
226 3178 361 3250 quaedam
376 3181 439 3251 ejus
461 3181 614 3237 indomitas
628 3190 655 3239 et
671 3185 839 3254 impotentia
927 3187 1039 3242 Putoos.
1051 3184 1216 3254 itautique.

79 3282 166 3340 quam
198 3268 346 3339 ignaviam
377 3283 429 3326 seu
452 3268 719 3341 pusillanimitatem
745 3273 838 3330 dicere
929 3275 1087 3330 Gunrsmul.
1115 3271 1153 3327 Αι
1182 3269 1307 3340 prolecto
1343 3282 1436 3340 poenae
1470 3267 1526 3324 tllae
1554 3281 1605 3338 pro
1631 3267 1740 3324 meritis

82 3373 156 3415 mus.
177 3357 404 3427 Intemperantia
423 3372 550 3428 quoque,
568 3363 762 3431 temperantia
786 3364 838 3420 ad·
893 3362 1002 3420 collatae
1027 3362 1131 3431 utique
1151 3361 1237 3431 justae
1249 3365 1329 3426 sunt,
1356 3358 1429 3429 quia
1440 3357 1554 3428 justum
1574 3364 1617 3413 εει
1630 3355 1671 3414 sic
1691 3370 1740 3414 eos

79 3487 86 3514 ,
115 3447 248 3518 quaedam
282 3445 466 3503 imbecillitas
485 3448 575 3504 anirni
609 3456 637 3505 et
671 3451 839 3520 impotentia
894 3452 1008 3520 punire,
1033 3449 1086 3521 qui
1109 3455 1287 3504 meruerunt.
1303 3445 1453 3517 Quidquid
1468 3458 1537 3502 vero
1558 3445 1672 3516 justum
1687 3452 1738 3513 est,

81 3531 315 3589 mationabilium
334 3541 467 3590 motuum
484 3534 549 3605 ejus
563 3535 736 3605 impulsibus
755 3538 838 3594 resis-
893 3540 1001 3597 honum
1028 3553 1090 3595 esse
1110 3543 1229 3593 constat.
1247 3536 1341 3592 Poenae
1362 3535 1461 3605 itaque
1478 3534 1631 3604 illae,quas
1659 3548 1738 3591 sum-

79 998 176 1056 titudo
210 998 309 1069 itaque
339 996 424 1054 nobis
459 999 592 1067 partibus
615 999 733 1057 videtur
760 1015 836 1058 com-

79 1088 140 1158 ndi,
156 1087 393 1159 magnanimitate
405 1085 513 1144 scilieet
527 1094 554 1144 et
569 1088 730 1146 tolerantia.

92 1177 131 1242 v.)
150 1175 373 1248 Magnanimitas
391 1190 459 1232 vero
478 1183 529 1245 est,
546 1191 606 1249 qua
622 1192 689 1235 cum
711 1181 836 1238 rationa-

79 1265 246 1323 substantiee
265 1278 354 1321 causa
374 1265 510 1335 quaelibet
533 1267 626 1324 ardua
645 1269 764 1341 aggredi
788 1285 836 1328 su·

79 1353 176 1425 parati.
192 1353 354 1410 tolerantia
368 1361 465 1411 autem
481 1362 533 1423 est,
550 1370 610 1426 qua
624 1356 754 1430 inhujus
769 1373 837 1431 pro·

91 1442 203 1514 incepto
219 1449 384 1499 constanter
398 1457 628 1513 perseveramus.

79 3634 128 3677 ton
150 3620 283 3688 valentis,
301 3622 442 3692 aquibus
461 3624 544 3694 quasi
563 3624 738 3695 quibusdam
754 3627 838 3683 satel·
893 3625 1104 3691 mummolum,
1121 3623 1166 3680 vel
1182 3637 1329 3679 summum
1353 3621 1478 3678 hominis
1494 3621 1604 3677 malum
1623 3637 1739 3679 nuncu·

79 3723 93 3764 s
119 3709 149 3764 in
171 3708 305 3765 miseram
325 3709 463 3766 vitiorum
484 3712 679 3782 captivitatem
698 3728 779 3770 mens
796 3715 840 3771 in·
894 3728 956 3785 pes,
980 3715 1042 3770 siue
1069 3712 1158 3768 dubio
1173 3712 1255 3767 boote
1282 3717 1360 3766 sunt.
1386 3709 1458 3768 Vide
1472 3723 1541 3780 ergo
1556 3723 1592 3765 an
1606 3708 1634 3764 id
1660 3711 1739 3780 qnod

101 3797 227 3853 trahitur
249 3804 277 3854 et
301 3812 426 3868 quorum
453 3798 594 3856 dominari
619 3801 718 3859 debuit
733 3803 840 3861 ancilla
893 3804 1003 3860 honum
1023 3805 1065 3858 est
1081 3801 1278 3871 potiusquam
1303 3799 1423 3864 malum,
1439 3798 1594 3855 concedere
1614 3798 1740 3855 videaris

79 3895 132 3943 cnt
146 3893 244 3943 autem
256 3886 516 3957 iustitiavoluntas
531 3888 687 3959 illaquam
698 3892 837 3961 diximus,
893 3906 953 3948 εεεε
975 3902 1123 3947 summum
1138 3887 1258 3944 malum.
1283 3887 1346 3955 Qua
1368 3887 1445 3943 enim
1462 3887 1574 3944 ratione
1592 3901 1740 3944 summum

83 3983 136 4043 est,
160 3975 200 4030 ita
220 3975 363 4045 injustitia
386 3976 521 4032 voluntas
536 3978 739 4035 contrarialdt
755 3980 839 4050 justi·
893 3980 1003 4037 malum
1028 3978 1073 4035 rel
1097 3991 1245 4034 summum
1272 3976 1397 4034 hominis
1426 3974 1537 4033 malum
1564 3975 1642 4032 dicas
1661 3976 1739 4046 quod
1808 4021 1809 4024 ι

79 4063 171 4120 tidem
191 4063 300 4120 bonum
321 4064 478 4130 hominem,
495 4065 538 4121 lor
557 4064 617 4137 (lul.
635 4067 670 4120 40
685 4067 730 4139 R.)
745 4068 838 4126 titudo
893 4066 1184 4126 nullatenus-malum
1198 4067 1245 4134 sit,
1261 4080 1318 4122 non
1334 4064 1434 4122 videol

79 4152 308 4222 ectemperantia
323 4152 444 4220 prqbum
459 4152 598 4220 elilciunt,
615 4154 695 4224 quia,
709 4156 786 4225 quod
801 4169 838 4211 ex
928 4158 1039 4216 Portos.
1061 4156 1219 4212 bleminisse
1247 4162 1274 4211 te
1294 4159 1415 4225 oportet,
1445 4168 1462 4210 a
1489 4154 1578 4224 teipso
1605 4153 1740 4223 superius

79 4239 192 4297 olumus
214 4240 279 4314 [leg.
301 4240 459 4311 volumus]‚
475 4254 512 4296 ex
536 4241 581 4297 his
597 4242 633 4297 ad
655 4243 839 4302 efficiendum
854 4253 876 4310 n
892 4254 952 4304 tam
971 4254 1136 4304 nostrorum
1152 4257 1241 4315 quam
1266 4251 1427 4300 vestrorum
1449 4242 1617 4299 testimoniis
1645 4249 1738 4298 osten·

79 4333 208 4386 isumus.
240 4330 437 4386 Putasautem
460 4330 550 4385 mein
573 4332 725 4400 presentia
748 4333 837 4405 [rum]
893 4338 922 4395 di
949 4335 1018 4408 [sse]
1040 4347 1154 4390 omnem
1181 4347 1298 4403 quoque
1321 4332 1506 4390 alllictiouem
1521 4330 1740 4401 malumpolius

79 4432 100 4474 ts
123 4432 174 4474 seu
197 4426 291 4488 partos
310 4417 428 4475 virtutis
443 4418 481 4473 ita
497 4418 669 4486 distinxisse,
694 4429 727 4478 ut
747 4422 777 4478 io
793 4422 838 4478 his
893 4440 981 4497 quam
1009 4423 1118 4480 bonum
1144 4435 1213 4479 esse.
1239 4421 1303 4478 Non
1327 4429 1424 4479 tamon
1449 4421 1513 4478 ideo
1538 4433 1652 4477 omnem
1676 4433 1738 4476 esse

79 4521 100 4563 ιε
121 4521 220 4563 omncs
242 4506 466 4576 concludantur,
491 4507 600 4579 quibus
626 4510 662 4564 ad
686 4510 838 4567 beatitudi·
893 4514 998 4572 malam
1025 4511 1241 4569 concedendum
1270 4509 1405 4577 arbitror,
1440 4509 1607 4580 frequenter
1630 4508 1739 4579 quippe

91 4596 266 4668 pertingitur
293 4604 321 4653 et
344 4611 490 4653 summum
522 4598 705 4667 promeritis
728 4598 836 4656 bonum
891 4616 1031 4675 generum
1056 4598 1230 4672 permutatio
1260 4599 1290 4654 in
1318 4599 1468 4670 adjectivis
1494 4596 1738 4654 nominibusseu·

79 4685 229 4742 henditur.
252 4686 337 4743 Nunc
360 4686 384 4740 si
407 4685 505 4742 visum
525 4686 562 4742 sit
581 4688 743 4759 prudentie
767 4695 835 4758 tuae,
891 4706 956 4749 sum
970 4690 1075 4756 variat,
1099 4697 1130 4745 nt
1145 4688 1225 4744 aliud
1244 4687 1388 4759 significet
1412 4701 1526 4757 poenam
1540 4700 1601 4743 esse
1619 4686 1738 4753 honam,

85 4773 116 4830 in
135 4773 180 4829 his
195 4775 315 4846 probare
330 4774 375 4831 vel
391 4774 555 4845 improbare
569 4775 740 4838 decreveris,
754 4777 800 4833 vel
812 4779 837 4834 si
890 4787 918 4837 et
936 4779 1016 4837 aliud
1042 4779 1136 4836 dicere
1153 4790 1267 4848 poenam
1290 4791 1352 4834 esse
1371 4776 1490 4842 henum,
1507 4775 1535 4831 id
1548 4783 1590 4833 εει
1605 4788 1666 4831 rem
1685 4775 1735 4831 bo·

88 4862 205 4920 lortasse
226 4863 263 4920 ad
287 4865 489 4934 perlectionem
505 4863 669 4921 addendum
690 4879 751 4922 esse
766 4880 836 4923 cen-
890 4882 968 4925 nam.
988 4867 1069 4924 Sicut
1094 4865 1175 4922 aliud
1203 4872 1244 4921 εει
1269 4866 1363 4922 dicere
1387 4865 1464 4921 hanc
1481 4878 1587 4920 aeream
1612 4871 1738 4920 metuam

79 4967 94 5021 t,
111 4953 204 5022 parati
218 4967 320 5010 sumus
332 4953 473 5024 excipere.
889 4971 950 5014 esse
977 4962 1156 5027 perpetuam,
1186 4954 1262 5025 quod
1291 4953 1397 5010 laisum
1420 4961 1474 5021 est,
1497 4953 1578 5010 aliud
1598 4965 1662 5009 eam
1677 4965 1739 5008 esse

79 5055 185 5098 usmis.
210 5041 257 5098 Sic
276 5042 402 5113 prolecto
421 5043 565 5099 convenit.
586 5041 639 5099 Sed
663 5042 834 5114 priusquam
891 5052 1074 5116 perpetuum,
1090 5044 1118 5100 id
1146 5052 1190 5102 est
1217 5057 1277 5100 rem
1297 5043 1429 5112 aliquam
1443 5057 1510 5114 quae
1533 5048 1672 5112 perpetua
1690 5038 1737 5102 sit,

80 5131 223 5186 ssummi
250 5131 329 5198 boni,
361 5146 435 5203 quos
455 5131 588 5203 posuisti,
612 5131 721 5204 gradus
735 5133 834 5189 renia-
890 5131 968 5205 quod
990 5145 1093 5188 verum
1117 5139 1168 5198 est,
1190 5138 1288 5202 utpote
1312 5133 1408 5202 ipsum
1431 5130 1569 5200 aescujue
1587 5141 1687 5198 perpes
1710 5134 1740 5184 et

94 5218 131 5275 ad
161 5219 359 5278 intermissum
390 5235 449 5278 non
476 5220 628 5277 dimissum
661 5219 835 5280 desummo
890 5221 1057 5279 indeficiens
1078 5227 1121 5277 est
1135 5227 1251 5278 natura.
1279 5220 1332 5278 Sed
1346 5227 1375 5277 et
1389 5233 1456 5277 oum
1474 5218 1569 5273 omnis
1581 5215 1738 5288 propositio

79 5306 126 5363 -vel
141 5322 257 5365 summo
272 5309 348 5365 malo
365 5308 531 5366 condictum
544 5309 707 5378 redeamus,
720 5317 749 5368 et
763 5309 835 5381 quid
890 5310 1079 5381 compositum
1094 5310 1242 5382 quoddam
1255 5309 1293 5366 sit
1315 5322 1374 5364 non
1403 5314 1499 5362 umen
1522 5319 1638 5364 omnem
1665 5319 1742 5362 com·

79 5395 157 5452 iciter
175 5411 324 5454 summum
345 5397 454 5454 honum
476 5398 521 5454 vel
546 5411 695 5455 summum
722 5399 833 5457 malum
891 5400 1013 5471 positam
1027 5399 1161 5467 dicimus,
1182 5398 1231 5455 sed
1251 5397 1329 5453 illam
1345 5403 1468 5464 tantum,
1486 5394 1541 5466 (iol.
1555 5395 1587 5449 dl
1610 5393 1657 5462 R.)
1672 5408 1739 5466 quae

79 5499 112 5557 ιι,
137 5493 164 5544 ει
190 5500 228 5543 an
260 5485 339 5544 aliud
362 5499 510 5547 summum
538 5487 648 5546 bouum
670 5487 717 5558 sit,
742 5503 855 5562 quam«.
890 5489 1105 5561 prepositiones
1122 5488 1153 5546 in
1177 5486 1307 5559 partibus
1333 5485 1429 5556 habet,
1459 5485 1571 5547 honest
1594 5482 1738 5565 hypothe-
1799 5530 1806 5544 .
