<?xml version="1.0" encoding="UTF-8"?>
<!DOCTYPE html PUBLIC "-//W3C//DTD XHTML 1.0 Transitional//EN"
    "http://www.w3.org/TR/xhtml1/DTD/xhtml1-transitional.dtd">
<html xmlns="http://www.w3.org/1999/xhtml" xml:lang="en" lang="en">
 <head>
  <title>
</title>
<meta http-equiv="Content-Type" content="text/html;charset=utf-8" />
  <meta name='ocr-system' content='tesseract 3.04.00' />
  <meta name='ocr-capabilities' content='ocr_page ocr_carea ocr_par ocr_line ocrx_word'/>
</head>
<body>
  <div class='ocr_page' id='page_1' title='image "./patrologiaecurs53unkngoog_0632.png"; bbox 0 0 3804 5962; ppageno 0'>
   <div class='ocr_carea' id='block_1_1' title="bbox 518 193 1149 251">
    <p class='ocr_par' dir='ltr' id='par_1_1' title="bbox 518 193 1149 251">
     <span class='ocr_line' id='line_1_1' title="bbox 518 193 1149 251; baseline -0.005 -3"><span class='ocrx_word' id='word_1_1' title='bbox 518 193 715 250; x_wconf 76' lang='lat' dir='ltr'>ruuoeddlt</span> <span class='ocrx_word' id='word_1_2' title='bbox 734 193 951 251; x_wconf 67' lang='lat' dir='ltr'>cuulsrtuuu·</span> <span class='ocrx_word' id='word_1_3' title='bbox 964 222 1001 234; x_wconf 92' lang='lat'><em>-</em></span> <span class='ocrx_word' id='word_1_4' title='bbox 1017 194 1081 249; x_wconf 87' lang='lat' dir='ltr'>LIB.</span> <span class='ocrx_word' id='word_1_5' title='bbox 1102 193 1149 246; x_wconf 92' lang='lat' dir='ltr'>lll.</span> 
     </span>
    </p>
   </div>
   <div class='ocr_carea' id='block_1_2' title="bbox 79 313 1790 390">
    <p class='ocr_par' dir='ltr' id='par_1_2' title="bbox 79 313 1790 390">
     <span class='ocr_line' id='line_1_2' title="bbox 79 313 1790 390; baseline -0.002 -15"><span class='ocrx_word' id='word_1_6' title='bbox 79 332 144 384; x_wconf 85' lang='lat' dir='ltr'>era,</span> <span class='ocrx_word' id='word_1_7' title='bbox 160 318 214 374; x_wconf 88' lang='lat' dir='ltr'>hoe</span> <span class='ocrx_word' id='word_1_8' title='bbox 237 324 278 374; x_wconf 91' lang='lat' dir='ltr'>est</span> <span class='ocrx_word' id='word_1_9' title='bbox 297 331 342 374; x_wconf 93' lang='lat' dir='ltr'>res</span> <span class='ocrx_word' id='word_1_10' title='bbox 363 318 461 388; x_wconf 85' lang='lat' dir='ltr'>aliqua</span> <span class='ocrx_word' id='word_1_11' title='bbox 482 318 565 390; x_wconf 92' lang='lat' dir='ltr'>prior</span> <span class='ocrx_word' id='word_1_12' title='bbox 587 332 662 386; x_wconf 88' lang='lat' dir='ltr'>cera,</span> <span class='ocrx_word' id='word_1_13' title='bbox 679 325 750 374; x_wconf 91' lang='lat' dir='ltr'>tunc</span> <span class='ocrx_word' id='word_1_14' title='bbox 772 318 813 388; x_wconf 85' lang='lat' dir='ltr'>ip</span> <span class='ocrx_word' id='word_1_15' title='bbox 827 319 852 375; x_wconf 83' lang='grc' dir='ltr'><strong>Α</strong></span> <span class='ocrx_word' id='word_1_16' title='bbox 866 334 963 386; x_wconf 81' lang='lat' dir='ltr'>vertas,</span> <span class='ocrx_word' id='word_1_17' title='bbox 993 319 1016 375; x_wconf 87' lang='lat' dir='ltr'>ai</span> <span class='ocrx_word' id='word_1_18' title='bbox 1045 318 1080 374; x_wconf 90' lang='lat' dir='ltr'>ad</span> <span class='ocrx_word' id='word_1_19' title='bbox 1094 357 1100 371; x_wconf 89' lang='lat'>.</span> <span class='ocrx_word' id='word_1_20' title='bbox 1114 316 1292 373; x_wconf 82' lang='lat' dir='ltr'>identitatem</span> <span class='ocrx_word' id='word_1_21' title='bbox 1322 313 1503 372; x_wconf 81' lang='lat' dir='ltr'>ditunttionis</span> <span class='ocrx_word' id='word_1_22' title='bbox 1533 323 1718 386; x_wconf 79' lang='lat' dir='ltr'>supponatur</span> <span class='ocrx_word' id='word_1_23' title='bbox 1783 378 1790 383; x_wconf 54' lang='grc'><strong><em>,</em></strong></span> 
     </span>
    </p>
   </div>
   <div class='ocr_carea' id='block_1_3' title="bbox 79 407 819 1625">
    <p class='ocr_par' dir='ltr' id='par_1_3' title="bbox 79 407 817 1007">
     <span class='ocr_line' id='line_1_3' title="bbox 79 407 815 478; baseline 0 -15"><span class='ocrx_word' id='word_1_24' title='bbox 79 407 156 478; x_wconf 88' lang='lat' dir='ltr'>›pulo</span> <span class='ocrx_word' id='word_1_25' title='bbox 170 414 198 463; x_wconf 88' lang='grc' dir='ltr'>ει</span> <span class='ocrx_word' id='word_1_26' title='bbox 217 407 339 476; x_wconf 74' lang='lat' dir='ltr'>praedico</span> <span class='ocrx_word' id='word_1_27' title='bbox 363 407 530 475; x_wconf 82' lang='lat' dir='ltr'>formatum,</span> <span class='ocrx_word' id='word_1_28' title='bbox 545 421 578 463; x_wconf 87' lang='lat' dir='ltr'>ae</span> <span class='ocrx_word' id='word_1_29' title='bbox 596 421 666 464; x_wconf 83' lang='lat' dir='ltr'>uera</span> <span class='ocrx_word' id='word_1_30' title='bbox 682 415 723 463; x_wconf 91' lang='lat' dir='ltr'>est</span> <span class='ocrx_word' id='word_1_31' title='bbox 746 421 815 476; x_wconf 92' lang='lat' dir='ltr'>pro-</span> 
     </span>
     <span class='ocr_line' id='line_1_4' title="bbox 94 495 816 564; baseline -0.003 -14"><span class='ocrx_word' id='word_1_32' title='bbox 94 495 243 564; x_wconf 87' lang='lat' dir='ltr'>cumipse</span> <span class='ocrx_word' id='word_1_33' title='bbox 267 496 363 564; x_wconf 80' lang='lat' dir='ltr'>imago</span> <span class='ocrx_word' id='word_1_34' title='bbox 385 495 421 549; x_wconf 89' lang='lat' dir='ltr'>sit</span> <span class='ocrx_word' id='word_1_35' title='bbox 443 508 547 563; x_wconf 90' lang='lat' dir='ltr'>corpus</span> <span class='ocrx_word' id='word_1_36' title='bbox 569 496 648 564; x_wconf 82' lang='lat' dir='ltr'>quod</span> <span class='ocrx_word' id='word_1_37' title='bbox 669 502 711 550; x_wconf 90' lang='lat' dir='ltr'>est</span> <span class='ocrx_word' id='word_1_38' title='bbox 734 495 816 564; x_wconf 86' lang='lat' dir='ltr'>prius</span> 
     </span>
     <span class='ocr_line' id='line_1_5' title="bbox 79 583 816 653; baseline -0.003 -14"><span class='ocrx_word' id='word_1_39' title='bbox 79 585 105 640; x_wconf 91' lang='lat' dir='ltr'>ie</span> <span class='ocrx_word' id='word_1_40' title='bbox 117 592 145 640; x_wconf 90' lang='grc' dir='ltr'>ει</span> <span class='ocrx_word' id='word_1_41' title='bbox 171 584 300 639; x_wconf 82' lang='lat' dir='ltr'>Socrates</span> <span class='ocrx_word' id='word_1_42' title='bbox 323 597 381 637; x_wconf 89' lang='lat' dir='ltr'>mm</span> <span class='ocrx_word' id='word_1_43' title='bbox 409 583 494 638; x_wconf 88' lang='lat' dir='ltr'>habet</span> <span class='ocrx_word' id='word_1_44' title='bbox 516 585 745 653; x_wconf 81' lang='lat' dir='ltr'>perpetuitatem,</span> <span class='ocrx_word' id='word_1_45' title='bbox 762 584 816 638; x_wconf 86' lang='lat' dir='ltr'>hoc</span> 
     </span>
     <span class='ocr_line' id='line_1_6' title="bbox 79 672 815 743; baseline -0.003 -15"><span class='ocrx_word' id='word_1_46' title='bbox 79 680 139 729; x_wconf 79' lang='lat' dir='ltr'>test</span> <span class='ocrx_word' id='word_1_47' title='bbox 164 681 335 743; x_wconf 89' lang='lat' dir='ltr'>perpetuus,</span> <span class='ocrx_word' id='word_1_48' title='bbox 352 672 416 728; x_wconf 90' lang='lat' dir='ltr'>licet</span> <span class='ocrx_word' id='word_1_49' title='bbox 443 672 479 726; x_wconf 92' lang='lat' dir='ltr'>sit</span> <span class='ocrx_word' id='word_1_50' title='bbox 502 686 549 741; x_wconf 81' lang='lat' dir='ltr'>res</span> <span class='ocrx_word' id='word_1_51' title='bbox 572 680 712 742; x_wconf 89' lang='lat' dir='ltr'>perpetua</span> <span class='ocrx_word' id='word_1_52' title='bbox 728 672 815 727; x_wconf 90' lang='lat' dir='ltr'>sicuti</span> 
     </span>
     <span class='ocr_line' id='line_1_7' title="bbox 79 761 817 831; baseline 0.001 -15"><span class='ocrx_word' id='word_1_53' title='bbox 79 775 148 831; x_wconf 88' lang='lat' dir='ltr'>pus.</span> <span class='ocrx_word' id='word_1_54' title='bbox 165 761 283 816; x_wconf 86' lang='lat' dir='ltr'>Ostensa</span> <span class='ocrx_word' id='word_1_55' title='bbox 310 761 408 831; x_wconf 87' lang='lat' dir='ltr'>itaque</span> <span class='ocrx_word' id='word_1_56' title='bbox 428 775 495 831; x_wconf 75' lang='lat' dir='ltr'>quae</span> <span class='ocrx_word' id='word_1_57' title='bbox 512 761 568 816; x_wconf 89' lang='lat' dir='ltr'>sint</span> <span class='ocrx_word' id='word_1_58' title='bbox 590 761 817 831; x_wconf 81' lang='lat' dir='ltr'>proprietatibus</span> 
     </span>
     <span class='ocr_line' id='line_1_8' title="bbox 83 849 817 920; baseline -0.001 -15"><span class='ocrx_word' id='word_1_59' title='bbox 83 850 218 918; x_wconf 89' lang='lat' dir='ltr'>,clarum</span> <span class='ocrx_word' id='word_1_60' title='bbox 247 857 288 904; x_wconf 86' lang='lat' dir='ltr'>est</span> <span class='ocrx_word' id='word_1_61' title='bbox 316 864 331 903; x_wconf 90' lang='lat' dir='ltr'>e</span> <span class='ocrx_word' id='word_1_62' title='bbox 364 850 510 905; x_wconf 88' lang='lat' dir='ltr'>contrario</span> <span class='ocrx_word' id='word_1_63' title='bbox 538 864 605 920; x_wconf 72' lang='lat' dir='ltr'>quae</span> <span class='ocrx_word' id='word_1_64' title='bbox 634 849 692 905; x_wconf 92' lang='lat' dir='ltr'>sint</span> <span class='ocrx_word' id='word_1_65' title='bbox 717 849 817 905; x_wconf 89' lang='lat' dir='ltr'>eadem</span> 
     </span>
     <span class='ocr_line' id='line_1_9' title="bbox 80 938 401 1007; baseline -0.006 -14"><span class='ocrx_word' id='word_1_66' title='bbox 80 939 168 994; x_wconf 88' lang='lat' dir='ltr'>ientia</span> <span class='ocrx_word' id='word_1_67' title='bbox 183 938 401 1007; x_wconf 80' lang='lat' dir='ltr'>proprietatum.</span> 
     </span>
    </p>

    <p class='ocr_par' dir='ltr' id='par_1_4' title="bbox 79 1025 819 1625">
     <span class='ocr_line' id='line_1_10' title="bbox 79 1025 818 1096; baseline 0 -14"><span class='ocrx_word' id='word_1_68' title='bbox 79 1027 119 1082; x_wconf 88' lang='lat' dir='ltr'>nis</span> <span class='ocrx_word' id='word_1_69' title='bbox 145 1034 243 1081; x_wconf 90' lang='lat' dir='ltr'>autem</span> <span class='ocrx_word' id='word_1_70' title='bbox 278 1041 343 1096; x_wconf 81' lang='lat' dir='ltr'>qum</span> <span class='ocrx_word' id='word_1_71' title='bbox 369 1025 476 1081; x_wconf 86' lang='lat' dir='ltr'>scilicet</span> <span class='ocrx_word' id='word_1_72' title='bbox 504 1027 604 1082; x_wconf 89' lang='lat' dir='ltr'>eadem</span> <span class='ocrx_word' id='word_1_73' title='bbox 630 1026 818 1083; x_wconf 85' lang='lat' dir='ltr'>essentialiter</span> 
     </span>
     <span class='ocr_line' id='line_1_11' title="bbox 79 1112 818 1184; baseline 0.001 -16"><span class='ocrx_word' id='word_1_74' title='bbox 79 1115 206 1184; x_wconf 79' lang='lat' dir='ltr'>tprietate</span> <span class='ocrx_word' id='word_1_75' title='bbox 221 1113 370 1179; x_wconf 90' lang='lat' dir='ltr'>dicuntur,</span> <span class='ocrx_word' id='word_1_76' title='bbox 388 1114 522 1184; x_wconf 77' lang='lat' dir='ltr'>quaedam</span> <span class='ocrx_word' id='word_1_77' title='bbox 547 1112 721 1169; x_wconf 83' lang='lat' dir='ltr'>diffinitione</span> <span class='ocrx_word' id='word_1_78' title='bbox 745 1127 818 1184; x_wconf 87' lang='lat' dir='ltr'>quo·</span> 
     </span>
     <span class='ocr_line' id='line_1_12' title="bbox 79 1203 818 1269; baseline -0.001 -10"><span class='ocrx_word' id='word_1_79' title='bbox 79 1204 135 1260; x_wconf 90' lang='lat' dir='ltr'>lem</span> <span class='ocrx_word' id='word_1_80' title='bbox 163 1209 240 1268; x_wconf 92' lang='lat' dir='ltr'>sunt,</span> <span class='ocrx_word' id='word_1_81' title='bbox 256 1203 331 1258; x_wconf 91' lang='lat' dir='ltr'>sicut</span> <span class='ocrx_word' id='word_1_82' title='bbox 354 1206 430 1258; x_wconf 84' lang='lat' dir='ltr'>ensis</span> <span class='ocrx_word' id='word_1_83' title='bbox 445 1211 472 1259; x_wconf 92' lang='lat' dir='ltr'>et</span> <span class='ocrx_word' id='word_1_84' title='bbox 494 1217 606 1269; x_wconf 90' lang='lat' dir='ltr'>mucro,</span> <span class='ocrx_word' id='word_1_85' title='bbox 623 1203 668 1259; x_wconf 86' lang='lat' dir='ltr'>vel</span> <span class='ocrx_word' id='word_1_86' title='bbox 691 1204 768 1258; x_wconf 87' lang='lat' dir='ltr'>llam</span> <span class='ocrx_word' id='word_1_87' title='bbox 792 1209 818 1258; x_wconf 92' lang='lat' dir='ltr'>et</span> 
     </span>
     <span class='ocr_line' id='line_1_13' title="bbox 79 1290 819 1362; baseline 0.003 -20"><span class='ocrx_word' id='word_1_88' title='bbox 79 1327 91 1359; x_wconf 65' lang='lat'>,‚</span> <span class='ocrx_word' id='word_1_89' title='bbox 107 1299 389 1362; x_wconf 84' lang='lat' dir='ltr'>etquorumeunque</span> <span class='ocrx_word' id='word_1_90' title='bbox 412 1292 511 1346; x_wconf 90' lang='lat' dir='ltr'>cadem</span> <span class='ocrx_word' id='word_1_91' title='bbox 535 1291 649 1360; x_wconf 89' lang='lat' dir='ltr'>penitus</span> <span class='ocrx_word' id='word_1_92' title='bbox 674 1298 715 1346; x_wconf 88' lang='lat' dir='ltr'>cst</span> <span class='ocrx_word' id='word_1_93' title='bbox 739 1290 819 1345; x_wconf 89' lang='lat' dir='ltr'>dilli-</span> 
     </span>
     <span class='ocr_line' id='line_1_14' title="bbox 79 1380 819 1451; baseline 0 -15"><span class='ocrx_word' id='word_1_94' title='bbox 79 1380 208 1451; x_wconf 79' lang='lat' dir='ltr'>puoniam</span> <span class='ocrx_word' id='word_1_95' title='bbox 233 1395 291 1436; x_wconf 90' lang='lat' dir='ltr'>non</span> <span class='ocrx_word' id='word_1_96' title='bbox 315 1381 495 1435; x_wconf 88' lang='lat' dir='ltr'>solummodo</span> <span class='ocrx_word' id='word_1_97' title='bbox 510 1382 588 1435; x_wconf 91' lang='lat' dir='ltr'>ensis</span> <span class='ocrx_word' id='word_1_98' title='bbox 602 1386 630 1436; x_wconf 88' lang='grc' dir='ltr'>ει</span> <span class='ocrx_word' id='word_1_99' title='bbox 649 1394 749 1435; x_wconf 90' lang='lat' dir='ltr'>mucro</span> <span class='ocrx_word' id='word_1_100' title='bbox 775 1386 819 1436; x_wconf 97' lang='grc' dir='ltr'>εει</span> 
     </span>
     <span class='ocr_line' id='line_1_15' title="bbox 79 1468 816 1538; baseline -0.001 -14"><span class='ocrx_word' id='word_1_101' title='bbox 79 1483 110 1524; x_wconf 93' lang='lat' dir='ltr'>ro</span> <span class='ocrx_word' id='word_1_102' title='bbox 125 1469 217 1533; x_wconf 90' lang='lat' dir='ltr'>ensis;</span> <span class='ocrx_word' id='word_1_103' title='bbox 235 1468 436 1523; x_wconf 88' lang='lat' dir='ltr'>verumetiam</span> <span class='ocrx_word' id='word_1_104' title='bbox 451 1482 487 1523; x_wconf 80' lang='lat' dir='ltr'>en</span> <span class='ocrx_word' id='word_1_105' title='bbox 503 1469 557 1523; x_wconf 86' lang='lat' dir='ltr'>hoc</span> <span class='ocrx_word' id='word_1_106' title='bbox 582 1468 659 1538; x_wconf 87' lang='lat' dir='ltr'>quod</span> <span class='ocrx_word' id='word_1_107' title='bbox 674 1469 750 1524; x_wconf 88' lang='lat' dir='ltr'>ensis</span> <span class='ocrx_word' id='word_1_108' title='bbox 764 1475 816 1533; x_wconf 90' lang='grc' dir='ltr'><strong>εει,</strong></span> 
     </span>
     <span class='ocr_line' id='line_1_16' title="bbox 98 1556 819 1625; baseline -0.004 -12"><span class='ocrx_word' id='word_1_109' title='bbox 98 1563 151 1622; x_wconf 91' lang='grc' dir='ltr'><strong>εει,</strong></span> <span class='ocrx_word' id='word_1_110' title='bbox 167 1565 194 1612; x_wconf 94' lang='grc' dir='ltr'>ει</span> <span class='ocrx_word' id='word_1_111' title='bbox 219 1570 236 1610; x_wconf 89' lang='lat' dir='ltr'>a</span> <span class='ocrx_word' id='word_1_112' title='bbox 258 1571 406 1622; x_wconf 89' lang='lat' dir='ltr'>converso,</span> <span class='ocrx_word' id='word_1_113' title='bbox 423 1564 455 1612; x_wconf 93' lang='lat' dir='ltr'>ut</span> <span class='ocrx_word' id='word_1_114' title='bbox 478 1557 577 1612; x_wconf 92' lang='lat' dir='ltr'>eadem</span> <span class='ocrx_word' id='word_1_115' title='bbox 606 1557 721 1625; x_wconf 87' lang='lat' dir='ltr'>penitus</span> <span class='ocrx_word' id='word_1_116' title='bbox 739 1556 819 1611; x_wconf 88' lang='lat' dir='ltr'>dilli-</span> 
     </span>
    </p>
   </div>
   <div class='ocr_carea' id='block_1_4' title="bbox 870 403 1778 1632">
    <p class='ocr_par' dir='ltr' id='par_1_5' title="bbox 870 403 1719 748">
     <span class='ocr_line' id='line_1_17' title="bbox 871 403 1715 474; baseline -0.002 -12"><span class='ocrx_word' id='word_1_117' title='bbox 871 409 952 471; x_wconf 82' lang='lat' dir='ltr'>idem,</span> <span class='ocrx_word' id='word_1_118' title='bbox 968 414 1001 464; x_wconf 89' lang='lat' dir='ltr'>ut</span> <span class='ocrx_word' id='word_1_119' title='bbox 1028 406 1160 463; x_wconf 87' lang='lat' dir='ltr'>videlicet</span> <span class='ocrx_word' id='word_1_120' title='bbox 1191 404 1371 461; x_wconf 79' lang='lat' dir='ltr'>tantumdem</span> <span class='ocrx_word' id='word_1_121' title='bbox 1399 403 1552 472; x_wconf 75' lang='lat' dir='ltr'>significet,</span> <span class='ocrx_word' id='word_1_122' title='bbox 1569 411 1715 474; x_wconf 82' lang='lat' dir='ltr'>qllanium</span> 
     </span>
     <span class='ocr_line' id='line_1_18' title="bbox 870 492 1719 564; baseline -0.007 -10"><span class='ocrx_word' id='word_1_123' title='bbox 870 513 974 554; x_wconf 90' lang='lat' dir='ltr'>nornen</span> <span class='ocrx_word' id='word_1_124' title='bbox 988 496 1120 553; x_wconf 89' lang='lat' dir='ltr'>mulieris</span> <span class='ocrx_word' id='word_1_125' title='bbox 1132 495 1300 564; x_wconf 89' lang='lat' dir='ltr'>simpliciter</span> <span class='ocrx_word' id='word_1_126' title='bbox 1324 495 1486 562; x_wconf 90' lang='lat' dir='ltr'>repetitum,</span> <span class='ocrx_word' id='word_1_127' title='bbox 1508 492 1611 548; x_wconf 92' lang='lat' dir='ltr'>mulier</span> <span class='ocrx_word' id='word_1_128' title='bbox 1636 493 1719 548; x_wconf 89' lang='lat' dir='ltr'>dam·</span> 
     </span>
     <span class='ocr_line' id='line_1_19' title="bbox 870 582 1718 653; baseline -0.006 -11"><span class='ocrx_word' id='word_1_129' title='bbox 870 588 962 653; x_wconf 88' lang='lat' dir='ltr'>navit,</span> <span class='ocrx_word' id='word_1_130' title='bbox 983 594 1011 644; x_wconf 92' lang='grc' dir='ltr'>ει</span> <span class='ocrx_word' id='word_1_131' title='bbox 1032 586 1138 641; x_wconf 90' lang='lat' dir='ltr'>mulier</span> <span class='ocrx_word' id='word_1_132' title='bbox 1153 585 1283 647; x_wconf 83' lang='lat' dir='ltr'>salvavit,</span> <span class='ocrx_word' id='word_1_133' title='bbox 1300 582 1377 653; x_wconf 83' lang='lat' dir='ltr'>qtuod</span> <span class='ocrx_word' id='word_1_134' title='bbox 1405 583 1522 651; x_wconf 79' lang='lat' dir='ltr'>paridem</span> <span class='ocrx_word' id='word_1_135' title='bbox 1547 595 1649 638; x_wconf 86' lang='lat' dir='ltr'>verum</span> <span class='ocrx_word' id='word_1_136' title='bbox 1675 588 1718 637; x_wconf 89' lang='lat' dir='ltr'>est</span> 
     </span>
     <span class='ocr_line' id='line_1_20' title="bbox 871 675 1208 748; baseline -0.015 -15"><span class='ocrx_word' id='word_1_137' title='bbox 871 692 922 748; x_wconf 88' lang='lat' dir='ltr'>per</span> <span class='ocrx_word' id='word_1_138' title='bbox 937 678 1025 732; x_wconf 81' lang='lat' dir='ltr'>Eram</span> <span class='ocrx_word' id='word_1_139' title='bbox 1040 684 1068 730; x_wconf 91' lang='lat' dir='ltr'>et</span> <span class='ocrx_word' id='word_1_140' title='bbox 1079 675 1208 730; x_wconf 88' lang='lat' dir='ltr'>llariam.</span> 
     </span>
    </p>

    <p class='ocr_par' dir='ltr' id='par_1_6' title="bbox 871 759 1778 1453">
     <span class='ocr_line' id='line_1_21' title="bbox 906 759 1714 830; baseline -0.009 -8"><span class='ocrx_word' id='word_1_141' title='bbox 906 767 985 823; x_wconf 84' lang='lat' dir='ltr'>idem</span> <span class='ocrx_word' id='word_1_142' title='bbox 999 779 1064 820; x_wconf 88' lang='lat' dir='ltr'>rero</span> <span class='ocrx_word' id='word_1_143' title='bbox 1079 763 1266 819; x_wconf 85' lang='lat' dir='ltr'>similitudine</span> <span class='ocrx_word' id='word_1_144' title='bbox 1281 761 1419 817; x_wconf 91' lang='lat' dir='ltr'>dicuntur</span> <span class='ocrx_word' id='word_1_145' title='bbox 1434 759 1570 830; x_wconf 83' lang='lat' dir='ltr'>quaelibet</span> <span class='ocrx_word' id='word_1_146' title='bbox 1590 759 1714 816; x_wconf 89' lang='lat' dir='ltr'>discreta</span> 
     </span>
     <span class='ocr_line' id='line_1_22' title="bbox 871 848 1712 922; baseline -0.01 -10"><span class='ocrx_word' id='word_1_147' title='bbox 871 855 1073 918; x_wconf 73' lang='lat' dir='ltr'>essentialiter,</span> <span class='ocrx_word' id='word_1_148' title='bbox 1092 868 1158 922; x_wconf 71' lang='lat' dir='ltr'>qiua&gt;</span> <span class='ocrx_word' id='word_1_149' title='bbox 1185 853 1213 906; x_wconf 95' lang='lat' dir='ltr'>in</span> <span class='ocrx_word' id='word_1_150' title='bbox 1240 850 1337 921; x_wconf 85' lang='lat' dir='ltr'>aliquo</span> <span class='ocrx_word' id='word_1_151' title='bbox 1357 849 1483 905; x_wconf 83' lang='lat' dir='ltr'>invicem</span> <span class='ocrx_word' id='word_1_152' title='bbox 1502 848 1610 905; x_wconf 90' lang='lat' dir='ltr'>similia</span> <span class='ocrx_word' id='word_1_153' title='bbox 1634 855 1712 917; x_wconf 88' lang='lat' dir='ltr'>sunt,</span> 
     </span>
     <span class='ocr_line' id='line_1_23' title="bbox 872 937 1720 1013; baseline -0.012 -11"><span class='ocrx_word' id='word_1_154' title='bbox 872 952 905 1002; x_wconf 91' lang='lat' dir='ltr'>ut</span> <span class='ocrx_word' id='word_1_155' title='bbox 924 943 1031 1013; x_wconf 90' lang='lat' dir='ltr'>species</span> <span class='ocrx_word' id='word_1_156' title='bbox 1045 943 1120 997; x_wconf 87' lang='lat' dir='ltr'>idern</span> <span class='ocrx_word' id='word_1_157' title='bbox 1139 948 1207 997; x_wconf 89' lang='lat' dir='ltr'>sunt</span> <span class='ocrx_word' id='word_1_158' title='bbox 1230 940 1260 995; x_wconf 92' lang='lat' dir='ltr'>in</span> <span class='ocrx_word' id='word_1_159' title='bbox 1283 953 1394 1010; x_wconf 82' lang='lat' dir='ltr'>genere,</span> <span class='ocrx_word' id='word_1_160' title='bbox 1411 937 1456 993; x_wconf 84' lang='lat' dir='ltr'>rel</span> <span class='ocrx_word' id='word_1_161' title='bbox 1474 937 1626 993; x_wconf 90' lang='lat' dir='ltr'>individua</span> <span class='ocrx_word' id='word_1_162' title='bbox 1646 937 1720 993; x_wconf 90' lang='lat' dir='ltr'>idem</span> 
     </span>
     <span class='ocr_line' id='line_1_24' title="bbox 875 1027 1722 1103; baseline -0.008 -14"><span class='ocrx_word' id='word_1_163' title='bbox 875 1035 904 1089; x_wconf 98' lang='lat' dir='ltr'>in</span> <span class='ocrx_word' id='word_1_164' title='bbox 919 1033 1020 1103; x_wconf 75' lang='lat' dir='ltr'>specie,</span> <span class='ocrx_word' id='word_1_165' title='bbox 1049 1033 1110 1086; x_wconf 87' lang='lat' dir='ltr'>sive</span> <span class='ocrx_word' id='word_1_166' title='bbox 1132 1043 1234 1096; x_wconf 79' lang='lat' dir='ltr'>tuntum,</span> <span class='ocrx_word' id='word_1_167' title='bbox 1250 1029 1295 1084; x_wconf 86' lang='lat' dir='ltr'>vel</span> <span class='ocrx_word' id='word_1_168' title='bbox 1325 1027 1458 1099; x_wconf 79' lang='lat' dir='ltr'>qualibet</span> <span class='ocrx_word' id='word_1_169' title='bbox 1474 1028 1503 1082; x_wconf 94' lang='lat' dir='ltr'>in</span> <span class='ocrx_word' id='word_1_170' title='bbox 1530 1027 1630 1097; x_wconf 83' lang='lat' dir='ltr'>aliquo</span> <span class='ocrx_word' id='word_1_171' title='bbox 1652 1041 1722 1082; x_wconf 89' lang='lat' dir='ltr'>con·</span> 
     </span>
     <span class='ocr_line' id='line_1_25' title="bbox 873 1111 1720 1180; baseline -0.006 -7"><span class='ocrx_word' id='word_1_172' title='bbox 873 1118 1018 1174; x_wconf 85' lang='lat' dir='ltr'>venientia</span> <span class='ocrx_word' id='word_1_173' title='bbox 1049 1116 1148 1171; x_wconf 91' lang='lat' dir='ltr'>eadem</span> <span class='ocrx_word' id='word_1_174' title='bbox 1176 1116 1325 1180; x_wconf 92' lang='lat' dir='ltr'>dicuntur,</span> <span class='ocrx_word' id='word_1_175' title='bbox 1348 1115 1400 1169; x_wconf 86' lang='lat' dir='ltr'>ltoc</span> <span class='ocrx_word' id='word_1_176' title='bbox 1423 1120 1465 1169; x_wconf 87' lang='lat' dir='ltr'>est</span> <span class='ocrx_word' id='word_1_177' title='bbox 1496 1111 1612 1168; x_wconf 88' lang='lat' dir='ltr'>similia.</span> <span class='ocrx_word' id='word_1_178' title='bbox 1640 1112 1720 1169; x_wconf 88' lang='lat' dir='ltr'>Unde</span> 
     </span>
     <span class='ocr_line' id='line_1_26' title="bbox 873 1201 1721 1277; baseline -0.008 -14"><span class='ocrx_word' id='word_1_179' title='bbox 873 1205 1068 1277; x_wconf 86' lang='lat' dir='ltr'>Porphyrius:</span> <span class='ocrx_word' id='word_1_180' title='bbox 1097 1226 1108 1254; x_wconf 71' lang='grc' dir='ltr'><strong>ι</strong></span> <span class='ocrx_word' id='word_1_181' title='bbox 1125 1202 1355 1273; x_wconf 71' lang='lat' dir='ltr'>participatione,</span> <span class='ocrx_word' id='word_1_182' title='bbox 1380 1202 1487 1274; x_wconf 88' lang='lat' dir='ltr'>inquit,</span> <span class='ocrx_word' id='word_1_183' title='bbox 1501 1201 1605 1271; x_wconf 90' lang='lat' dir='ltr'>speciei</span> <span class='ocrx_word' id='word_1_184' title='bbox 1622 1202 1721 1270; x_wconf 91' lang='lat' dir='ltr'>plures</span> 
     </span>
     <span class='ocr_line' id='line_1_27' title="bbox 874 1288 1778 1359; baseline -0.007 -9"><span class='ocrx_word' id='word_1_185' title='bbox 874 1295 1006 1350; x_wconf 88' lang='lat' dir='ltr'>homines</span> <span class='ocrx_word' id='word_1_186' title='bbox 1033 1305 1236 1348; x_wconf 77' lang='lat' dir='ltr'>uuest-unus</span> <span class='ocrx_word' id='word_1_187' title='bbox 1260 1298 1357 1347; x_wconf 89' lang='lat' dir='ltr'>autem</span> <span class='ocrx_word' id='word_1_188' title='bbox 1384 1298 1411 1346; x_wconf 90' lang='lat' dir='ltr'>et</span> <span class='ocrx_word' id='word_1_189' title='bbox 1437 1290 1600 1345; x_wconf 88' lang='lat' dir='ltr'>communis</span> <span class='ocrx_word' id='word_1_190' title='bbox 1630 1288 1719 1359; x_wconf 91' lang='lat' dir='ltr'>parti·</span> <span class='ocrx_word' id='word_1_191' title='bbox 1773 1335 1778 1344; x_wconf 95' lang='lat'>.</span> 
     </span>
     <span class='ocr_line' id='line_1_28' title="bbox 873 1383 1170 1453; baseline -0.017 -13"><span class='ocrx_word' id='word_1_192' title='bbox 873 1384 1024 1440; x_wconf 89' lang='lat' dir='ltr'>cularibus</span> <span class='ocrx_word' id='word_1_193' title='bbox 1035 1383 1140 1453; x_wconf 93' lang='lat' dir='ltr'>plures.</span> <span class='ocrx_word' id='word_1_194' title='bbox 1156 1401 1170 1430; x_wconf 80' lang='lat' dir='ltr'>n</span> 
     </span>
    </p>

    <p class='ocr_par' dir='ltr' id='par_1_7' title="bbox 872 1464 1723 1632">
     <span class='ocr_line' id='line_1_29' title="bbox 909 1464 1722 1539; baseline -0.01 -11"><span class='ocrx_word' id='word_1_195' title='bbox 909 1474 1036 1529; x_wconf 82' lang='lat' dir='ltr'>llicimus</span> <span class='ocrx_word' id='word_1_196' title='bbox 1049 1474 1135 1528; x_wconf 88' lang='lat' dir='ltr'>etiam</span> <span class='ocrx_word' id='word_1_197' title='bbox 1152 1471 1226 1525; x_wconf 93' lang='lat' dir='ltr'>idem</span> <span class='ocrx_word' id='word_1_198' title='bbox 1246 1482 1298 1539; x_wconf 93' lang='lat' dir='ltr'>pro</span> <span class='ocrx_word' id='word_1_199' title='bbox 1320 1467 1574 1533; x_wconf 83' lang='lat' dir='ltr'>incommunicato,</span> <span class='ocrx_word' id='word_1_200' title='bbox 1591 1473 1623 1524; x_wconf 92' lang='lat' dir='ltr'>ut</span> <span class='ocrx_word' id='word_1_201' title='bbox 1640 1464 1722 1523; x_wconf 91' lang='lat' dir='ltr'>&#39;sem-</span> 
     </span>
     <span class='ocr_line' id='line_1_30' title="bbox 872 1554 1723 1632; baseline -0.011 -14"><span class='ocrx_word' id='word_1_202' title='bbox 872 1576 922 1632; x_wconf 91' lang='lat' dir='ltr'>per</span> <span class='ocrx_word' id='word_1_203' title='bbox 938 1562 1011 1617; x_wconf 88' lang='lat' dir='ltr'>idern</span> <span class='ocrx_word' id='word_1_204' title='bbox 1028 1561 1104 1616; x_wconf 87' lang='lat' dir='ltr'>Deus</span> <span class='ocrx_word' id='word_1_205' title='bbox 1122 1565 1173 1625; x_wconf 91' lang='lat' dir='ltr'>est,</span> <span class='ocrx_word' id='word_1_206' title='bbox 1191 1558 1244 1614; x_wconf 88' lang='lat' dir='ltr'>hoc</span> <span class='ocrx_word' id='word_1_207' title='bbox 1257 1564 1298 1613; x_wconf 91' lang='lat' dir='ltr'>est</span> <span class='ocrx_word' id='word_1_208' title='bbox 1313 1570 1467 1626; x_wconf 82' lang='lat' dir='ltr'>utinquam</span> <span class='ocrx_word' id='word_1_209' title='bbox 1483 1557 1514 1611; x_wconf 92' lang='lat' dir='ltr'>in</span> <span class='ocrx_word' id='word_1_210' title='bbox 1538 1555 1637 1626; x_wconf 86' lang='lat' dir='ltr'>aliquo</span> <span class='ocrx_word' id='word_1_211' title='bbox 1653 1554 1723 1610; x_wconf 88' lang='lat' dir='ltr'>alte·</span> 
     </span>
    </p>
   </div>
   <div class='ocr_carea' id='block_1_5' title="bbox 79 1643 1723 1722">
    <p class='ocr_par' dir='ltr' id='par_1_8' title="bbox 79 1643 1723 1722">
     <span class='ocr_line' id='line_1_31' title="bbox 79 1643 1723 1722; baseline -0.004 -20"><span class='ocrx_word' id='word_1_212' title='bbox 79 1671 80 1693; x_wconf 58' lang='grc' dir='ltr'><strong>ι</strong></span> <span class='ocrx_word' id='word_1_213' title='bbox 103 1645 160 1702; x_wconf 79' lang='grc' dir='ltr'><strong>εἰει</strong></span> <span class='ocrx_word' id='word_1_214' title='bbox 185 1644 377 1707; x_wconf 87' lang='lat' dir='ltr'>terminanda,</span> <span class='ocrx_word' id='word_1_215' title='bbox 395 1660 461 1702; x_wconf 90' lang='lat' dir='ltr'>curu</span> <span class='ocrx_word' id='word_1_216' title='bbox 485 1645 560 1700; x_wconf 90' lang='lat' dir='ltr'>idem</span> <span class='ocrx_word' id='word_1_217' title='bbox 583 1645 621 1701; x_wconf 92' lang='lat' dir='ltr'>sit</span> <span class='ocrx_word' id='word_1_218' title='bbox 648 1659 818 1715; x_wconf 83' lang='lat' dir='ltr'>expressum</span> <span class='ocrx_word' id='word_1_219' title='bbox 836 1667 857 1722; x_wconf 76' lang='lat' dir='ltr'>p</span> <span class='ocrx_word' id='word_1_220' title='bbox 874 1659 955 1707; x_wconf 88' lang='lat' dir='ltr'>ratus</span> <span class='ocrx_word' id='word_1_221' title='bbox 969 1650 1013 1706; x_wconf 86' lang='lat' dir='ltr'>rel</span> <span class='ocrx_word' id='word_1_222' title='bbox 1028 1655 1218 1718; x_wconf 79' lang='lat' dir='ltr'>permutatae,</span> <span class='ocrx_word' id='word_1_223' title='bbox 1237 1647 1307 1716; x_wconf 86' lang='lat' dir='ltr'>quia</span> <span class='ocrx_word' id='word_1_224' title='bbox 1321 1646 1393 1700; x_wconf 86' lang='lat' dir='ltr'>nihil</span> <span class='ocrx_word' id='word_1_225' title='bbox 1410 1658 1540 1715; x_wconf 85' lang='lat' dir='ltr'>unquam</span> <span class='ocrx_word' id='word_1_226' title='bbox 1556 1651 1663 1700; x_wconf 88' lang='lat' dir='ltr'>natura</span> <span class='ocrx_word' id='word_1_227' title='bbox 1677 1643 1723 1697; x_wconf 87' lang='lat' dir='ltr'>lli·</span> 
     </span>
    </p>
   </div>
   <div class='ocr_carea' id='block_1_6' title="bbox 79 1733 823 2958">
    <p class='ocr_par' dir='ltr' id='par_1_9' title="bbox 79 1733 823 2958">
     <span class='ocr_line' id='line_1_32' title="bbox 81 1733 819 1803; baseline 0 -14"><span class='ocrx_word' id='word_1_228' title='bbox 81 1733 177 1803; x_wconf 91' lang='lat' dir='ltr'>prium</span> <span class='ocrx_word' id='word_1_229' title='bbox 205 1748 265 1789; x_wconf 90' lang='lat' dir='ltr'>esse</span> <span class='ocrx_word' id='word_1_230' title='bbox 293 1734 382 1802; x_wconf 88' lang='lat' dir='ltr'>hujus</span> <span class='ocrx_word' id='word_1_231' title='bbox 411 1734 489 1802; x_wconf 83' lang='lat' dir='ltr'>quod</span> <span class='ocrx_word' id='word_1_232' title='bbox 520 1733 608 1789; x_wconf 87' lang='lat' dir='ltr'>illius.</span> <span class='ocrx_word' id='word_1_233' title='bbox 634 1736 691 1790; x_wconf 90' lang='lat' dir='ltr'>lloc</span> <span class='ocrx_word' id='word_1_234' title='bbox 722 1741 819 1790; x_wconf 91' lang='lat' dir='ltr'>autem</span> 
     </span>
     <span class='ocr_line' id='line_1_33' title="bbox 79 1821 821 1893; baseline 0 -15"><span class='ocrx_word' id='word_1_235' title='bbox 79 1822 190 1878; x_wconf 85' lang='lat' dir='ltr'>Boetius</span> <span class='ocrx_word' id='word_1_236' title='bbox 211 1821 289 1878; x_wconf 89' lang='lat' dir='ltr'>idem</span> <span class='ocrx_word' id='word_1_237' title='bbox 303 1822 406 1891; x_wconf 90' lang='lat' dir='ltr'>accipit</span> <span class='ocrx_word' id='word_1_238' title='bbox 422 1824 452 1877; x_wconf 93' lang='lat' dir='ltr'>in</span> <span class='ocrx_word' id='word_1_239' title='bbox 468 1822 560 1892; x_wconf 88' lang='lat' dir='ltr'>primo</span> <span class='ocrx_word' id='word_1_240' title='bbox 574 1823 746 1893; x_wconf 86' lang='lat' dir='ltr'>Toplcorum</span> <span class='ocrx_word' id='word_1_241' title='bbox 771 1823 821 1879; x_wconf 89' lang='lat' dir='ltr'>ubi</span> 
     </span>
     <span class='ocr_line' id='line_1_34' title="bbox 79 1910 821 1978; baseline 0 -13"><span class='ocrx_word' id='word_1_242' title='bbox 79 1911 218 1966; x_wconf 77' lang='lat' dir='ltr'>ustionem</span> <span class='ocrx_word' id='word_1_243' title='bbox 233 1911 267 1966; x_wconf 88' lang='lat' dir='ltr'>de</span> <span class='ocrx_word' id='word_1_244' title='bbox 284 1910 456 1967; x_wconf 89' lang='lat' dir='ltr'>dillinitione</span> <span class='ocrx_word' id='word_1_245' title='bbox 471 1912 579 1967; x_wconf 88' lang='lat' dir='ltr'>essedo</span> <span class='ocrx_word' id='word_1_246' title='bbox 607 1913 718 1978; x_wconf 86' lang='lat' dir='ltr'>eodem,</span> <span class='ocrx_word' id='word_1_247' title='bbox 732 1911 821 1967; x_wconf 81' lang='lat' dir='ltr'>relrrti</span> 
     </span>
     <span class='ocr_line' id='line_1_35' title="bbox 79 1999 820 2069; baseline 0 -14"><span class='ocrx_word' id='word_1_248' title='bbox 79 1999 206 2068; x_wconf 74' lang='lat' dir='ltr'>juaeritur</span> <span class='ocrx_word' id='word_1_249' title='bbox 226 2018 240 2051; x_wconf 79' lang='lat' dir='ltr'>a</span> <span class='ocrx_word' id='word_1_250' title='bbox 263 2007 363 2055; x_wconf 90' lang='lat' dir='ltr'>utrum</span> <span class='ocrx_word' id='word_1_251' title='bbox 388 2000 461 2055; x_wconf 91' lang='lat' dir='ltr'>idem</span> <span class='ocrx_word' id='word_1_252' title='bbox 477 2001 513 2055; x_wconf 91' lang='lat' dir='ltr'>sit</span> <span class='ocrx_word' id='word_1_253' title='bbox 538 2001 607 2056; x_wconf 87' lang='lat' dir='ltr'>utile</span> <span class='ocrx_word' id='word_1_254' title='bbox 627 2000 705 2069; x_wconf 83' lang='lat' dir='ltr'>quod</span> <span class='ocrx_word' id='word_1_255' title='bbox 732 2002 820 2056; x_wconf 83' lang='lat' dir='ltr'>hone-</span> 
     </span>
     <span class='ocr_line' id='line_1_36' title="bbox 88 2089 822 2159; baseline 0.003 -16"><span class='ocrx_word' id='word_1_256' title='bbox 88 2103 131 2150; x_wconf 88' lang='lat' dir='ltr'>eo‚</span> <span class='ocrx_word' id='word_1_257' title='bbox 155 2089 261 2158; x_wconf 88' lang='lat' dir='ltr'>inquit,</span> <span class='ocrx_word' id='word_1_258' title='bbox 276 2089 353 2159; x_wconf 80' lang='lat' dir='ltr'>quod</span> <span class='ocrx_word' id='word_1_259' title='bbox 378 2102 505 2158; x_wconf 84' lang='lat' dir='ltr'>quarum</span> <span class='ocrx_word' id='word_1_260' title='bbox 533 2103 632 2144; x_wconf 89' lang='lat' dir='ltr'>rerum</span> <span class='ocrx_word' id='word_1_261' title='bbox 657 2090 755 2144; x_wconf 91' lang='lat' dir='ltr'>eadem</span> <span class='ocrx_word' id='word_1_262' title='bbox 780 2097 822 2145; x_wconf 89' lang='lat' dir='ltr'>est</span> 
     </span>
     <span class='ocr_line' id='line_1_37' title="bbox 79 2177 822 2248; baseline 0.007 -20"><span class='ocrx_word' id='word_1_263' title='bbox 79 2177 119 2244; x_wconf 90' lang='lat' dir='ltr'>io,</span> <span class='ocrx_word' id='word_1_264' title='bbox 140 2177 206 2246; x_wconf 92' lang='lat' dir='ltr'>ipsae</span> <span class='ocrx_word' id='word_1_265' title='bbox 235 2191 281 2234; x_wconf 91' lang='lat' dir='ltr'>res</span> <span class='ocrx_word' id='word_1_266' title='bbox 313 2178 418 2233; x_wconf 77' lang='lat' dir='ltr'>eaedem</span> <span class='ocrx_word' id='word_1_267' title='bbox 448 2185 517 2233; x_wconf 89' lang='lat' dir='ltr'>sunt</span> <span class='ocrx_word' id='word_1_268' title='bbox 535 2186 589 2247; x_wconf 88' lang='lat' dir='ltr'>;et</span> <span class='ocrx_word' id='word_1_269' title='bbox 614 2192 746 2248; x_wconf 73' lang='lat' dir='ltr'>¹&lt;purarum</span> <span class='ocrx_word' id='word_1_270' title='bbox 778 2192 822 2233; x_wconf 91' lang='lat' dir='ltr'>re·</span> 
     </span>
     <span class='ocr_line' id='line_1_38' title="bbox 80 2266 819 2335; baseline -0.004 -16"><span class='ocrx_word' id='word_1_271' title='bbox 80 2266 191 2321; x_wconf 81' lang='lat' dir='ltr'>illinitio</span> <span class='ocrx_word' id='word_1_272' title='bbox 212 2273 253 2321; x_wconf 92' lang='lat' dir='ltr'>est</span> <span class='ocrx_word' id='word_1_273' title='bbox 273 2267 387 2322; x_wconf 85' lang='lat' dir='ltr'>diversa</span> <span class='ocrx_word' id='word_1_274' title='bbox 409 2267 476 2335; x_wconf 85' lang='lat' dir='ltr'>ipsae</span> <span class='ocrx_word' id='word_1_275' title='bbox 501 2281 545 2321; x_wconf 88' lang='lat' dir='ltr'>res</span> <span class='ocrx_word' id='word_1_276' title='bbox 567 2273 635 2322; x_wconf 88' lang='grc' dir='ltr'><strong>εεει</strong></span> <span class='ocrx_word' id='word_1_277' title='bbox 660 2268 788 2335; x_wconf 82' lang='lat' dir='ltr'>diversae,</span> <span class='ocrx_word' id='word_1_278' title='bbox 805 2288 819 2316; x_wconf 76' lang='lat' dir='ltr'>n</span> 
     </span>
     <span class='ocr_line' id='line_1_39' title="bbox 80 2355 821 2425; baseline 0 -16"><span class='ocrx_word' id='word_1_279' title='bbox 80 2355 173 2410; x_wconf 90' lang='lat' dir='ltr'>ionem</span> <span class='ocrx_word' id='word_1_280' title='bbox 188 2362 284 2410; x_wconf 88' lang='lat' dir='ltr'>autem</span> <span class='ocrx_word' id='word_1_281' title='bbox 302 2355 431 2410; x_wconf 89' lang='lat' dir='ltr'>hocloco</span> <span class='ocrx_word' id='word_1_282' title='bbox 447 2355 615 2424; x_wconf 87' lang='lat' dir='ltr'>accipimus,</span> <span class='ocrx_word' id='word_1_283' title='bbox 637 2370 702 2425; x_wconf 75' lang='grc' dir='ltr'>εεε</span> <span class='ocrx_word' id='word_1_284' title='bbox 717 2370 753 2411; x_wconf 84' lang='lat' dir='ltr'>ex</span> <span class='ocrx_word' id='word_1_285' title='bbox 773 2356 821 2410; x_wconf 91' lang='lat' dir='ltr'>iu-</span> 
     </span>
     <span class='ocr_line' id='line_1_40' title="bbox 79 2443 822 2513; baseline 0.004 -15"><span class='ocrx_word' id='word_1_286' title='bbox 79 2443 131 2498; x_wconf 85' lang='lat' dir='ltr'>rim</span> <span class='ocrx_word' id='word_1_287' title='bbox 150 2452 179 2499; x_wconf 91' lang='lat' dir='ltr'>et</span> <span class='ocrx_word' id='word_1_288' title='bbox 196 2445 397 2513; x_wconf 88' lang='lat' dir='ltr'>proprietatem</span> <span class='ocrx_word' id='word_1_289' title='bbox 419 2443 531 2499; x_wconf 83' lang='lat' dir='ltr'>definiti</span> <span class='ocrx_word' id='word_1_290' title='bbox 554 2443 701 2512; x_wconf 81' lang='lat' dir='ltr'>exprimit,</span> <span class='ocrx_word' id='word_1_291' title='bbox 717 2454 744 2500; x_wconf 91' lang='lat' dir='ltr'>et</span> <span class='ocrx_word' id='word_1_292' title='bbox 760 2460 822 2501; x_wconf 91' lang='lat' dir='ltr'>sen·</span> 
     </span>
     <span class='ocr_line' id='line_1_41' title="bbox 79 2531 822 2600; baseline 0.005 -16"><span class='ocrx_word' id='word_1_293' title='bbox 79 2544 93 2584; x_wconf 88' lang='grc' dir='ltr'>ε</span> <span class='ocrx_word' id='word_1_294' title='bbox 114 2531 238 2586; x_wconf 89' lang='lat' dir='ltr'>nominis</span> <span class='ocrx_word' id='word_1_295' title='bbox 258 2531 288 2586; x_wconf 84' lang='lat' dir='ltr'>&#39;nr</span> <span class='ocrx_word' id='word_1_296' title='bbox 312 2532 393 2588; x_wconf 93' lang='lat' dir='ltr'>nullo</span> <span class='ocrx_word' id='word_1_297' title='bbox 417 2533 539 2600; x_wconf 79' lang='lat' dir='ltr'>excedit,</span> <span class='ocrx_word' id='word_1_298' title='bbox 557 2547 609 2588; x_wconf 87' lang='lat' dir='ltr'>nec</span> <span class='ocrx_word' id='word_1_299' title='bbox 635 2532 671 2588; x_wconf 88' lang='lat' dir='ltr'>ab</span> <span class='ocrx_word' id='word_1_300' title='bbox 693 2547 725 2588; x_wconf 90' lang='lat' dir='ltr'>eo</span> <span class='ocrx_word' id='word_1_301' title='bbox 740 2547 822 2589; x_wconf 82' lang='lat' dir='ltr'>euce-</span> 
     </span>
     <span class='ocr_line' id='line_1_42' title="bbox 79 2619 822 2691; baseline 0.007 -18"><span class='ocrx_word' id='word_1_302' title='bbox 79 2626 111 2674; x_wconf 92' lang='lat' dir='ltr'>ut</span> <span class='ocrx_word' id='word_1_303' title='bbox 126 2619 150 2674; x_wconf 92' lang='lat' dir='ltr'>si</span> <span class='ocrx_word' id='word_1_304' title='bbox 171 2620 238 2689; x_wconf 91' lang='lat' dir='ltr'>quis</span> <span class='ocrx_word' id='word_1_305' title='bbox 256 2620 404 2676; x_wconf 88' lang='lat' dir='ltr'>dillinlens</span> <span class='ocrx_word' id='word_1_306' title='bbox 426 2635 531 2691; x_wconf 88' lang='lat' dir='ltr'>corpus</span> <span class='ocrx_word' id='word_1_307' title='bbox 545 2622 622 2677; x_wconf 88' lang='lat' dir='ltr'>dicat</span> <span class='ocrx_word' id='word_1_308' title='bbox 639 2622 734 2690; x_wconf 92' lang='lat' dir='ltr'>ipsum</span> <span class='ocrx_word' id='word_1_309' title='bbox 762 2636 822 2678; x_wconf 88' lang='lat' dir='ltr'>esse</span> 
     </span>
     <span class='ocr_line' id='line_1_43' title="bbox 79 2708 823 2778; baseline 0.004 -15"><span class='ocrx_word' id='word_1_310' title='bbox 79 2708 166 2763; x_wconf 91' lang='lat' dir='ltr'>utiam</span> <span class='ocrx_word' id='word_1_311' title='bbox 194 2722 370 2778; x_wconf 87' lang='lat' dir='ltr'>corpoream,</span> <span class='ocrx_word' id='word_1_312' title='bbox 396 2725 454 2765; x_wconf 94' lang='lat' dir='ltr'>non</span> <span class='ocrx_word' id='word_1_313' title='bbox 486 2711 680 2766; x_wconf 85' lang='lat' dir='ltr'>substantiam</span> <span class='ocrx_word' id='word_1_314' title='bbox 715 2711 823 2766; x_wconf 90' lang='lat' dir='ltr'>colora·</span> 
     </span>
     <span class='ocr_line' id='line_1_44' title="bbox 79 2798 822 2862; baseline 0.004 -11"><span class='ocrx_word' id='word_1_315' title='bbox 79 2798 199 2862; x_wconf 79' lang='lat' dir='ltr'>tuamris</span> <span class='ocrx_word' id='word_1_316' title='bbox 222 2799 299 2853; x_wconf 88' lang='lat' dir='ltr'>enim</span> <span class='ocrx_word' id='word_1_317' title='bbox 325 2800 385 2854; x_wconf 86' lang='lat' dir='ltr'>haec</span> <span class='ocrx_word' id='word_1_318' title='bbox 403 2799 537 2854; x_wconf 82' lang='lat' dir='ltr'>diffinitio</span> <span class='ocrx_word' id='word_1_319' title='bbox 561 2800 724 2855; x_wconf 85' lang='lat' dir='ltr'>substantia</span> <span class='ocrx_word' id='word_1_320' title='bbox 747 2800 822 2855; x_wconf 92' lang='lat' dir='ltr'>colo-</span> 
     </span>
     <span class='ocr_line' id='line_1_45' title="bbox 79 2886 822 2958; baseline 0.001 -16"><span class='ocrx_word' id='word_1_321' title='bbox 79 2886 197 2942; x_wconf 87' lang='lat' dir='ltr'>mnilms</span> <span class='ocrx_word' id='word_1_322' title='bbox 218 2901 255 2942; x_wconf 81' lang='lat' dir='ltr'>ex</span> <span class='ocrx_word' id='word_1_323' title='bbox 279 2888 346 2942; x_wconf 88' lang='lat' dir='ltr'>solis</span> <span class='ocrx_word' id='word_1_324' title='bbox 375 2889 543 2958; x_wconf 83' lang='lat' dir='ltr'>corporibus</span> <span class='ocrx_word' id='word_1_325' title='bbox 566 2889 728 2954; x_wconf 83' lang='lat' dir='ltr'>conveniat,</span> <span class='ocrx_word' id='word_1_326' title='bbox 749 2890 822 2944; x_wconf 87' lang='lat' dir='ltr'>sicut</span> 
     </span>
    </p>
   </div>
   <div class='ocr_carea' id='block_1_7' title="bbox 876 1731 1724 2162">
    <p class='ocr_par' dir='ltr' id='par_1_10' title="bbox 876 1731 1724 2162">
     <span class='ocr_line' id='line_1_46' title="bbox 876 1731 1722 1803; baseline -0.008 -10"><span class='ocrx_word' id='word_1_327' title='bbox 876 1737 1008 1793; x_wconf 83' lang='lat' dir='ltr'>vinitatis</span> <span class='ocrx_word' id='word_1_328' title='bbox 1024 1737 1054 1791; x_wconf 93' lang='lat' dir='ltr'>in</span> <span class='ocrx_word' id='word_1_329' title='bbox 1074 1749 1103 1791; x_wconf 88' lang='lat' dir='ltr'>se</span> <span class='ocrx_word' id='word_1_330' title='bbox 1131 1735 1227 1799; x_wconf 87' lang='lat' dir='ltr'>habet,</span> <span class='ocrx_word' id='word_1_331' title='bbox 1242 1748 1300 1803; x_wconf 87' lang='lat' dir='ltr'>quo</span> <span class='ocrx_word' id='word_1_332' title='bbox 1312 1734 1470 1803; x_wconf 85' lang='lat' dir='ltr'>aliquando</span> <span class='ocrx_word' id='word_1_333' title='bbox 1484 1741 1600 1802; x_wconf 84' lang='lat' dir='ltr'>careat3</span> <span class='ocrx_word' id='word_1_334' title='bbox 1615 1731 1661 1788; x_wconf 90' lang='lat' dir='ltr'>vel</span> <span class='ocrx_word' id='word_1_335' title='bbox 1676 1743 1722 1787; x_wconf 89' lang='lat' dir='ltr'>ea·</span> 
     </span>
     <span class='ocr_line' id='line_1_47' title="bbox 878 1821 1722 1898; baseline -0.009 -16"><span class='ocrx_word' id='word_1_336' title='bbox 878 1833 929 1894; x_wconf 87' lang='lat' dir='ltr'>rel,</span> <span class='ocrx_word' id='word_1_337' title='bbox 944 1826 1021 1898; x_wconf 89' lang='lat' dir='ltr'>quod</span> <span class='ocrx_word' id='word_1_338' title='bbox 1054 1824 1159 1881; x_wconf 89' lang='lat' dir='ltr'>habeat</span> <span class='ocrx_word' id='word_1_339' title='bbox 1181 1823 1315 1879; x_wconf 83' lang='lat' dir='ltr'>ellicaciae</span> <span class='ocrx_word' id='word_1_340' title='bbox 1338 1822 1543 1889; x_wconf 88' lang='lat' dir='ltr'>valetudinem,</span> <span class='ocrx_word' id='word_1_341' title='bbox 1561 1821 1635 1877; x_wconf 87' lang='lat' dir='ltr'>sicut</span> <span class='ocrx_word' id='word_1_342' title='bbox 1661 1833 1722 1876; x_wconf 90' lang='lat' dir='ltr'>eas·</span> 
     </span>
     <span class='ocr_line' id='line_1_48' title="bbox 878 1910 1724 1986; baseline -0.011 -14"><span class='ocrx_word' id='word_1_343' title='bbox 878 1917 941 1972; x_wconf 90' lang='lat' dir='ltr'>dem</span> <span class='ocrx_word' id='word_1_344' title='bbox 971 1931 1038 1986; x_wconf 70' lang='lat' dir='ltr'>quta&gt;</span> <span class='ocrx_word' id='word_1_345' title='bbox 1064 1915 1139 1970; x_wconf 88' lang='lat' dir='ltr'>idem</span> <span class='ocrx_word' id='word_1_346' title='bbox 1169 1913 1274 1968; x_wconf 90' lang='lat' dir='ltr'>valent.</span> <span class='ocrx_word' id='word_1_347' title='bbox 1304 1913 1381 1967; x_wconf 88' lang='lat' dir='ltr'>ldern</span> <span class='ocrx_word' id='word_1_348' title='bbox 1412 1912 1509 1982; x_wconf 83' lang='lat' dir='ltr'>itaque</span> <span class='ocrx_word' id='word_1_349' title='bbox 1544 1910 1605 1966; x_wconf 89' lang='lat' dir='ltr'>sive</span> <span class='ocrx_word' id='word_1_350' title='bbox 1630 1923 1724 1966; x_wconf 90' lang='lat' dir='ltr'>unum</span> 
     </span>
     <span class='ocr_line' id='line_1_49' title="bbox 877 1999 1723 2076; baseline -0.008 -17"><span class='ocrx_word' id='word_1_351' title='bbox 877 2005 1011 2076; x_wconf 84' lang='lat' dir='ltr'>quinque</span> <span class='ocrx_word' id='word_1_352' title='bbox 1043 2001 1216 2072; x_wconf 88' lang='lat' dir='ltr'>supradictis</span> <span class='ocrx_word' id='word_1_353' title='bbox 1241 2001 1332 2057; x_wconf 90' lang='lat' dir='ltr'>modis</span> <span class='ocrx_word' id='word_1_354' title='bbox 1354 2001 1469 2067; x_wconf 85' lang='lat' dir='ltr'>dicitur,</span> <span class='ocrx_word' id='word_1_355' title='bbox 1491 1999 1556 2054; x_wconf 87' lang='lat' dir='ltr'>licet</span> <span class='ocrx_word' id='word_1_356' title='bbox 1578 2011 1652 2068; x_wconf 90' lang='lat' dir='ltr'>saepe</span> <span class='ocrx_word' id='word_1_357' title='bbox 1674 2011 1723 2053; x_wconf 89' lang='lat' dir='ltr'>ea-</span> 
     </span>
     <span class='ocr_line' id='line_1_50' title="bbox 877 2084 1721 2162; baseline -0.012 -13"><span class='ocrx_word' id='word_1_358' title='bbox 877 2095 941 2150; x_wconf 92' lang='lat' dir='ltr'>dem</span> <span class='ocrx_word' id='word_1_359' title='bbox 956 2106 1001 2148; x_wconf 91' lang='lat' dir='ltr'>res</span> <span class='ocrx_word' id='word_1_360' title='bbox 1015 2092 1070 2147; x_wconf 90' lang='lat' dir='ltr'>sub</span> <span class='ocrx_word' id='word_1_361' title='bbox 1091 2090 1224 2162; x_wconf 87' lang='lat' dir='ltr'>pluribus</span> <span class='ocrx_word' id='word_1_362' title='bbox 1239 2105 1275 2146; x_wconf 88' lang='lat' dir='ltr'>ex</span> <span class='ocrx_word' id='word_1_363' title='bbox 1296 2091 1357 2145; x_wconf 88' lang='lat' dir='ltr'>istis</span> <span class='ocrx_word' id='word_1_364' title='bbox 1371 2090 1462 2145; x_wconf 89' lang='lat' dir='ltr'>modis</span> <span class='ocrx_word' id='word_1_365' title='bbox 1476 2088 1569 2154; x_wconf 90' lang='lat' dir='ltr'>eadat,</span> <span class='ocrx_word' id='word_1_366' title='bbox 1587 2091 1621 2143; x_wconf 88' lang='lat' dir='ltr'>ut</span> <span class='ocrx_word' id='word_1_367' title='bbox 1644 2084 1721 2140; x_wconf 91' lang='lat' dir='ltr'>vide-</span> 
     </span>
    </p>
   </div>
   <div class='ocr_carea' id='block_1_8' title="bbox 864 2174 1725 2250">
    <p class='ocr_par' dir='ltr' id='par_1_11' title="bbox 864 2174 1725 2250">
     <span class='ocr_line' id='line_1_51' title="bbox 864 2174 1725 2250; baseline -0.013 -11"><span class='ocrx_word' id='word_1_368' title='bbox 864 2183 943 2239; x_wconf 85' lang='lat' dir='ltr'>·lieet</span> <span class='ocrx_word' id='word_1_369' title='bbox 966 2189 1024 2237; x_wconf 90' lang='lat' dir='ltr'>tarn</span> <span class='ocrx_word' id='word_1_370' title='bbox 1050 2181 1103 2235; x_wconf 88' lang='lat' dir='ltr'>hoc</span> <span class='ocrx_word' id='word_1_371' title='bbox 1123 2193 1212 2250; x_wconf 79' lang='lat' dir='ltr'>quiam</span> <span class='ocrx_word' id='word_1_372' title='bbox 1245 2179 1291 2234; x_wconf 88' lang='lat' dir='ltr'>illo</span> <span class='ocrx_word' id='word_1_373' title='bbox 1321 2179 1405 2233; x_wconf 92' lang='lat' dir='ltr'>modo</span> <span class='ocrx_word' id='word_1_374' title='bbox 1430 2177 1516 2247; x_wconf 86' lang='lat' dir='ltr'>possit</span> <span class='ocrx_word' id='word_1_375' title='bbox 1543 2174 1598 2231; x_wconf 89' lang='lat' dir='ltr'>diei</span> <span class='ocrx_word' id='word_1_376' title='bbox 1625 2174 1725 2230; x_wconf 88' lang='lat' dir='ltr'>eadem</span> 
     </span>
    </p>
   </div>
   <div class='ocr_carea' id='block_1_9' title="bbox 876 2263 1725 2429">
    <p class='ocr_par' dir='ltr' id='par_1_12' title="bbox 876 2263 1725 2429">
     <span class='ocr_line' id='line_1_52' title="bbox 876 2263 1723 2339; baseline -0.012 -12"><span class='ocrx_word' id='word_1_377' title='bbox 876 2286 944 2327; x_wconf 90' lang='lat' dir='ltr'>curu</span> <span class='ocrx_word' id='word_1_378' title='bbox 970 2271 1078 2339; x_wconf 84' lang='lat' dir='ltr'>aliquo.</span> <span class='ocrx_word' id='word_1_379' title='bbox 1096 2269 1224 2324; x_wconf 84' lang='lat' dir='ltr'>l&#39;otidem</span> <span class='ocrx_word' id='word_1_380' title='bbox 1244 2268 1332 2323; x_wconf 89' lang='lat' dir='ltr'>etiam</span> <span class='ocrx_word' id='word_1_381' title='bbox 1356 2267 1448 2321; x_wconf 88' lang='lat' dir='ltr'>modis</span> <span class='ocrx_word' id='word_1_382' title='bbox 1470 2266 1595 2320; x_wconf 88' lang='lat' dir='ltr'>dicimus</span> <span class='ocrx_word' id='word_1_383' title='bbox 1629 2263 1723 2318; x_wconf 88' lang='lat' dir='ltr'>direr-</span> 
     </span>
     <span class='ocr_line' id='line_1_53' title="bbox 877 2348 1725 2429; baseline -0.013 -15"><span class='ocrx_word' id='word_1_384' title='bbox 877 2373 957 2429; x_wconf 89' lang='lat' dir='ltr'>sum,</span> <span class='ocrx_word' id='word_1_385' title='bbox 970 2358 1031 2413; x_wconf 84' lang='lat' dir='ltr'>sire</span> <span class='ocrx_word' id='word_1_386' title='bbox 1052 2355 1196 2423; x_wconf 89' lang='lat' dir='ltr'>dillerens,</span> <span class='ocrx_word' id='word_1_387' title='bbox 1213 2370 1277 2410; x_wconf 90' lang='lat' dir='ltr'>cum</span> <span class='ocrx_word' id='word_1_388' title='bbox 1291 2354 1424 2410; x_wconf 86' lang='lat' dir='ltr'>videlicet</span> <span class='ocrx_word' id='word_1_389' title='bbox 1445 2353 1528 2409; x_wconf 92' lang='lat' dir='ltr'>modo</span> <span class='ocrx_word' id='word_1_390' title='bbox 1543 2353 1658 2407; x_wconf 81' lang='lat' dir='ltr'>diversa</span> <span class='ocrx_word' id='word_1_391' title='bbox 1679 2348 1725 2404; x_wconf 93' lang='lat' dir='ltr'>di-</span> 
     </span>
    </p>
   </div>
   <div class='ocr_carea' id='block_1_10' title="bbox 877 2437 1813 2512">
    <p class='ocr_par' dir='ltr' id='par_1_13' title="bbox 877 2437 1813 2512">
     <span class='ocr_line' id='line_1_54' title="bbox 877 2437 1813 2512; baseline -0.012 -8"><span class='ocrx_word' id='word_1_392' title='bbox 877 2455 982 2504; x_wconf 90' lang='lat' dir='ltr'>cautur</span> <span class='ocrx_word' id='word_1_393' title='bbox 998 2445 1194 2512; x_wconf 88' lang='lat' dir='ltr'>essentialiter,</span> <span class='ocrx_word' id='word_1_394' title='bbox 1213 2444 1241 2499; x_wconf 90' lang='lat' dir='ltr'>id</span> <span class='ocrx_word' id='word_1_395' title='bbox 1264 2451 1305 2500; x_wconf 91' lang='lat' dir='ltr'>est</span> <span class='ocrx_word' id='word_1_396' title='bbox 1324 2457 1456 2504; x_wconf 87' lang='lat' dir='ltr'>numero,</span> <span class='ocrx_word' id='word_1_397' title='bbox 1469 2441 1572 2509; x_wconf 71' lang='lat' dir='ltr'>{modu</span> <span class='ocrx_word' id='word_1_398' title='bbox 1596 2437 1724 2509; x_wconf 89' lang='lat' dir='ltr'>proprio·</span> <span class='ocrx_word' id='word_1_399' title='bbox 1806 2487 1813 2504; x_wconf 88' lang='lat'>,</span> 
     </span>
    </p>
   </div>
   <div class='ocr_carea' id='block_1_11' title="bbox 877 2529 1726 2952">
    <p class='ocr_par' dir='ltr' id='par_1_14' title="bbox 878 2529 1725 2681">
     <span class='ocr_line' id='line_1_55' title="bbox 880 2529 1725 2602; baseline -0.012 -11"><span class='ocrx_word' id='word_1_400' title='bbox 880 2543 945 2602; x_wconf 90' lang='lat' dir='ltr'>tate,</span> <span class='ocrx_word' id='word_1_401' title='bbox 971 2535 1015 2590; x_wconf 88' lang='lat' dir='ltr'>vel</span> <span class='ocrx_word' id='word_1_402' title='bbox 1044 2534 1226 2601; x_wconf 89' lang='lat' dir='ltr'>dillinitione,</span> <span class='ocrx_word' id='word_1_403' title='bbox 1251 2532 1296 2590; x_wconf 86' lang='lat' dir='ltr'>rol</span> <span class='ocrx_word' id='word_1_404' title='bbox 1327 2530 1526 2597; x_wconf 90' lang='lat' dir='ltr'>similitudine,</span> <span class='ocrx_word' id='word_1_405' title='bbox 1550 2529 1596 2586; x_wconf 83' lang='lat' dir='ltr'>rel</span> <span class='ocrx_word' id='word_1_406' title='bbox 1628 2533 1725 2583; x_wconf 90' lang='lat' dir='ltr'>muta-</span> 
     </span>
     <span class='ocr_line' id='line_1_56' title="bbox 878 2625 965 2681; baseline -0.011 0"><span class='ocrx_word' id='word_1_407' title='bbox 878 2625 965 2681; x_wconf 87' lang='lat' dir='ltr'>tione.</span> 
     </span>
    </p>

    <p class='ocr_par' dir='ltr' id='par_1_15' title="bbox 877 2702 1726 2952">
     <span class='ocr_line' id='line_1_57' title="bbox 914 2702 1726 2770; baseline -0.016 -1"><span class='ocrx_word' id='word_1_408' title='bbox 914 2714 1045 2770; x_wconf 87' lang='lat' dir='ltr'>Dicimus</span> <span class='ocrx_word' id='word_1_409' title='bbox 1068 2719 1163 2768; x_wconf 88' lang='lat' dir='ltr'>autem</span> <span class='ocrx_word' id='word_1_410' title='bbox 1190 2725 1225 2766; x_wconf 90' lang='lat' dir='ltr'>ea</span> <span class='ocrx_word' id='word_1_411' title='bbox 1255 2710 1291 2764; x_wconf 85' lang='lat' dir='ltr'>ab</span> <span class='ocrx_word' id='word_1_412' title='bbox 1317 2708 1442 2764; x_wconf 86' lang='lat' dir='ltr'>invicem</span> <span class='ocrx_word' id='word_1_413' title='bbox 1463 2704 1650 2762; x_wconf 86' lang='lat' dir='ltr'>essentialiter</span> <span class='ocrx_word' id='word_1_414' title='bbox 1678 2702 1726 2757; x_wconf 91' lang='lat' dir='ltr'>dl-</span> 
     </span>
     <span class='ocr_line' id='line_1_58' title="bbox 877 2791 1726 2873; baseline -0.018 -14"><span class='ocrx_word' id='word_1_415' title='bbox 877 2817 971 2870; x_wconf 86' lang='lat' dir='ltr'>rersa,</span> <span class='ocrx_word' id='word_1_416' title='bbox 993 2815 1175 2873; x_wconf 74' lang='lat' dir='ltr'>quamcunque</span> <span class='ocrx_word' id='word_1_417' title='bbox 1190 2799 1230 2853; x_wconf 87' lang='lat' dir='ltr'>ita</span> <span class='ocrx_word' id='word_1_418' title='bbox 1254 2799 1291 2852; x_wconf 85' lang='lat' dir='ltr'>ab</span> <span class='ocrx_word' id='word_1_419' title='bbox 1313 2797 1436 2852; x_wconf 90' lang='lat' dir='ltr'>invicem</span> <span class='ocrx_word' id='word_1_420' title='bbox 1458 2795 1606 2856; x_wconf 89' lang='lat' dir='ltr'>dissident,</span> <span class='ocrx_word' id='word_1_421' title='bbox 1625 2800 1657 2848; x_wconf 92' lang='lat' dir='ltr'>ut</span> <span class='ocrx_word' id='word_1_422' title='bbox 1672 2791 1726 2846; x_wconf 84' lang='lat' dir='ltr'>luoc</span> 
     </span>
     <span class='ocr_line' id='line_1_59' title="bbox 879 2884 1726 2952; baseline -0.015 -5"><span class='ocrx_word' id='word_1_423' title='bbox 879 2906 936 2947; x_wconf 93' lang='lat' dir='ltr'>non</span> <span class='ocrx_word' id='word_1_424' title='bbox 952 2891 990 2946; x_wconf 92' lang='lat' dir='ltr'>sit</span> <span class='ocrx_word' id='word_1_425' title='bbox 1005 2890 1084 2952; x_wconf 90' lang='lat' dir='ltr'>illud,</span> <span class='ocrx_word' id='word_1_426' title='bbox 1102 2897 1135 2944; x_wconf 92' lang='lat' dir='ltr'>ut</span> <span class='ocrx_word' id='word_1_427' title='bbox 1149 2889 1277 2943; x_wconf 88' lang='lat' dir='ltr'>Socrates</span> <span class='ocrx_word' id='word_1_428' title='bbox 1301 2892 1417 2942; x_wconf 89' lang='lat' dir='ltr'>nonest</span> <span class='ocrx_word' id='word_1_429' title='bbox 1437 2884 1527 2949; x_wconf 86' lang='lat' dir='ltr'>Plato,</span> <span class='ocrx_word' id='word_1_430' title='bbox 1542 2897 1595 2939; x_wconf 90' lang='lat' dir='ltr'>nec</span> <span class='ocrx_word' id='word_1_431' title='bbox 1622 2893 1726 2936; x_wconf 86' lang='lat' dir='ltr'>manus</span> 
     </span>
    </p>
   </div>
   <div class='ocr_carea' id='block_1_12' title="bbox 1654 178 1799 244">
    <p class='ocr_par' dir='ltr' id='par_1_16' title="bbox 1654 178 1799 244">
     <span class='ocr_line' id='line_1_60' title="bbox 1654 178 1799 244; baseline -0.007 0"><span class='ocrx_word' id='word_1_432' title='bbox 1654 191 1745 244; x_wconf 78' lang='lat' dir='ltr'>eaeo.</span> <span class='ocrx_word' id='word_1_433' title='bbox 1784 178 1799 197; x_wconf 82' lang='lat'>&#39;&#39;</span> 
     </span>
    </p>
   </div>
   <div class='ocr_carea' id='block_1_13' title="bbox 79 2969 1792 4384">
    <p class='ocr_par' dir='ltr' id='par_1_17' title="bbox 79 2969 1727 3224">
     <span class='ocr_line' id='line_1_61' title="bbox 79 2969 1727 3048; baseline -0.005 -18"><span class='ocrx_word' id='word_1_434' title='bbox 79 2989 112 3030; x_wconf 91' lang='lat' dir='ltr'>on</span> <span class='ocrx_word' id='word_1_435' title='bbox 136 2983 232 3030; x_wconf 91' lang='lat' dir='ltr'>tamen</span> <span class='ocrx_word' id='word_1_436' title='bbox 246 2976 305 3031; x_wconf 86' lang='lat' dir='ltr'>viru</span> <span class='ocrx_word' id='word_1_437' title='bbox 327 2983 354 3032; x_wconf 90' lang='lat' dir='ltr'>et</span> <span class='ocrx_word' id='word_1_438' title='bbox 381 2979 552 3033; x_wconf 89' lang='lat' dir='ltr'>sententiam</span> <span class='ocrx_word' id='word_1_439' title='bbox 573 2979 661 3048; x_wconf 88' lang='lat' dir='ltr'>hujus</span> <span class='ocrx_word' id='word_1_440' title='bbox 685 2978 821 3046; x_wconf 87' lang='lat' dir='ltr'>nominis,</span> <span class='ocrx_word' id='word_1_441' title='bbox 880 2979 1004 3036; x_wconf 85' lang='lat' dir='ltr'>Socratis</span> <span class='ocrx_word' id='word_1_442' title='bbox 1041 2979 1177 3034; x_wconf 88' lang='lat' dir='ltr'>Socrates.</span> <span class='ocrx_word' id='word_1_443' title='bbox 1203 2977 1249 3032; x_wconf 91' lang='lat' dir='ltr'>Sic</span> <span class='ocrx_word' id='word_1_444' title='bbox 1285 2975 1372 3030; x_wconf 90' lang='lat' dir='ltr'>etiarn</span> <span class='ocrx_word' id='word_1_445' title='bbox 1404 2972 1542 3043; x_wconf 76' lang='lat' dir='ltr'>quaelibet</span> <span class='ocrx_word' id='word_1_446' title='bbox 1580 2969 1727 3039; x_wconf 88' lang='lat' dir='ltr'>disparata</span> 
     </span>
     <span class='ocr_line' id='line_1_62' title="bbox 79 3058 1726 3139; baseline -0.004 -22"><span class='ocrx_word' id='word_1_447' title='bbox 79 3070 120 3118; x_wconf 88' lang='grc' dir='ltr'>εει</span> <span class='ocrx_word' id='word_1_448' title='bbox 142 3077 256 3132; x_wconf 90' lang='lat' dir='ltr'>corpus,</span> <span class='ocrx_word' id='word_1_449' title='bbox 279 3064 382 3139; x_wconf 84' lang='lat' dir='ltr'>aperit,</span> <span class='ocrx_word' id='word_1_450' title='bbox 395 3064 469 3120; x_wconf 88' lang='lat' dir='ltr'>sicut</span> <span class='ocrx_word' id='word_1_451' title='bbox 494 3065 559 3120; x_wconf 90' lang='lat' dir='ltr'>lacit</span> <span class='ocrx_word' id='word_1_452' title='bbox 582 3065 643 3132; x_wconf 88' lang='lat' dir='ltr'>illa;</span> <span class='ocrx_word' id='word_1_453' title='bbox 669 3067 739 3136; x_wconf 89' lang='lat' dir='ltr'>quia</span> <span class='ocrx_word' id='word_1_454' title='bbox 768 3079 823 3120; x_wconf 88' lang='lat' dir='ltr'>no·</span> <span class='ocrx_word' id='word_1_455' title='bbox 840 3064 862 3122; x_wconf 82' lang='lat' dir='ltr'><strong>G</strong></span> <span class='ocrx_word' id='word_1_456' title='bbox 879 3068 993 3124; x_wconf 89' lang='lat' dir='ltr'>diversa</span> <span class='ocrx_word' id='word_1_457' title='bbox 1019 3065 1210 3122; x_wconf 87' lang='lat' dir='ltr'>essentialiter</span> <span class='ocrx_word' id='word_1_458' title='bbox 1230 3063 1364 3128; x_wconf 91' lang='lat' dir='ltr'>dicimus,</span> <span class='ocrx_word' id='word_1_459' title='bbox 1384 3075 1451 3116; x_wconf 89' lang='lat' dir='ltr'>curu</span> <span class='ocrx_word' id='word_1_460' title='bbox 1471 3058 1601 3116; x_wconf 89' lang='lat' dir='ltr'>videlicet</span> <span class='ocrx_word' id='word_1_461' title='bbox 1631 3070 1726 3112; x_wconf 86' lang='lat' dir='ltr'>essen-</span> 
     </span>
     <span class='ocr_line' id='line_1_63' title="bbox 79 3149 1725 3224; baseline -0.003 -18"><span class='ocrx_word' id='word_1_462' title='bbox 79 3164 175 3220; x_wconf 85' lang='lat' dir='ltr'>:orpus</span> <span class='ocrx_word' id='word_1_463' title='bbox 197 3152 320 3207; x_wconf 88' lang='lat' dir='ltr'>colorem</span> <span class='ocrx_word' id='word_1_464' title='bbox 343 3167 401 3208; x_wconf 95' lang='lat' dir='ltr'>non</span> <span class='ocrx_word' id='word_1_465' title='bbox 417 3153 599 3217; x_wconf 87' lang='lat' dir='ltr'>determinat,</span> <span class='ocrx_word' id='word_1_466' title='bbox 616 3154 693 3224; x_wconf 80' lang='lat' dir='ltr'>quod</span> <span class='ocrx_word' id='word_1_467' title='bbox 716 3161 758 3210; x_wconf 89' lang='lat' dir='ltr'>est</span> <span class='ocrx_word' id='word_1_468' title='bbox 777 3169 822 3210; x_wconf 89' lang='lat' dir='ltr'>ac·</span> <span class='ocrx_word' id='word_1_469' title='bbox 879 3159 920 3215; x_wconf 91' lang='lat' dir='ltr'>tia</span> <span class='ocrx_word' id='word_1_470' title='bbox 935 3158 1024 3214; x_wconf 87' lang='lat' dir='ltr'>unius</span> <span class='ocrx_word' id='word_1_471' title='bbox 1036 3171 1097 3212; x_wconf 91' lang='lat' dir='ltr'>non</span> <span class='ocrx_word' id='word_1_472' title='bbox 1117 3155 1153 3210; x_wconf 92' lang='lat' dir='ltr'>sit</span> <span class='ocrx_word' id='word_1_473' title='bbox 1181 3154 1306 3210; x_wconf 89' lang='lat' dir='ltr'>essentia</span> <span class='ocrx_word' id='word_1_474' title='bbox 1325 3151 1455 3218; x_wconf 91' lang='lat' dir='ltr'>alterius,</span> <span class='ocrx_word' id='word_1_475' title='bbox 1471 3149 1607 3220; x_wconf 90' lang='lat' dir='ltr'>quamvis</span> <span class='ocrx_word' id='word_1_476' title='bbox 1629 3154 1725 3203; x_wconf 91' lang='lat' dir='ltr'>tamen</span> 
     </span>
    </p>

    <p class='ocr_par' dir='ltr' id='par_1_18' title="bbox 79 3234 1792 4384">
     <span class='ocr_line' id='line_1_64' title="bbox 113 3234 1726 3312; baseline -0.003 -17"><span class='ocrx_word' id='word_1_477' title='bbox 113 3241 235 3310; x_wconf 87' lang='lat' dir='ltr'>corpori,</span> <span class='ocrx_word' id='word_1_478' title='bbox 266 3242 339 3297; x_wconf 88' lang='lat' dir='ltr'>sicut</span> <span class='ocrx_word' id='word_1_479' title='bbox 378 3242 550 3298; x_wconf 89' lang='lat' dir='ltr'>determinat</span> <span class='ocrx_word' id='word_1_480' title='bbox 591 3244 820 3312; x_wconf 90' lang='lat' dir='ltr'>corporeitatem.</span> <span class='ocrx_word' id='word_1_481' title='bbox 878 3247 914 3303; x_wconf 93' lang='lat' dir='ltr'>sit</span> <span class='ocrx_word' id='word_1_482' title='bbox 941 3247 976 3302; x_wconf 90' lang='lat' dir='ltr'>de</span> <span class='ocrx_word' id='word_1_483' title='bbox 998 3245 1121 3303; x_wconf 86' lang='lat' dir='ltr'>essentia</span> <span class='ocrx_word' id='word_1_484' title='bbox 1141 3243 1270 3311; x_wconf 89' lang='lat' dir='ltr'>alterius,</span> <span class='ocrx_word' id='word_1_485' title='bbox 1297 3247 1330 3298; x_wconf 91' lang='lat' dir='ltr'>ut</span> <span class='ocrx_word' id='word_1_486' title='bbox 1355 3253 1459 3295; x_wconf 92' lang='lat' dir='ltr'>manus</span> <span class='ocrx_word' id='word_1_487' title='bbox 1480 3239 1515 3294; x_wconf 90' lang='lat' dir='ltr'>de</span> <span class='ocrx_word' id='word_1_488' title='bbox 1539 3236 1664 3302; x_wconf 89' lang='lat' dir='ltr'>homine,</span> <span class='ocrx_word' id='word_1_489' title='bbox 1681 3234 1726 3291; x_wconf 86' lang='lat' dir='ltr'>rel</span> 
     </span>
     <span class='ocr_line' id='line_1_65' title="bbox 79 3327 1727 3407; baseline -0.003 -22"><span class='ocrx_word' id='word_1_490' title='bbox 79 3336 118 3385; x_wconf 85' lang='lat' dir='ltr'>est</span> <span class='ocrx_word' id='word_1_491' title='bbox 150 3330 175 3386; x_wconf 91' lang='lat' dir='ltr'>ei</span> <span class='ocrx_word' id='word_1_492' title='bbox 212 3331 420 3386; x_wconf 87' lang='lat' dir='ltr'>substantialis.</span> <span class='ocrx_word' id='word_1_493' title='bbox 447 3331 504 3387; x_wconf 83' lang='lat' dir='ltr'>Nec</span> <span class='ocrx_word' id='word_1_494' title='bbox 532 3331 572 3386; x_wconf 92' lang='lat' dir='ltr'>ita</span> <span class='ocrx_word' id='word_1_495' title='bbox 600 3333 661 3388; x_wconf 79' lang='lat' dir='ltr'>haec</span> <span class='ocrx_word' id='word_1_496' title='bbox 689 3332 823 3388; x_wconf 90' lang='lat' dir='ltr'>dillinitio</span> <span class='ocrx_word' id='word_1_497' title='bbox 877 3336 974 3407; x_wconf 91' lang='lat' dir='ltr'>paries</span> <span class='ocrx_word' id='word_1_498' title='bbox 996 3336 1030 3391; x_wconf 87' lang='lat' dir='ltr'>de</span> <span class='ocrx_word' id='word_1_499' title='bbox 1056 3332 1246 3390; x_wconf 83' lang='lat' dir='ltr'>domosicut</span> <span class='ocrx_word' id='word_1_500' title='bbox 1272 3344 1341 3402; x_wconf 80' lang='lat' dir='ltr'>ergo</span> <span class='ocrx_word' id='word_1_501' title='bbox 1360 3330 1489 3386; x_wconf 89' lang='lat' dir='ltr'>Socrates</span> <span class='ocrx_word' id='word_1_502' title='bbox 1513 3327 1594 3382; x_wconf 90' lang='lat' dir='ltr'>aliud</span> <span class='ocrx_word' id='word_1_503' title='bbox 1617 3332 1658 3382; x_wconf 90' lang='grc' dir='ltr'>εει</span> <span class='ocrx_word' id='word_1_504' title='bbox 1682 3338 1727 3380; x_wconf 92' lang='lat' dir='ltr'>es-</span> 
     </span>
     <span class='ocr_line' id='line_1_66' title="bbox 79 3416 1792 3493; baseline -0.002 -20"><span class='ocrx_word' id='word_1_505' title='bbox 79 3419 96 3473; x_wconf 90' lang='lat' dir='ltr'>lt</span> <span class='ocrx_word' id='word_1_506' title='bbox 128 3418 155 3473; x_wconf 86' lang='lat' dir='ltr'>ill</span> <span class='ocrx_word' id='word_1_507' title='bbox 191 3420 268 3489; x_wconf 89' lang='lat' dir='ltr'>quod</span> <span class='ocrx_word' id='word_1_508' title='bbox 292 3420 451 3489; x_wconf 89' lang='lat' dir='ltr'>proprietas</span> <span class='ocrx_word' id='word_1_509' title='bbox 476 3420 577 3491; x_wconf 81' lang='lat' dir='ltr'>exigit,</span> <span class='ocrx_word' id='word_1_510' title='bbox 593 3435 630 3476; x_wconf 82' lang='lat' dir='ltr'>cx</span> <span class='ocrx_word' id='word_1_511' title='bbox 657 3435 690 3476; x_wconf 90' lang='lat' dir='ltr'>eo</span> <span class='ocrx_word' id='word_1_512' title='bbox 714 3421 824 3477; x_wconf 87' lang='lat' dir='ltr'>scilicet</span> <span class='ocrx_word' id='word_1_513' title='bbox 878 3425 1036 3481; x_wconf 91' lang='lat' dir='ltr'>sentialiter</span> <span class='ocrx_word' id='word_1_514' title='bbox 1062 3437 1152 3493; x_wconf 85' lang='lat' dir='ltr'>quam</span> <span class='ocrx_word' id='word_1_515' title='bbox 1179 3422 1271 3489; x_wconf 86' lang='lat' dir='ltr'>Plato,</span> <span class='ocrx_word' id='word_1_516' title='bbox 1288 3421 1327 3476; x_wconf 90' lang='lat' dir='ltr'>ita</span> <span class='ocrx_word' id='word_1_517' title='bbox 1351 3433 1456 3475; x_wconf 89' lang='lat' dir='ltr'>manus</span> <span class='ocrx_word' id='word_1_518' title='bbox 1481 3416 1605 3473; x_wconf 87' lang='lat' dir='ltr'>Socratis</span> <span class='ocrx_word' id='word_1_519' title='bbox 1636 3427 1726 3484; x_wconf 89' lang='lat' dir='ltr'>quam</span> <span class='ocrx_word' id='word_1_520' title='bbox 1789 3438 1792 3442; x_wconf 48' lang='lat'><strong><em>⁴</em></strong></span> 
     </span>
     <span class='ocr_line' id='line_1_67' title="bbox 79 3502 1725 3582; baseline -0.002 -20"><span class='ocrx_word' id='word_1_521' title='bbox 79 3521 175 3578; x_wconf 88' lang='lat' dir='ltr'>:orpus</span> <span class='ocrx_word' id='word_1_522' title='bbox 189 3515 243 3578; x_wconf 90' lang='lat' dir='ltr'>est,</span> <span class='ocrx_word' id='word_1_523' title='bbox 259 3509 334 3564; x_wconf 88' lang='lat' dir='ltr'>sicut</span> <span class='ocrx_word' id='word_1_524' title='bbox 360 3509 410 3564; x_wconf 90' lang='lat' dir='ltr'>illa</span> <span class='ocrx_word' id='word_1_525' title='bbox 433 3509 510 3565; x_wconf 89' lang='lat' dir='ltr'>lacit.</span> <span class='ocrx_word' id='word_1_526' title='bbox 528 3509 595 3565; x_wconf 85' lang='lat' dir='ltr'>Tale</span> <span class='ocrx_word' id='word_1_527' title='bbox 623 3517 665 3565; x_wconf 89' lang='grc' dir='ltr'>εει</span> <span class='ocrx_word' id='word_1_528' title='bbox 687 3524 756 3581; x_wconf 78' lang='lat' dir='ltr'>ergo</span> <span class='ocrx_word' id='word_1_529' title='bbox 781 3511 824 3565; x_wconf 88' lang='lat' dir='ltr'>dl·</span> <span class='ocrx_word' id='word_1_530' title='bbox 879 3514 1016 3576; x_wconf 88' lang='lat' dir='ltr'>Socrates,</span> <span class='ocrx_word' id='word_1_531' title='bbox 1032 3521 1060 3568; x_wconf 92' lang='lat' dir='ltr'>et</span> <span class='ocrx_word' id='word_1_532' title='bbox 1083 3512 1218 3582; x_wconf 72' lang='lat' dir='ltr'>quaelibet</span> <span class='ocrx_word' id='word_1_533' title='bbox 1239 3524 1305 3581; x_wconf 88' lang='lat' dir='ltr'>pars</span> <span class='ocrx_word' id='word_1_534' title='bbox 1331 3523 1421 3579; x_wconf 87' lang='lat' dir='ltr'>quam</span> <span class='ocrx_word' id='word_1_535' title='bbox 1445 3520 1533 3564; x_wconf 86' lang='lat' dir='ltr'>suum</span> <span class='ocrx_word' id='word_1_536' title='bbox 1559 3512 1661 3561; x_wconf 90' lang='lat' dir='ltr'>totum.</span> <span class='ocrx_word' id='word_1_537' title='bbox 1679 3502 1725 3558; x_wconf 88' lang='lat' dir='ltr'>Se·</span> 
     </span>
     <span class='ocr_line' id='line_1_68' title="bbox 79 3595 1726 3680; baseline -0.004 -27"><span class='ocrx_word' id='word_1_538' title='bbox 79 3597 132 3653; x_wconf 89' lang='lat' dir='ltr'>uod</span> <span class='ocrx_word' id='word_1_539' title='bbox 144 3598 221 3653; x_wconf 91' lang='lat' dir='ltr'>ensis</span> <span class='ocrx_word' id='word_1_540' title='bbox 235 3606 262 3654; x_wconf 92' lang='lat' dir='ltr'>et</span> <span class='ocrx_word' id='word_1_541' title='bbox 288 3613 387 3654; x_wconf 85' lang='lat' dir='ltr'>ruucro</span> <span class='ocrx_word' id='word_1_542' title='bbox 409 3599 484 3653; x_wconf 91' lang='lat' dir='ltr'>idem</span> <span class='ocrx_word' id='word_1_543' title='bbox 508 3606 577 3654; x_wconf 90' lang='lat' dir='ltr'>suut</span> <span class='ocrx_word' id='word_1_544' title='bbox 592 3598 775 3666; x_wconf 89' lang='lat' dir='ltr'>dillinitione,</span> <span class='ocrx_word' id='word_1_545' title='bbox 792 3612 826 3654; x_wconf 91' lang='lat' dir='ltr'>ac</span> <span class='ocrx_word' id='word_1_546' title='bbox 879 3604 1007 3659; x_wconf 90' lang='lat' dir='ltr'>cundum</span> <span class='ocrx_word' id='word_1_547' title='bbox 1030 3615 1123 3680; x_wconf 79' lang='lat' dir='ltr'>quiam</span> <span class='ocrx_word' id='word_1_548' title='bbox 1149 3601 1266 3671; x_wconf 89' lang='lat' dir='ltr'>quidem</span> <span class='ocrx_word' id='word_1_549' title='bbox 1294 3598 1486 3668; x_wconf 87' lang='lat' dir='ltr'>acceptionem</span> <span class='ocrx_word' id='word_1_550' title='bbox 1514 3595 1640 3650; x_wconf 90' lang='lat' dir='ltr'>dicimus</span> <span class='ocrx_word' id='word_1_551' title='bbox 1666 3604 1726 3647; x_wconf 91' lang='lat' dir='ltr'>rem</span> 
     </span>
     <span class='ocr_line' id='line_1_69' title="bbox 79 3681 1728 3761; baseline -0.005 -19"><span class='ocrx_word' id='word_1_552' title='bbox 79 3692 172 3753; x_wconf 89' lang='lat' dir='ltr'>retur,</span> <span class='ocrx_word' id='word_1_553' title='bbox 188 3687 286 3742; x_wconf 90' lang='lat' dir='ltr'>eadem</span> <span class='ocrx_word' id='word_1_554' title='bbox 306 3688 429 3743; x_wconf 88' lang='lat' dir='ltr'>essentia</span> <span class='ocrx_word' id='word_1_555' title='bbox 445 3688 484 3743; x_wconf 90' lang='lat' dir='ltr'>ita</span> <span class='ocrx_word' id='word_1_556' title='bbox 497 3702 558 3743; x_wconf 91' lang='lat' dir='ltr'>esse</span> <span class='ocrx_word' id='word_1_557' title='bbox 579 3688 656 3743; x_wconf 90' lang='lat' dir='ltr'>ensis</span> <span class='ocrx_word' id='word_1_558' title='bbox 670 3694 697 3742; x_wconf 90' lang='lat' dir='ltr'>et</span> <span class='ocrx_word' id='word_1_559' title='bbox 713 3701 823 3754; x_wconf 87' lang='lat' dir='ltr'>mucro,</span> <span class='ocrx_word' id='word_1_560' title='bbox 880 3692 965 3748; x_wconf 84' lang='lat' dir='ltr'>aliam</span> <span class='ocrx_word' id='word_1_561' title='bbox 982 3692 1154 3761; x_wconf 88' lang='lat' dir='ltr'>simplicem,</span> <span class='ocrx_word' id='word_1_562' title='bbox 1179 3690 1266 3745; x_wconf 91' lang='lat' dir='ltr'>aliam</span> <span class='ocrx_word' id='word_1_563' title='bbox 1291 3686 1489 3757; x_wconf 89' lang='lat' dir='ltr'>compositam,</span> <span class='ocrx_word' id='word_1_564' title='bbox 1508 3699 1574 3741; x_wconf 84' lang='lat' dir='ltr'>curn</span> <span class='ocrx_word' id='word_1_565' title='bbox 1596 3681 1728 3739; x_wconf 81' lang='lat' dir='ltr'>videlicet</span> 
     </span>
     <span class='ocr_line' id='line_1_70' title="bbox 81 3768 1726 3850; baseline -0.005 -19"><span class='ocrx_word' id='word_1_566' title='bbox 81 3788 152 3831; x_wconf 83' lang='lat' dir='ltr'>xeo</span> <span class='ocrx_word' id='word_1_567' title='bbox 167 3776 244 3846; x_wconf 85' lang='lat' dir='ltr'>quod</span> <span class='ocrx_word' id='word_1_568' title='bbox 260 3777 337 3831; x_wconf 88' lang='lat' dir='ltr'>ensis</span> <span class='ocrx_word' id='word_1_569' title='bbox 352 3785 403 3844; x_wconf 90' lang='lat' dir='ltr'>est,</span> <span class='ocrx_word' id='word_1_570' title='bbox 421 3777 473 3831; x_wconf 87' lang='lat' dir='ltr'>lroc</span> <span class='ocrx_word' id='word_1_571' title='bbox 489 3783 601 3832; x_wconf 90' lang='lat' dir='ltr'>tantum</span> <span class='ocrx_word' id='word_1_572' title='bbox 615 3776 745 3847; x_wconf 80' lang='lat' dir='ltr'>exigitut</span> <span class='ocrx_word' id='word_1_573' title='bbox 760 3791 825 3833; x_wconf 90' lang='lat' dir='ltr'>mu·</span> <span class='ocrx_word' id='word_1_574' title='bbox 880 3781 908 3835; x_wconf 93' lang='lat' dir='ltr'>id</span> <span class='ocrx_word' id='word_1_575' title='bbox 927 3780 1005 3850; x_wconf 89' lang='lat' dir='ltr'>quod</span> <span class='ocrx_word' id='word_1_576' title='bbox 1031 3778 1153 3849; x_wconf 78' lang='lat' dir='ltr'>simplex</span> <span class='ocrx_word' id='word_1_577' title='bbox 1178 3786 1230 3843; x_wconf 91' lang='lat' dir='ltr'>est,</span> <span class='ocrx_word' id='word_1_578' title='bbox 1257 3791 1315 3832; x_wconf 94' lang='lat' dir='ltr'>non</span> <span class='ocrx_word' id='word_1_579' title='bbox 1340 3775 1376 3830; x_wconf 89' lang='lat' dir='ltr'>sit</span> <span class='ocrx_word' id='word_1_580' title='bbox 1401 3768 1496 3844; x_wconf 81' lang='lat' dir='ltr'>ipsum</span> <span class='ocrx_word' id='word_1_581' title='bbox 1520 3770 1726 3842; x_wconf 87' lang='lat' dir='ltr'>compositum,</span> 
     </span>
     <span class='ocr_line' id='line_1_71' title="bbox 90 3857 1726 3936; baseline -0.006 -16"><span class='ocrx_word' id='word_1_582' title='bbox 90 3871 117 3920; x_wconf 85' lang='lat' dir='ltr'>et</span> <span class='ocrx_word' id='word_1_583' title='bbox 138 3879 153 3920; x_wconf 92' lang='lat' dir='ltr'>e</span> <span class='ocrx_word' id='word_1_584' title='bbox 171 3879 321 3931; x_wconf 84' lang='lat' dir='ltr'>converso,</span> <span class='ocrx_word' id='word_1_585' title='bbox 338 3865 515 3921; x_wconf 85' lang='lat' dir='ltr'>utvidelieet</span> <span class='ocrx_word' id='word_1_586' title='bbox 540 3880 597 3921; x_wconf 92' lang='lat' dir='ltr'>uon</span> <span class='ocrx_word' id='word_1_587' title='bbox 616 3865 710 3921; x_wconf 91' lang='lat' dir='ltr'>solum</span> <span class='ocrx_word' id='word_1_588' title='bbox 725 3867 825 3922; x_wconf 89' lang='lat' dir='ltr'>eadem</span> <span class='ocrx_word' id='word_1_589' title='bbox 880 3869 995 3926; x_wconf 89' lang='lat' dir='ltr'>licetsit</span> <span class='ocrx_word' id='word_1_590' title='bbox 1016 3868 1050 3923; x_wconf 92' lang='lat' dir='ltr'>de</span> <span class='ocrx_word' id='word_1_591' title='bbox 1079 3869 1141 3936; x_wconf 90' lang='lat' dir='ltr'>ipso</span> <span class='ocrx_word' id='word_1_592' title='bbox 1170 3864 1335 3934; x_wconf 88' lang='lat' dir='ltr'>composito.</span> <span class='ocrx_word' id='word_1_593' title='bbox 1353 3862 1457 3918; x_wconf 91' lang='lat' dir='ltr'>Omnia</span> <span class='ocrx_word' id='word_1_594' title='bbox 1480 3875 1548 3931; x_wconf 81' lang='lat' dir='ltr'>ergo</span> <span class='ocrx_word' id='word_1_595' title='bbox 1567 3857 1726 3916; x_wconf 88' lang='lat' dir='ltr'>essentiali-</span> 
     </span>
     <span class='ocr_line' id='line_1_72' title="bbox 79 3933 1727 4024; baseline -0.003 -18"><span class='ocrx_word' id='word_1_596' title='bbox 79 3952 101 4008; x_wconf 68' lang='grc' dir='ltr'>ιε</span> <span class='ocrx_word' id='word_1_597' title='bbox 125 3953 161 4008; x_wconf 86' lang='lat' dir='ltr'>sit</span> <span class='ocrx_word' id='word_1_598' title='bbox 185 3954 262 4008; x_wconf 89' lang='lat' dir='ltr'>ensis</span> <span class='ocrx_word' id='word_1_599' title='bbox 286 3962 312 4009; x_wconf 88' lang='lat' dir='ltr'>et</span> <span class='ocrx_word' id='word_1_600' title='bbox 326 3968 438 4018; x_wconf 89' lang='lat' dir='ltr'>mucro,</span> <span class='ocrx_word' id='word_1_601' title='bbox 455 3968 557 4010; x_wconf 81' lang='lat' dir='ltr'>verum</span> <span class='ocrx_word' id='word_1_602' title='bbox 572 3961 599 4009; x_wconf 94' lang='lat' dir='ltr'>et</span> <span class='ocrx_word' id='word_1_603' title='bbox 623 3953 697 4009; x_wconf 89' lang='lat' dir='ltr'>idem</span> <span class='ocrx_word' id='word_1_604' title='bbox 721 3954 757 4010; x_wconf 92' lang='lat' dir='ltr'>sit</span> <span class='ocrx_word' id='word_1_605' title='bbox 777 3969 824 4024; x_wconf 90' lang='lat' dir='ltr'>pe·</span> <span class='ocrx_word' id='word_1_606' title='bbox 853 3933 923 4014; x_wconf 70' lang='lat' dir='ltr'>&#39;ter</span> <span class='ocrx_word' id='word_1_607' title='bbox 947 3957 1059 4012; x_wconf 88' lang='lat' dir='ltr'>diversa</span> <span class='ocrx_word' id='word_1_608' title='bbox 1087 3955 1222 4018; x_wconf 88' lang='lat' dir='ltr'>dicimus,</span> <span class='ocrx_word' id='word_1_609' title='bbox 1234 3967 1299 4022; x_wconf 74' lang='lat' dir='ltr'>quae</span> <span class='ocrx_word' id='word_1_610' title='bbox 1323 3951 1363 4006; x_wconf 91' lang='lat' dir='ltr'>ita</span> <span class='ocrx_word' id='word_1_611' title='bbox 1378 3951 1414 4005; x_wconf 85' lang='lat' dir='ltr'>ab</span> <span class='ocrx_word' id='word_1_612' title='bbox 1441 3949 1563 4004; x_wconf 81' lang='lat' dir='ltr'>invicem</span> <span class='ocrx_word' id='word_1_613' title='bbox 1588 3954 1656 4003; x_wconf 92' lang='lat' dir='ltr'>sunt</span> <span class='ocrx_word' id='word_1_614' title='bbox 1678 3959 1727 4001; x_wconf 89' lang='lat' dir='ltr'>re·</span> 
     </span>
     <span class='ocr_line' id='line_1_73' title="bbox 79 4034 1725 4113; baseline -0.004 -17"><span class='ocrx_word' id='word_1_615' title='bbox 79 4055 132 4097; x_wconf 77' lang='lat' dir='ltr'>esse</span> <span class='ocrx_word' id='word_1_616' title='bbox 152 4056 249 4098; x_wconf 88' lang='lat' dir='ltr'>ensem</span> <span class='ocrx_word' id='word_1_617' title='bbox 273 4043 351 4112; x_wconf 74' lang='lat' dir='ltr'>‹puod</span> <span class='ocrx_word' id='word_1_618' title='bbox 366 4057 427 4098; x_wconf 88' lang='lat' dir='ltr'>csse</span> <span class='ocrx_word' id='word_1_619' title='bbox 442 4057 621 4099; x_wconf 89' lang='lat' dir='ltr'>mucronem.</span> <span class='ocrx_word' id='word_1_620' title='bbox 639 4044 746 4099; x_wconf 87' lang='lat' dir='ltr'>Eadem</span> <span class='ocrx_word' id='word_1_621' title='bbox 773 4044 824 4099; x_wconf 89' lang='lat' dir='ltr'>ita·</span> <span class='ocrx_word' id='word_1_622' title='bbox 880 4054 967 4113; x_wconf 93' lang='lat' dir='ltr'>mota,</span> <span class='ocrx_word' id='word_1_623' title='bbox 984 4052 1016 4102; x_wconf 91' lang='lat' dir='ltr'>ut</span> <span class='ocrx_word' id='word_1_624' title='bbox 1040 4045 1094 4100; x_wconf 90' lang='lat' dir='ltr'>hoc</span> <span class='ocrx_word' id='word_1_625' title='bbox 1109 4058 1167 4098; x_wconf 96' lang='lat' dir='ltr'>non</span> <span class='ocrx_word' id='word_1_626' title='bbox 1186 4043 1222 4097; x_wconf 89' lang='lat' dir='ltr'>sit</span> <span class='ocrx_word' id='word_1_627' title='bbox 1243 4041 1324 4096; x_wconf 92' lang='lat' dir='ltr'>illud.</span> <span class='ocrx_word' id='word_1_628' title='bbox 1344 4042 1423 4096; x_wconf 90' lang='lat' dir='ltr'>llanc</span> <span class='ocrx_word' id='word_1_629' title='bbox 1444 4051 1511 4094; x_wconf 90' lang='lat' dir='ltr'>vero</span> <span class='ocrx_word' id='word_1_630' title='bbox 1534 4034 1725 4092; x_wconf 73' lang='lat' dir='ltr'>differentiam</span> 
     </span>
     <span class='ocr_line' id='line_1_74' title="bbox 79 4125 1728 4205; baseline -0.005 -20"><span class='ocrx_word' id='word_1_631' title='bbox 79 4129 235 4187; x_wconf 89' lang='lat' dir='ltr'>lildnitione</span> <span class='ocrx_word' id='word_1_632' title='bbox 259 4132 408 4199; x_wconf 90' lang='lat' dir='ltr'>dicuntur,</span> <span class='ocrx_word' id='word_1_633' title='bbox 426 4148 492 4204; x_wconf 72' lang='lat' dir='ltr'>quta&gt;</span> <span class='ocrx_word' id='word_1_634' title='bbox 517 4134 555 4188; x_wconf 92' lang='lat' dir='ltr'>ita</span> <span class='ocrx_word' id='word_1_635' title='bbox 580 4133 721 4204; x_wconf 89' lang='lat' dir='ltr'>adjuncta</span> <span class='ocrx_word' id='word_1_636' title='bbox 745 4140 823 4202; x_wconf 91' lang='lat' dir='ltr'>sunt,</span> <span class='ocrx_word' id='word_1_637' title='bbox 882 4134 941 4205; x_wconf 92' lang='lat' dir='ltr'>ipse</span> <span class='ocrx_word' id='word_1_638' title='bbox 964 4149 1082 4205; x_wconf 82' lang='lat' dir='ltr'>quoquae</span> <span class='ocrx_word' id='word_1_639' title='bbox 1105 4131 1282 4201; x_wconf 85' lang='lat' dir='ltr'>Porphyrius</span> <span class='ocrx_word' id='word_1_640' title='bbox 1303 4130 1332 4183; x_wconf 94' lang='lat' dir='ltr'>in</span> <span class='ocrx_word' id='word_1_641' title='bbox 1355 4125 1610 4184; x_wconf 87' lang='lat' dir='ltr'>communitatibus</span> <span class='ocrx_word' id='word_1_642' title='bbox 1632 4129 1728 4193; x_wconf 91' lang='lat' dir='ltr'>aperte</span> 
     </span>
     <span class='ocr_line' id='line_1_75' title="bbox 79 4215 1729 4290; baseline -0.004 -16"><span class='ocrx_word' id='word_1_643' title='bbox 79 4219 278 4275; x_wconf 89' lang='lat' dir='ltr'>lsolummodo</span> <span class='ocrx_word' id='word_1_644' title='bbox 294 4221 346 4275; x_wconf 85' lang='lat' dir='ltr'>hoc</span> <span class='ocrx_word' id='word_1_645' title='bbox 364 4222 401 4276; x_wconf 87' lang='lat' dir='ltr'>sit</span> <span class='ocrx_word' id='word_1_646' title='bbox 417 4222 618 4288; x_wconf 82' lang='lat' dir='ltr'>illud,verun1</span> <span class='ocrx_word' id='word_1_647' title='bbox 638 4223 725 4276; x_wconf 90' lang='lat' dir='ltr'>etiam</span> <span class='ocrx_word' id='word_1_648' title='bbox 744 4235 780 4277; x_wconf 80' lang='lat' dir='ltr'>ex</span> <span class='ocrx_word' id='word_1_649' title='bbox 792 4236 825 4277; x_wconf 90' lang='lat' dir='ltr'>eo</span> <span class='ocrx_word' id='word_1_650' title='bbox 881 4224 1021 4290; x_wconf 87' lang='lat' dir='ltr'>insinuat,</span> <span class='ocrx_word' id='word_1_651' title='bbox 1037 4223 1087 4278; x_wconf 79' lang='lat' dir='ltr'>tulii</span> <span class='ocrx_word' id='word_1_652' title='bbox 1112 4221 1244 4277; x_wconf 90' lang='lat' dir='ltr'>videlicet</span> <span class='ocrx_word' id='word_1_653' title='bbox 1267 4218 1392 4275; x_wconf 89' lang='lat' dir='ltr'>ostendit</span> <span class='ocrx_word' id='word_1_654' title='bbox 1425 4215 1677 4287; x_wconf 81' lang='lat' dir='ltr'>generalissimum</span> <span class='ocrx_word' id='word_1_655' title='bbox 1700 4218 1729 4268; x_wconf 91' lang='grc' dir='ltr'>ει</span> 
     </span>
     <span class='ocr_line' id='line_1_76' title="bbox 79 4301 1729 4384; baseline -0.002 -22"><span class='ocrx_word' id='word_1_656' title='bbox 79 4316 110 4363; x_wconf 72' lang='grc' dir='ltr'>εει</span> <span class='ocrx_word' id='word_1_657' title='bbox 133 4309 187 4364; x_wconf 88' lang='lat' dir='ltr'>hoc</span> <span class='ocrx_word' id='word_1_658' title='bbox 209 4311 307 4380; x_wconf 81' lang='lat' dir='ltr'>exigat</span> <span class='ocrx_word' id='word_1_659' title='bbox 331 4318 443 4366; x_wconf 88' lang='lat' dir='ltr'>tanturn</span> <span class='ocrx_word' id='word_1_660' title='bbox 464 4319 496 4367; x_wconf 90' lang='lat' dir='ltr'>ut</span> <span class='ocrx_word' id='word_1_661' title='bbox 524 4312 559 4367; x_wconf 86' lang='lat' dir='ltr'>sit</span> <span class='ocrx_word' id='word_1_662' title='bbox 586 4311 668 4377; x_wconf 90' lang='lat' dir='ltr'>illud,</span> <span class='ocrx_word' id='word_1_663' title='bbox 682 4318 739 4367; x_wconf 88' lang='lat' dir='ltr'>eto</span> <span class='ocrx_word' id='word_1_664' title='bbox 764 4325 829 4366; x_wconf 88' lang='lat' dir='ltr'>con·</span> <span class='ocrx_word' id='word_1_665' title='bbox 844 4301 866 4356; x_wconf 78' lang='lat' dir='ltr'>D</span> <span class='ocrx_word' id='word_1_666' title='bbox 883 4313 1120 4384; x_wconf 90' lang='lat' dir='ltr'>specialissimum</span> <span class='ocrx_word' id='word_1_667' title='bbox 1142 4312 1171 4367; x_wconf 94' lang='lat' dir='ltr'>in</span> <span class='ocrx_word' id='word_1_668' title='bbox 1194 4325 1226 4366; x_wconf 92' lang='lat' dir='ltr'>eo</span> <span class='ocrx_word' id='word_1_669' title='bbox 1246 4308 1372 4375; x_wconf 85' lang='lat' dir='ltr'>dilierre,</span> <span class='ocrx_word' id='word_1_670' title='bbox 1389 4307 1466 4378; x_wconf 90' lang='lat' dir='ltr'>quod</span> <span class='ocrx_word' id='word_1_671' title='bbox 1494 4319 1590 4376; x_wconf 88' lang='lat' dir='ltr'>neque</span> <span class='ocrx_word' id='word_1_672' title='bbox 1612 4316 1729 4376; x_wconf 80' lang='lat' dir='ltr'>genera·</span> 
     </span>
    </p>
   </div>
   <div class='ocr_carea' id='block_1_14' title="bbox 79 4398 829 5452">
    <p class='ocr_par' dir='ltr' id='par_1_19' title="bbox 79 4398 829 5452">
     <span class='ocr_line' id='line_1_77' title="bbox 79 4398 828 4471; baseline 0.004 -18"><span class='ocrx_word' id='word_1_673' title='bbox 79 4418 80 4422; x_wconf 44' lang='lat'>¹</span> <span class='ocrx_word' id='word_1_674' title='bbox 99 4406 127 4453; x_wconf 89' lang='grc' dir='ltr'>ει</span> <span class='ocrx_word' id='word_1_675' title='bbox 142 4398 196 4454; x_wconf 89' lang='lat' dir='ltr'>hoc</span> <span class='ocrx_word' id='word_1_676' title='bbox 211 4401 328 4469; x_wconf 85' lang='lat' dir='ltr'>quidem</span> <span class='ocrx_word' id='word_1_677' title='bbox 353 4401 435 4456; x_wconf 92' lang='lat' dir='ltr'>modo</span> <span class='ocrx_word' id='word_1_678' title='bbox 451 4415 509 4456; x_wconf 90' lang='lat' dir='ltr'>non</span> <span class='ocrx_word' id='word_1_679' title='bbox 534 4408 654 4471; x_wconf 92' lang='lat' dir='ltr'>possunt</span> <span class='ocrx_word' id='word_1_680' title='bbox 670 4401 726 4456; x_wconf 89' lang='lat' dir='ltr'>dici</span> <span class='ocrx_word' id='word_1_681' title='bbox 753 4400 828 4456; x_wconf 89' lang='lat' dir='ltr'>idem</span> 
     </span>
     <span class='ocr_line' id='line_1_78' title="bbox 81 4487 828 4559; baseline 0.005 -17"><span class='ocrx_word' id='word_1_682' title='bbox 81 4487 141 4543; x_wconf 93' lang='lat' dir='ltr'>ntia</span> <span class='ocrx_word' id='word_1_683' title='bbox 155 4495 182 4543; x_wconf 90' lang='grc' dir='ltr'>ει</span> <span class='ocrx_word' id='word_1_684' title='bbox 197 4503 310 4559; x_wconf 90' lang='lat' dir='ltr'>corpus,</span> <span class='ocrx_word' id='word_1_685' title='bbox 327 4490 370 4545; x_wconf 87' lang='lat' dir='ltr'>rel</span> <span class='ocrx_word' id='word_1_686' title='bbox 384 4490 484 4545; x_wconf 81' lang='lat' dir='ltr'>allium</span> <span class='ocrx_word' id='word_1_687' title='bbox 498 4496 525 4546; x_wconf 94' lang='lat' dir='ltr'>et</span> <span class='ocrx_word' id='word_1_688' title='bbox 545 4491 664 4559; x_wconf 89' lang='lat' dir='ltr'>durum,</span> <span class='ocrx_word' id='word_1_689' title='bbox 682 4489 745 4546; x_wconf 91' lang='lat' dir='ltr'>licet</span> <span class='ocrx_word' id='word_1_690' title='bbox 768 4490 828 4546; x_wconf 91' lang='lat' dir='ltr'>sint</span> 
     </span>
     <span class='ocr_line' id='line_1_79' title="bbox 79 4577 829 4651; baseline 0.004 -19"><span class='ocrx_word' id='word_1_691' title='bbox 79 4577 276 4633; x_wconf 88' lang='lat' dir='ltr'>essentialiter.</span> <span class='ocrx_word' id='word_1_692' title='bbox 302 4578 406 4634; x_wconf 91' lang='lat' dir='ltr'>Omnia</span> <span class='ocrx_word' id='word_1_693' title='bbox 433 4594 502 4651; x_wconf 80' lang='lat' dir='ltr'>ergo</span> <span class='ocrx_word' id='word_1_694' title='bbox 532 4594 598 4650; x_wconf 72' lang='grc' dir='ltr'>εεε</span> <span class='ocrx_word' id='word_1_695' title='bbox 630 4580 729 4636; x_wconf 89' lang='lat' dir='ltr'>eadem</span> <span class='ocrx_word' id='word_1_696' title='bbox 760 4586 829 4635; x_wconf 91' lang='lat' dir='ltr'>suut</span> 
     </span>
     <span class='ocr_line' id='line_1_80' title="bbox 79 4666 827 4737; baseline 0.004 -17"><span class='ocrx_word' id='word_1_697' title='bbox 79 4666 160 4731; x_wconf 90' lang='lat' dir='ltr'>tione,</span> <span class='ocrx_word' id='word_1_698' title='bbox 176 4668 276 4723; x_wconf 90' lang='lat' dir='ltr'>eadem</span> <span class='ocrx_word' id='word_1_699' title='bbox 293 4676 362 4724; x_wconf 90' lang='lat' dir='ltr'>sunt</span> <span class='ocrx_word' id='word_1_700' title='bbox 385 4670 584 4737; x_wconf 88' lang='lat' dir='ltr'>essentialiter,</span> <span class='ocrx_word' id='word_1_701' title='bbox 601 4670 649 4725; x_wconf 90' lang='lat' dir='ltr'>sed</span> <span class='ocrx_word' id='word_1_702' title='bbox 672 4683 731 4724; x_wconf 92' lang='lat' dir='ltr'>non</span> <span class='ocrx_word' id='word_1_703' title='bbox 757 4683 827 4724; x_wconf 90' lang='lat' dir='ltr'>con·</span> 
     </span>
     <span class='ocr_line' id='line_1_81' title="bbox 79 4759 829 4830; baseline 0.004 -20"><span class='ocrx_word' id='word_1_704' title='bbox 79 4763 193 4812; x_wconf 80' lang='lat' dir='ltr'>rtur:et</span> <span class='ocrx_word' id='word_1_705' title='bbox 214 4759 375 4814; x_wconf 88' lang='lat' dir='ltr'>secundum</span> <span class='ocrx_word' id='word_1_706' title='bbox 398 4759 450 4814; x_wconf 80' lang='lat' dir='ltr'>lias</span> <span class='ocrx_word' id='word_1_707' title='bbox 474 4760 592 4830; x_wconf 80' lang='lat' dir='ltr'>uiridem</span> <span class='ocrx_word' id='word_1_708' title='bbox 617 4766 730 4815; x_wconf 87' lang='lat' dir='ltr'>tantum</span> <span class='ocrx_word' id='word_1_709' title='bbox 755 4759 829 4814; x_wconf 91' lang='lat' dir='ltr'>duas</span> 
     </span>
     <span class='ocr_line' id='line_1_82' title="bbox 79 4845 829 4918; baseline 0.004 -18"><span class='ocrx_word' id='word_1_710' title='bbox 79 4845 202 4901; x_wconf 87' lang='lat' dir='ltr'>cationes</span> <span class='ocrx_word' id='word_1_711' title='bbox 225 4848 422 4918; x_wconf 89' lang='lat' dir='ltr'>suprapositas</span> <span class='ocrx_word' id='word_1_712' title='bbox 443 4848 562 4906; x_wconf 82' lang='lat' dir='ltr'>relative</span> <span class='ocrx_word' id='word_1_713' title='bbox 602 4849 723 4918; x_wconf 91' lang='lat' dir='ltr'>supponi</span> <span class='ocrx_word' id='word_1_714' title='bbox 759 4847 829 4904; x_wconf 88' lang='lat' dir='ltr'>solet</span> 
     </span>
     <span class='ocr_line' id='line_1_83' title="bbox 79 4936 828 5005; baseline 0.008 -18"><span class='ocrx_word' id='word_1_715' title='bbox 79 4946 217 4989; x_wconf 91' lang='lat' dir='ltr'>ronomen</span> <span class='ocrx_word' id='word_1_716' title='bbox 233 4936 310 5005; x_wconf 86' lang='lat' dir='ltr'>quod</span> <span class='ocrx_word' id='word_1_717' title='bbox 339 4945 366 4992; x_wconf 91' lang='lat' dir='ltr'>et</span> <span class='ocrx_word' id='word_1_718' title='bbox 394 4937 475 5005; x_wconf 73' lang='lat' dir='ltr'>idem</span> <span class='ocrx_word' id='word_1_719' title='bbox 497 4938 551 4993; x_wconf 89' lang='lat' dir='ltr'>hoc</span> <span class='ocrx_word' id='word_1_720' title='bbox 576 4946 618 4993; x_wconf 90' lang='lat' dir='ltr'>est</span> <span class='ocrx_word' id='word_1_721' title='bbox 646 4945 697 4994; x_wconf 87' lang='lat' dir='ltr'>aut</span> <span class='ocrx_word' id='word_1_722' title='bbox 721 4950 828 4993; x_wconf 89' lang='lat' dir='ltr'>secun-</span> 
     </span>
     <span class='ocr_line' id='line_1_84' title="bbox 79 5021 827 5090; baseline 0.007 -14"><span class='ocrx_word' id='word_1_723' title='bbox 79 5021 244 5078; x_wconf 79' lang='lat' dir='ltr'>denuitatem</span> <span class='ocrx_word' id='word_1_724' title='bbox 261 5024 387 5090; x_wconf 89' lang='lat' dir='ltr'>numeri,</span> <span class='ocrx_word' id='word_1_725' title='bbox 403 5034 456 5081; x_wconf 91' lang='lat' dir='ltr'>aut</span> <span class='ocrx_word' id='word_1_726' title='bbox 470 5028 632 5083; x_wconf 91' lang='lat' dir='ltr'>secundum</span> <span class='ocrx_word' id='word_1_727' title='bbox 648 5026 827 5083; x_wconf 89' lang='lat' dir='ltr'>identitatem</span> 
     </span>
     <span class='ocr_line' id='line_1_85' title="bbox 79 5109 828 5173; baseline 0.011 -9"><span class='ocrx_word' id='word_1_728' title='bbox 79 5109 169 5165; x_wconf 89' lang='lat' dir='ltr'>tionis.</span> <span class='ocrx_word' id='word_1_729' title='bbox 187 5111 259 5167; x_wconf 88' lang='lat' dir='ltr'>Cum</span> <span class='ocrx_word' id='word_1_730' title='bbox 287 5115 363 5169; x_wconf 87' lang='lat' dir='ltr'>enirn</span> <span class='ocrx_word' id='word_1_731' title='bbox 389 5115 530 5171; x_wconf 87' lang='lat' dir='ltr'>dicimus:</span> <span class='ocrx_word' id='word_1_732' title='bbox 554 5116 654 5172; x_wconf 85' lang='lat' dir='ltr'>Mulier</span> <span class='ocrx_word' id='word_1_733' title='bbox 678 5116 828 5173; x_wconf 85' lang='lat' dir='ltr'>damnavit</span> 
     </span>
     <span class='ocr_line' id='line_1_86' title="bbox 79 5202 827 5270; baseline 0.011 -16"><span class='ocrx_word' id='word_1_734' title='bbox 79 5213 121 5255; x_wconf 80' lang='lat' dir='ltr'>um</span> <span class='ocrx_word' id='word_1_735' title='bbox 136 5208 164 5255; x_wconf 91' lang='lat' dir='ltr'>et</span> <span class='ocrx_word' id='word_1_736' title='bbox 178 5202 277 5257; x_wconf 91' lang='lat' dir='ltr'>eadem</span> <span class='ocrx_word' id='word_1_737' title='bbox 292 5203 427 5270; x_wconf 90' lang='lat' dir='ltr'>salvavit,</span> <span class='ocrx_word' id='word_1_738' title='bbox 444 5205 504 5260; x_wconf 80' lang='lat' dir='ltr'>diro</span> <span class='ocrx_word' id='word_1_739' title='bbox 519 5213 587 5260; x_wconf 92' lang='lat' dir='ltr'>sunt</span> <span class='ocrx_word' id='word_1_740' title='bbox 601 5219 723 5268; x_wconf 89' lang='lat' dir='ltr'>sensus,·</span> <span class='ocrx_word' id='word_1_741' title='bbox 750 5220 827 5262; x_wconf 89' lang='lat' dir='ltr'>unus</span> 
     </span>
     <span class='ocr_line' id='line_1_87' title="bbox 79 5289 826 5363; baseline 0.012 -21"><span class='ocrx_word' id='word_1_742' title='bbox 79 5302 91 5342; x_wconf 86' lang='grc' dir='ltr'>ε</span> <span class='ocrx_word' id='word_1_743' title='bbox 108 5289 207 5357; x_wconf 79' lang='lat' dir='ltr'>salsus,</span> <span class='ocrx_word' id='word_1_744' title='bbox 222 5291 246 5346; x_wconf 90' lang='lat' dir='ltr'>si</span> <span class='ocrx_word' id='word_1_745' title='bbox 256 5293 292 5347; x_wconf 89' lang='lat' dir='ltr'>ad</span> <span class='ocrx_word' id='word_1_746' title='bbox 312 5294 489 5350; x_wconf 89' lang='lat' dir='ltr'>identitatem</span> <span class='ocrx_word' id='word_1_747' title='bbox 510 5294 624 5350; x_wconf 90' lang='lat' dir='ltr'>numeri</span> <span class='ocrx_word' id='word_1_748' title='bbox 646 5294 696 5349; x_wconf 86' lang='lat' dir='ltr'>fiat</span> <span class='ocrx_word' id='word_1_749' title='bbox 715 5295 826 5363; x_wconf 88' lang='lat' dir='ltr'>relatio,</span> 
     </span>
     <span class='ocr_line' id='line_1_88' title="bbox 81 5376 828 5452; baseline 0.011 -19"><span class='ocrx_word' id='word_1_750' title='bbox 81 5376 164 5433; x_wconf 87' lang='lat' dir='ltr'>elicot</span> <span class='ocrx_word' id='word_1_751' title='bbox 187 5380 286 5436; x_wconf 89' lang='lat' dir='ltr'>eadem</span> <span class='ocrx_word' id='word_1_752' title='bbox 311 5382 499 5452; x_wconf 87' lang='lat' dir='ltr'>personaliter</span> <span class='ocrx_word' id='word_1_753' title='bbox 521 5397 555 5438; x_wconf 92' lang='lat' dir='ltr'>ac</span> <span class='ocrx_word' id='word_1_754' title='bbox 576 5397 697 5441; x_wconf 90' lang='lat' dir='ltr'>numero</span> <span class='ocrx_word' id='word_1_755' title='bbox 721 5385 828 5442; x_wconf 89' lang='lat' dir='ltr'>mulier</span> 
     </span>
    </p>
   </div>
   <div class='ocr_carea' id='block_1_15' title="bbox 79 5470 827 5547">
    <p class='ocr_par' dir='ltr' id='par_1_20' title="bbox 79 5470 827 5547">
     <span class='ocr_line' id='line_1_89' title="bbox 79 5470 827 5547; baseline 0.015 -24"><span class='ocrx_word' id='word_1_756' title='bbox 79 5473 159 5538; x_wconf 71' lang='lat' dir='ltr'>ratur</span> <span class='ocrx_word' id='word_1_757' title='bbox 181 5476 210 5525; x_wconf 89' lang='grc' dir='ltr'>ει</span> <span class='ocrx_word' id='word_1_758' title='bbox 232 5470 386 5531; x_wconf 89' lang='lat' dir='ltr'>damnasse</span> <span class='ocrx_word' id='word_1_759' title='bbox 404 5480 432 5530; x_wconf 88' lang='lat' dir='ltr'>ot</span> <span class='ocrx_word' id='word_1_760' title='bbox 456 5472 598 5547; x_wconf 87' lang='lat' dir='ltr'>salvasse;</span> <span class='ocrx_word' id='word_1_761' title='bbox 623 5473 700 5533; x_wconf 89' lang='lat' dir='ltr'>alius</span> <span class='ocrx_word' id='word_1_762' title='bbox 723 5488 827 5534; x_wconf 86' lang='lat' dir='ltr'>sensus</span> 
     </span>
    </p>
   </div>
   <div class='ocr_carea' id='block_1_16' title="bbox 882 4396 1810 5548">
    <p class='ocr_par' dir='ltr' id='par_1_21' title="bbox 883 4396 1731 4742">
     <span class='ocr_line' id='line_1_90' title="bbox 883 4396 1727 4470; baseline -0.014 -10"><span class='ocrx_word' id='word_1_763' title='bbox 883 4404 1026 4460; x_wconf 91' lang='lat' dir='ltr'>lissimum</span> <span class='ocrx_word' id='word_1_764' title='bbox 1052 4403 1151 4457; x_wconf 91' lang='lat' dir='ltr'>lictum</span> <span class='ocrx_word' id='word_1_765' title='bbox 1167 4413 1255 4470; x_wconf 87' lang='lat' dir='ltr'>quam</span> <span class='ocrx_word' id='word_1_766' title='bbox 1278 4396 1525 4468; x_wconf 89' lang='lat' dir='ltr'>specialissimum,</span> <span class='ocrx_word' id='word_1_767' title='bbox 1542 4407 1638 4466; x_wconf 89' lang='lat' dir='ltr'>neque</span> <span class='ocrx_word' id='word_1_768' title='bbox 1663 4407 1727 4462; x_wconf 91' lang='lat' dir='ltr'>spe-</span> 
     </span>
     <span class='ocr_line' id='line_1_91' title="bbox 883 4486 1731 4562; baseline -0.018 -10"><span class='ocrx_word' id='word_1_769' title='bbox 883 4493 1072 4552; x_wconf 89' lang='lat' dir='ltr'>cialissimum</span> <span class='ocrx_word' id='word_1_770' title='bbox 1109 4486 1495 4562; x_wconf 80' lang='lat' dir='ltr'>generalissimumflorum</span> <span class='ocrx_word' id='word_1_771' title='bbox 1532 4492 1630 4540; x_wconf 88' lang='lat' dir='ltr'>antem</span> <span class='ocrx_word' id='word_1_772' title='bbox 1664 4494 1731 4553; x_wconf 77' lang='lat' dir='ltr'>quac</span> 
     </span>
     <span class='ocr_line' id='line_1_92' title="bbox 883 4576 1731 4648; baseline -0.018 -7"><span class='ocrx_word' id='word_1_773' title='bbox 883 4582 1073 4641; x_wconf 86' lang='lat' dir='ltr'>essentialiter</span> <span class='ocrx_word' id='word_1_774' title='bbox 1087 4580 1201 4636; x_wconf 87' lang='lat' dir='ltr'>diversa</span> <span class='ocrx_word' id='word_1_775' title='bbox 1215 4585 1294 4644; x_wconf 91' lang='lat' dir='ltr'>sunt,</span> <span class='ocrx_word' id='word_1_776' title='bbox 1311 4576 1446 4648; x_wconf 81' lang='lat' dir='ltr'>quadam</span> <span class='ocrx_word' id='word_1_777' title='bbox 1469 4587 1591 4630; x_wconf 85' lang='lat' dir='ltr'>nurnero</span> <span class='ocrx_word' id='word_1_778' title='bbox 1613 4583 1731 4644; x_wconf 87' lang='lat' dir='ltr'>quoque</span> 
     </span>
     <span class='ocr_line' id='line_1_93' title="bbox 884 4658 1392 4742; baseline -0.016 -12"><span class='ocrx_word' id='word_1_779' title='bbox 884 4674 998 4730; x_wconf 84' lang='lat' dir='ltr'>diversa</span> <span class='ocrx_word' id='word_1_780' title='bbox 1017 4658 1095 4738; x_wconf 85' lang='grc' dir='ltr'><strong>εεει,</strong></span> <span class='ocrx_word' id='word_1_781' title='bbox 1112 4670 1247 4742; x_wconf 79' lang='lat' dir='ltr'>quadam</span> <span class='ocrx_word' id='word_1_782' title='bbox 1262 4667 1392 4724; x_wconf 87' lang='lat' dir='ltr'>minime.</span> 
     </span>
    </p>

    <p class='ocr_par' dir='ltr' id='par_1_22' title="bbox 882 4752 1810 5548">
     <span class='ocr_line' id='line_1_94' title="bbox 919 4752 1732 4832; baseline -0.015 -16"><span class='ocrx_word' id='word_1_783' title='bbox 919 4763 1037 4819; x_wconf 81' lang='lat' dir='ltr'>Diversa</span> <span class='ocrx_word' id='word_1_784' title='bbox 1057 4762 1166 4832; x_wconf 83' lang='lat' dir='ltr'>quippe</span> <span class='ocrx_word' id='word_1_785' title='bbox 1193 4772 1315 4815; x_wconf 90' lang='lat' dir='ltr'>numero</span> <span class='ocrx_word' id='word_1_786' title='bbox 1334 4756 1469 4820; x_wconf 90' lang='lat' dir='ltr'>dicimus,</span> <span class='ocrx_word' id='word_1_787' title='bbox 1492 4768 1558 4825; x_wconf 72' lang='lat' dir='ltr'>quae</span> <span class='ocrx_word' id='word_1_788' title='bbox 1583 4752 1653 4807; x_wconf 87' lang='lat' dir='ltr'>adeo</span> <span class='ocrx_word' id='word_1_789' title='bbox 1672 4756 1732 4805; x_wconf 83' lang='lat' dir='ltr'>tota</span> 
     </span>
     <span class='ocr_line' id='line_1_95' title="bbox 882 4843 1730 4921; baseline -0.018 -13"><span class='ocrx_word' id='word_1_790' title='bbox 882 4852 1012 4908; x_wconf 80' lang='lat' dir='ltr'>essentiae</span> <span class='ocrx_word' id='word_1_791' title='bbox 1031 4865 1090 4907; x_wconf 81' lang='lat' dir='ltr'>sum</span> <span class='ocrx_word' id='word_1_792' title='bbox 1113 4849 1275 4921; x_wconf 85' lang='lat' dir='ltr'>quantitate</span> <span class='ocrx_word' id='word_1_793' title='bbox 1296 4846 1333 4902; x_wconf 88' lang='lat' dir='ltr'>ab</span> <span class='ocrx_word' id='word_1_794' title='bbox 1360 4845 1484 4900; x_wconf 85' lang='lat' dir='ltr'>invicem</span> <span class='ocrx_word' id='word_1_795' title='bbox 1506 4843 1630 4898; x_wconf 86' lang='lat' dir='ltr'>discreta</span> <span class='ocrx_word' id='word_1_796' title='bbox 1648 4845 1730 4906; x_wconf 89' lang='grc' dir='ltr'><strong>εεει,</strong></span> 
     </span>
     <span class='ocr_line' id='line_1_96' title="bbox 884 4933 1732 5001; baseline -0.013 -6"><span class='ocrx_word' id='word_1_797' title='bbox 884 4946 997 4995; x_wconf 92' lang='lat' dir='ltr'>utnon</span> <span class='ocrx_word' id='word_1_798' title='bbox 1020 4939 1112 4995; x_wconf 90' lang='lat' dir='ltr'>solum</span> <span class='ocrx_word' id='word_1_799' title='bbox 1136 4939 1190 4993; x_wconf 88' lang='lat' dir='ltr'>hoc</span> <span class='ocrx_word' id='word_1_800' title='bbox 1212 4951 1271 4993; x_wconf 93' lang='lat' dir='ltr'>non</span> <span class='ocrx_word' id='word_1_801' title='bbox 1294 4935 1329 4992; x_wconf 87' lang='lat' dir='ltr'>sit</span> <span class='ocrx_word' id='word_1_802' title='bbox 1352 4933 1436 5001; x_wconf 93' lang='lat' dir='ltr'>illun,</span> <span class='ocrx_word' id='word_1_803' title='bbox 1452 4945 1553 4990; x_wconf 86' lang='lat' dir='ltr'>rerum</span> <span class='ocrx_word' id='word_1_804' title='bbox 1578 4945 1613 4986; x_wconf 89' lang='lat' dir='ltr'>ne</span> <span class='ocrx_word' id='word_1_805' title='bbox 1639 4941 1732 4985; x_wconf 91' lang='lat' dir='ltr'>unum</span> 
     </span>
     <span class='ocr_line' id='line_1_97' title="bbox 884 5019 1733 5098; baseline -0.013 -15"><span class='ocrx_word' id='word_1_806' title='bbox 884 5028 1004 5084; x_wconf 89' lang='lat' dir='ltr'>alterius</span> <span class='ocrx_word' id='word_1_807' title='bbox 1028 5024 1095 5098; x_wconf 79' lang='lat' dir='ltr'>p&#39;ars</span> <span class='ocrx_word' id='word_1_808' title='bbox 1119 5026 1165 5092; x_wconf 90' lang='lat' dir='ltr'>sit,</span> <span class='ocrx_word' id='word_1_809' title='bbox 1187 5025 1233 5081; x_wconf 87' lang='lat' dir='ltr'>vel</span> <span class='ocrx_word' id='word_1_810' title='bbox 1256 5025 1356 5081; x_wconf 87' lang='lat' dir='ltr'>eadem</span> <span class='ocrx_word' id='word_1_811' title='bbox 1378 5037 1445 5078; x_wconf 92' lang='lat' dir='ltr'>cum</span> <span class='ocrx_word' id='word_1_812' title='bbox 1474 5036 1507 5078; x_wconf 91' lang='lat' dir='ltr'>eo</span> <span class='ocrx_word' id='word_1_813' title='bbox 1538 5019 1733 5076; x_wconf 86' lang='lat' dir='ltr'>communicet</span> 
     </span>
     <span class='ocr_line' id='line_1_98' title="bbox 885 5113 1734 5188; baseline -0.012 -16"><span class='ocrx_word' id='word_1_814' title='bbox 885 5126 1006 5188; x_wconf 86' lang='lat' dir='ltr'>partem.</span> <span class='ocrx_word' id='word_1_815' title='bbox 1026 5117 1091 5172; x_wconf 82' lang='lat' dir='ltr'>llaec</span> <span class='ocrx_word' id='word_1_816' title='bbox 1123 5115 1221 5185; x_wconf 89' lang='lat' dir='ltr'>itaque</span> <span class='ocrx_word' id='word_1_817' title='bbox 1249 5114 1309 5170; x_wconf 88' lang='lat' dir='ltr'>sola</span> <span class='ocrx_word' id='word_1_818' title='bbox 1336 5120 1364 5169; x_wconf 91' lang='lat' dir='ltr'>et</span> <span class='ocrx_word' id='word_1_819' title='bbox 1391 5113 1488 5167; x_wconf 87' lang='lat' dir='ltr'>omnia</span> <span class='ocrx_word' id='word_1_820' title='bbox 1514 5123 1637 5166; x_wconf 89' lang='lat' dir='ltr'>numero</span> <span class='ocrx_word' id='word_1_821' title='bbox 1664 5114 1734 5164; x_wconf 88' lang='lat' dir='ltr'>sunt</span> 
     </span>
     <span class='ocr_line' id='line_1_99' title="bbox 884 5186 1810 5275; baseline -0.013 -13"><span class='ocrx_word' id='word_1_822' title='bbox 884 5205 1054 5272; x_wconf 77' lang='lat' dir='ltr'>differentia,</span> <span class='ocrx_word' id='word_1_823' title='bbox 1076 5218 1142 5275; x_wconf 77' lang='lat' dir='ltr'>quae</span> <span class='ocrx_word' id='word_1_824' title='bbox 1176 5211 1234 5260; x_wconf 91' lang='lat' dir='ltr'>tota</span> <span class='ocrx_word' id='word_1_825' title='bbox 1261 5201 1422 5273; x_wconf 86' lang='lat' dir='ltr'>quantitate</span> <span class='ocrx_word' id='word_1_826' title='bbox 1443 5214 1504 5256; x_wconf 77' lang='grc' dir='ltr'>εεε</span> <span class='ocrx_word' id='word_1_827' title='bbox 1533 5199 1663 5256; x_wconf 79' lang='lat' dir='ltr'>essentiae</span> <span class='ocrx_word' id='word_1_828' title='bbox 1691 5195 1734 5252; x_wconf 92' lang='lat' dir='ltr'>di·</span> <span class='ocrx_word' id='word_1_829' title='bbox 1801 5186 1810 5196; x_wconf 85' lang='lat'>&#39;</span> 
     </span>
     <span class='ocr_line' id='line_1_100' title="bbox 883 5282 1733 5364; baseline -0.012 -12"><span class='ocrx_word' id='word_1_830' title='bbox 883 5304 976 5352; x_wconf 90' lang='lat' dir='ltr'>screta</span> <span class='ocrx_word' id='word_1_831' title='bbox 998 5302 1077 5364; x_wconf 91' lang='lat' dir='ltr'>sunt,</span> <span class='ocrx_word' id='word_1_832' title='bbox 1093 5293 1153 5349; x_wconf 88' lang='lat' dir='ltr'>sire</span> <span class='ocrx_word' id='word_1_833' title='bbox 1175 5293 1234 5349; x_wconf 90' lang='lat' dir='ltr'>solo</span> <span class='ocrx_word' id='word_1_834' title='bbox 1256 5305 1378 5349; x_wconf 91' lang='lat' dir='ltr'>numero</span> <span class='ocrx_word' id='word_1_835' title='bbox 1404 5289 1440 5345; x_wconf 87' lang='lat' dir='ltr'>ab</span> <span class='ocrx_word' id='word_1_836' title='bbox 1467 5282 1592 5346; x_wconf 83' lang='lat' dir='ltr'>inuicem</span> <span class='ocrx_word' id='word_1_837' title='bbox 1616 5287 1733 5354; x_wconf 90' lang='lat' dir='ltr'>distent,</span> 
     </span>
     <span class='ocr_line' id='line_1_101' title="bbox 885 5376 1734 5451; baseline -0.013 -9"><span class='ocrx_word' id='word_1_838' title='bbox 885 5385 1055 5442; x_wconf 86' lang='lat' dir='ltr'>utSoerates</span> <span class='ocrx_word' id='word_1_839' title='bbox 1069 5390 1097 5441; x_wconf 89' lang='grc' dir='ltr'>ει</span> <span class='ocrx_word' id='word_1_840' title='bbox 1110 5383 1209 5451; x_wconf 83' lang='grc' dir='ltr'><strong>Ριειο;</strong></span> <span class='ocrx_word' id='word_1_841' title='bbox 1234 5381 1295 5438; x_wconf 89' lang='lat' dir='ltr'>sire</span> <span class='ocrx_word' id='word_1_842' title='bbox 1307 5380 1394 5438; x_wconf 90' lang='lat' dir='ltr'>etiam</span> <span class='ocrx_word' id='word_1_843' title='bbox 1409 5378 1514 5450; x_wconf 89' lang='lat' dir='ltr'>specie,</span> <span class='ocrx_word' id='word_1_844' title='bbox 1530 5385 1563 5436; x_wconf 94' lang='lat' dir='ltr'>ut</span> <span class='ocrx_word' id='word_1_845' title='bbox 1586 5376 1633 5434; x_wconf 91' lang='lat' dir='ltr'>hic</span> <span class='ocrx_word' id='word_1_846' title='bbox 1648 5377 1734 5434; x_wconf 89' lang='lat' dir='ltr'>ltomo</span> 
     </span>
     <span class='ocr_line' id='line_1_102' title="bbox 882 5463 1737 5548; baseline -0.013 -16"><span class='ocrx_word' id='word_1_847' title='bbox 882 5481 910 5532; x_wconf 89' lang='lat' dir='ltr'>et</span> <span class='ocrx_word' id='word_1_848' title='bbox 936 5473 984 5532; x_wconf 90' lang='lat' dir='ltr'>ille</span> <span class='ocrx_word' id='word_1_849' title='bbox 999 5487 1181 5548; x_wconf 84' lang='lat' dir='ltr'>equus;seu</span> <span class='ocrx_word' id='word_1_850' title='bbox 1205 5485 1313 5545; x_wconf 72' lang='lat' dir='ltr'>genere,</span> <span class='ocrx_word' id='word_1_851' title='bbox 1331 5483 1459 5543; x_wconf 87' lang='lat' dir='ltr'>quoque,</span> <span class='ocrx_word' id='word_1_852' title='bbox 1473 5475 1508 5527; x_wconf 91' lang='lat' dir='ltr'>ut</span> <span class='ocrx_word' id='word_1_853' title='bbox 1529 5463 1577 5526; x_wconf 89' lang='lat' dir='ltr'>hic</span> <span class='ocrx_word' id='word_1_854' title='bbox 1601 5466 1687 5524; x_wconf 89' lang='lat' dir='ltr'>homo</span> <span class='ocrx_word' id='word_1_855' title='bbox 1708 5470 1737 5521; x_wconf 89' lang='lat' dir='ltr'>et</span> 
     </span>
    </p>
   </div>
   <div class='ocr_carea' id='block_1_17' title="bbox 0 0 1914 5962">
    <p class='ocr_par' dir='ltr' id='par_1_23' title="bbox 0 0 1914 5962">
     <span class='ocr_line' id='line_1_103' title="bbox 0 0 1914 5962; baseline 0 0"><span class='ocrx_word' id='word_1_856' title='bbox 0 0 1914 5962; x_wconf 95' lang='lat' dir='ltr'> </span> 
     </span>
    </p>
   </div>
  </div>
 </body>
</html>
