3804 5962
1428 26 1808 51 ἡ

735 174 850 233 snuuo
869 177 967 236 xxxvi.
1042 193 1048 205 ·
1664 198 1715 258 „⁸

79 301 91 345 e
104 287 301 359 interpretatio
320 297 464 361 qnantum
491 286 581 363 hujus
594 292 693 350 militis
717 294 815 351 excel-
829 297 854 352 Α
869 296 951 355 Unde
964 305 993 356 et
1002 299 1195 358 immaculate
1213 314 1275 359 suae
1288 303 1384 362 carnis
1397 305 1490 365 hostia
1503 314 1615 371 ceteris
1642 328 1717 377 mar.

79 399 81 432 l
111 378 257 448 exprimat
280 379 362 436 iacile
386 389 429 437 est
451 382 609 452 assignare.
632 383 714 451 Quod
735 384 812 442 euim
868 386 983 457 tprthus
1005 391 1142 460 preponi,
1159 397 1186 448 ct
1210 390 1381 466 incatalogo
1395 405 1503 469 septem
1527 401 1716 463 diaconorum

97 480 201 523 norma
215 474 353 534 vestran
377 468 483 537 ildeles,
500 472 588 529 tantis
601 486 669 529 eum
698 474 812 530 virtuti·
867 482 1007 548 tanquam
1029 492 1131 536 eorum
1163 481 1393 553 archidiaconus,
1420 494 1478 543 tam
1501 491 1543 547 rei
1562 506 1650 562 quarn
1665 506 1717 550 or-

79 564 207 612 »rnatum
228 557 334 624 innuit,
354 566 387 614 ut
402 559 438 614 ad
459 560 661 629 perfectionem
677 562 812 633 vitaeipse
865 563 943 621 dinis
964 568 1080 624 nomine
1106 570 1212 626 meruit
1235 574 1379 644 anteponi.
1410 576 1532 634 Decebat
1557 580 1666 652 quippe
1684 589 1718 639 ut

79 645 150 701 ibus
176 646 278 716 regula
305 646 474 716 disciptinae.
494 648 604 720 Quippe
617 664 685 707 cum
699 651 811 709 dilectio
865 654 962 711 ceteri
984 669 1052 713 cum
1078 657 1139 728 ipso
1153 658 1246 726 vobis,
1275 669 1308 718 ut
1328 661 1469 731 diximus,
1494 665 1635 737 deputati,
1651 671 1716 741 ejus

79 733 254 804 tplenitudo,
267 733 334 805 puis
348 749 431 806 reque
446 745 478 793 ut
489 736 652 807 Stephanus
665 739 741 797 hanc
751 749 810 798 tam
865 743 1010 814 precipue
1028 754 1199 817 regerentur
1213 749 1344 818 arbitrio,
1369 751 1421 823 qui
1435 753 1612 813 castimonia
1638 772 1713 829 pree·

79 833 123 879 ani
141 821 275 893 proximo
286 823 366 879 visus
378 832 420 880 est
439 824 600 883 exhihere?
619 829 676 885 lieo
691 829 810 900 quidem
865 830 1010 889 eminebat
1031 832 1146 890 virtute.
1173 835 1249 891 Bene
1273 835 1372 907 itaque
1385 838 1486 895 diviua
1502 840 1716 912 dispensatione

79 923 97 977 r,
118 917 147 967 et
168 918 232 981 post
249 912 342 981 ipsum
360 912 439 982 prior
459 913 617 983 moriendo,
633 924 721 988 atquo
740 917 811 976 illud
866 927 962 976 actum
976 928 1029 989 est,
1044 929 1077 978 ut
1092 923 1122 977 in
1137 923 1269 995 exemplo
1284 927 1462 997 martyribus
1475 929 1523 986 ille
1538 930 1650 1000 primus
1660 947 1715 990 ex-

79 1013 132 1062 rns,
154 1000 233 1070 quod
249 1000 309 1070 ipse
335 1001 369 1057 de
384 1002 444 1071 ipso
465 1002 579 1061 dixerat
594 1020 601 1061 :
618 1006 749 1074 Maiorem
760 1007 812 1064 naa
865 1006 1024 1078 biberetur,
1048 1011 1100 1081 qui
1127 1011 1270 1070 virtutum
1290 1014 1383 1085 gratia
1398 1019 1571 1088 precedens,
1590 1035 1639 1076 eos
1651 1035 1712 1078 arn·

79 1104 132 1143 rem
156 1089 440 1156 namphanionem
464 1097 495 1145 nt
513 1094 634 1148 enimam
658 1111 737 1151 raom
762 1113 812 1167 pa·
865 1096 942 1167 plius
965 1098 1123 1167 roboraret,
1139 1108 1167 1157 et
1182 1101 1218 1157 ad
1243 1117 1378 1160 coronam
1395 1110 1620 1176 provocaretlit
1649 1124 1714 1168 sur·

79 1193 87 1233 r
113 1193 166 1248 pro
198 1181 294 1233 amicis
320 1181 379 1233 sais
397 1179 486 1250 (Joan.
515 1196 564 1248 xv,
591 1183 644 1252 ta).
676 1186 810 1243 Proximo
865 1200 929 1242 sum
945 1186 1070 1244 intuitus
1084 1189 1193 1257 lesum,
1213 1198 1272 1247 tarn
1288 1193 1317 1248 in
1330 1207 1493 1265 occursum,
1517 1210 1606 1267 ouant
1621 1197 1716 1256 inau-

83 1280 219 1335 cumpro
235 1280 264 1322 se
279 1265 475 1337 lapidantibus
497 1283 566 1326 voce
588 1286 694 1343 magua
712 1288 809 1344 orans,
865 1275 970 1332 xillum
992 1275 1037 1333 sui
1061 1277 1169 1348 pariter
1182 1282 1316 1348 stantem,
1341 1281 1416 1338 hanc
1438 1284 1640 1342 revelationem
1658 1286 1714 1343 sibi

79 1355 137 1412 avit
153 1355 273 1411 diceus:
293 1359 587 1425 nominenominee
607 1362 721 1418 itlishoa
744 1380 810 1434 pec·
865 1361 926 1418 llari
956 1377 1016 1420 non
1041 1363 1151 1420 distulit
1179 1366 1316 1435 profiteri,
1332 1381 1392 1438 qua
1414 1369 1547 1428 videlicet
1575 1386 1713 1444 sequaces

79 1445 143 1514 puio
158 1447 283 1500 nesciunt
295 1445 365 1515 qnid
376 1448 484 1514 (amant
512 1448 586 1518 (Aet.
603 1465 656 1516 vu,
680 1452 735 1524 59).
754 1453 809 1510 Ubi
864 1463 932 1506 suos
953 1450 989 1507 ad
1002 1453 1237 1522 compatiendum
1253 1455 1379 1527 amplius
1394 1457 1550 1528 roboraret,
1560 1468 1589 1517 et
1602 1460 1709 1517 adver-

88 1532 125 1589 de
141 1533 201 1603 ipso
215 1533 249 1590 de
277 1542 356 1590 tanta
371 1535 542 1605 perfectione
569 1548 718 1609 assumpta
736 1543 809 1599 sub·
864 1537 954 1595 sarias
970 1541 999 1596 in
1018 1554 1049 1597 se
1062 1540 1156 1611 ipsum
1174 1543 1373 1601 venementius
1388 1556 1590 1606 commoveret.
1610 1549 1714 1606 hiemi·

85 1624 121 1679 Et
153 1638 214 1677 eum
240 1623 288 1678 boc
312 1624 438 1690 arsisset,
459 1624 626 1682 obdormivit
644 1631 673 1683 in
697 1632 810 1685 Domino
827 1612 847 1670 Β
865 1635 957 1694 uerat,
980 1628 1009 1684 ni
1025 1628 1118 1698 iallor,
1136 1631 1240 1687 isaiam
1261 1633 1401 1692 aludeis
1414 1638 1552 1706 necisum,
1574 1651 1608 1694 eo
1634 1638 1712 1709 quod

90 1712 260 1784 [liquidem
293 1712 389 1783 ipsum
407 1727 457 1784 pro
482 1729 512 1770 se
540 1730 636 1772 orasse
660 1717 810 1789 Scriptura
864 1729 894 1773 se
909 1716 959 1773 Dei
987 1719 1165 1788 majestatem
1180 1721 1287 1779 vidisse
1310 1723 1473 1794 scripserat.
1502 1725 1583 1783 Unde
1605 1733 1634 1783 et
1652 1726 1714 1797 ipse

79 1803 152 1869 ticet,
168 1802 288 1858 diceus:
314 1804 350 1857 lit
363 1803 526 1873 lapidabant
545 1805 713 1875 Stephanum
731 1812 809 1864 inuo—
864 1806 990 1875 amplius
1012 1806 1082 1864 istos
1096 1811 1319 1868 commovendos
1341 1826 1377 1869 ex
1394 1814 1438 1870 bis
1455 1815 1549 1872 verbis
1577 1815 1640 1872 suis
1652 1815 1713 1872 Ste-

87 1906 116 1955 et
139 1900 294 1955 dicentem:
310 1902 422 1955 pompm
448 1903 521 1970 lesu,
546 1908 655 1974 suscipe
679 1907 809 1975 spiritam
864 1895 1172 1967 phanus'rcstirnabat,
1188 1902 1302 1958 sieutet
1317 1903 1413 1958 statim
1428 1916 1576 1961 annexum
1591 1913 1711 1963 osteum

79 1987 158 2054 ppt„
174 1987 231 2059 58)⁸
863 1982 997 2041 dicitur:
1021 1985 1216 2043 declamantes
1240 1993 1331 2044 auton
1354 2006 1416 2046 vore
1439 2008 1551 2062 mopno,
1574 1996 1714 2051 cornuue·

98 2078 236 2149 proiecto,
253 2078 323 2134 dum
352 2091 403 2148 pro
417 2092 447 2135 se
463 2087 536 2146 orat,
565 2094 618 2137 nec
632 2096 729 2152 genua
757 2083 809 2140 lla-
862 2077 929 2126 runi
948 2088 1028 2130 oteres
1056 2089 1131 2141 suos,
1157 2080 1183 2130 et
1201 2079 1332 2147 impetum
1346 2081 1469 2147 feceruut
1488 2085 1657 2139 unanimiter
1682 2086 1712 2140 in

79 2179 114 2223 ec
141 2166 280 2223 clamasse
305 2180 378 2234 voce
402 2180 508 2238 magua
533 2167 648 2238 legitur,
674 2178 706 2225 ut
730 2175 809 2226 tanto
863 2176 933 2216 eum.
955 2164 991 2218 Et
1013 2163 1150 2233 ejicientes
1179 2181 1239 2221 eum
1268 2173 1348 2222 entra
1377 2170 1525 2240 ciuitatem,
1548 2171 1713 2243 lapidabant

79 2255 237 2312 ninimicis
255 2255 406 2312 exhiberet
431 2255 620 2325 devotionem,
637 2265 747 2328 otvanto
762 2272 810 2315 eos
864 2249 937 2321 (Ach
967 2265 1020 2316 V¹¹e
1040 2253 1095 2324 56)·
1118 2255 1197 2310 ¹¹³⁰ss
1225 2256 1356 2313 eamdem
1379 2267 1491 2328 portam
1506 2261 1626 2330 aesllfflh
1652 2276 1712 2334 (issa

79 2359 85 2400 t
113 2344 252 2402 orationis
279 2358 340 2401 sure
365 2344 497 2414 presidio
523 2359 606 2416 egere
620 2346 754 2413 sentiret,
774 2347 809 2404 de
863 2347 890 2398 et
901 2339 1033 2400 Christus
1045 2343 1082 2399 ad
1107 2341 1338 2416 crucifigendum
1353 2361 1486 2418 egressus
1495 2356 1547 2416 est,
1562 2357 1595 2406 ut
1609 2356 1636 2405 et
1647 2352 1709 2422 regi

79 2450 84 2489 ,
114 2434 225 2491 meritis
246 2434 318 2490 pipp
334 2433 507 2490 confidebat,
527 2434 559 2489 ιη
588 2435 641 2491 11³0
656 2449 727 2507 erga
742 2450 809 2507 ppr-
863 2436 890 2485 et
900 2430 984 2488 militi
1000 2430 1074 2488 idem
1091 2432 1232 2503 passionis
1251 2433 1418 2492 locusesset
1432 2438 1604 2495 communis.
1627 2437 1711 2496 Coru-

97 2522 247 2579 eharitatis
258 2536 327 2593 erga
343 2522 475 2579 inimicus
499 2531 729 2591 consummatus,
754 2539 810 2582 ex·
864 2519 973 2589 pletum
1000 2528 1042 2577 est
1069 2522 1099 2577 in
1120 2535 1153 2578 eo
1177 2521 1264 2592 juxta
1281 2522 1374 2595 ipsam
1406 2540 1524 2597 quoque
1548 2527 1710 2599 historiam,

79 2625 107 2668 fo
120 2611 161 2668 εἰς
185 2611 437 2679 0r2110n0‚spprrm
455 2612 621 2669 inpomrno
640 2613 808 2671 memnon.
863 2609 940 2678 quod
969 2609 1006 2665 ad
1029 2609 1163 2666 llebraeos
1186 2612 1313 2669 scribens
1327 2614 1488 2683 Apostolus,
1515 2615 1576 2672 ait:
1592 2618 1712 2684 Quorum

79 2715 110 2772 ²3
137 2710 170 2758 ut
191 2701 225 2758 de
252 2700 375 2772 perlecto
398 2701 514 2757 virtutis
536 2703 671 2769 cumulo,
697 2703 809 2773 primus
863 2696 1025 2753 animalium
1051 2699 1297 2766 infertursaapuis
1311 2701 1342 2754 in
1355 2707 1452 2756 saneta
1477 2706 1705 2774 permistim,

79 2789 179 2862 gnitate
194 2803 284 2862 quant
308 2799 435 2859 tempore
459 2799 579 2861 tnartyr,
600 2793 726 2861 primum
740 2805 807 2863 per·
863 2783 959 2840 horum
986 2801 1099 2856 corpora
1126 2793 1282 2842 memoretur
1295 2793 1376 2843 entra
1391 2792 1492 2844 austro.
1508 2792 1622 2860 Propter
1636 2794 1710 2863 quod

86 2879 234 2935 bravium.
265 2879 386 2935 herebro
410 2877 522 2949 quippe
547 2887 579 2935 ut
605 2880 671 2935 talis
700 2880 730 2936 in
746 2881 807 2937 acie
824 2882 846 2940 G
862 2879 889 2928 el
910 2877 997 2937 Jtivh
1027 2880 1058 2930 αἱ
1084 2877 1267 2944 issttlifitsstti
1291 2891 1343 2946 Per
1370 2892 1449 2933 suum
1475 2882 1638 2948 sanquinem
1656 2897 1709 2952 ΡΘ·

98 2968 211 3038 primus
229 2967 386 3039 eligeretur
404 2969 521 3036 athleta,
546 2976 573 3024 et
599 2968 710 3024 caeteris
723 2976 806 3026 aute·
857 2963 965 3033 Pilum,
994 2968 1196 3033 eaeiissittiissm
1218 2978 1318 3034 ΡΜ8
1341 2970 1391 3022 ²³2·
1408 2969 1544 3023 Etiam
1570 2970 1659 3036 ipitnr
1673 2971 1710 3026 ad

79 3068 121 3124 ur,
138 3057 200 3127 qui,
225 3071 284 3128 quo
308 3055 416 3113 virtute
437 3056 596 3128 perlectior,
616 3071 650 3113 eo
680 3057 807 3128 amplius
860 3068 920 3109 eum
943 3058 1148 3121 entrocostro,
1171 3055 1366 3124 improperium
1392 3057 1451 3125 ejus
1472 3061 1622 3126 portantes·
1648 3060 1709 3116 Non

79 3158 116 3202 rm
134 3145 259 3216 propriis
274 3146 416 3202 animaret
432 3155 520 3216 atoue
537 3147 692 3202 instrueret
707 3160 805 3202 exeni-
860 3144 932 3197 euim
959 3142 1087 3198 babemus
1103 3144 1147 3198 laic
1168 3149 1321 3199 monentem
1344 3145 1491 3213 ciuitatem,
1515 3145 1564 3201 sed
1582 3147 1707 3233 (uturum

79 3233 119 3291 „j
140 3235 298 3304 peripsum
322 3235 461 3290 pommus
476 3248 581 3291 manus
608 3234 738 3292 omnium
755 3235 804 3292 po.
859 3233 1028 3298 inquirimus
1053 3231 1147 3302 (lieir.
1171 3232 1244 3303 nur).
1274 3232 1304 3289 si
1331 3247 1399 3304 ergo
1425 3233 1479 3302 bis,
1496 3234 1547 3306 qui
1576 3235 1706 3293 futuram

79 3322 238 3393 lpraelium
254 3331 281 3380 et
295 3323 401 3394 digitos
422 3322 458 3378 ad
487 3321 614 3379 bellum.
632 3325 666 3380 Et
682 3329 714 3380 ut
734 3337 806 3380 con-
861 3319 1024 3391 inquirunt,
1042 3327 1120 3377 tanto
1139 3320 1278 3378 desiderio
1298 3322 1512 3393 properandum
1525 3332 1577 3392 est,
1590 3332 1699 3406 quanto

105 3412 143 3467 ad
157 3425 278 3484 agonem
295 3419 422 3482 posteros
447 3410 621 3480 hortaretur,
640 3411 755 3469 intuens
777 3411 805 3467 in
860 3408 952 3480 magis
973 3408 1127 3480 Stephano,
1149 3409 1200 3480 oui
1222 3409 1281 3480 jorn
1301 3424 1365 3466 eam
1390 3411 1420 3467 in
1443 3411 1523 3469 omlis
1538 3422 1706 3484 presentem

84 3501 158 3558 vidit
183 3501 305 3573 gloriam
323 3501 384 3568 liei,
405 3507 433 3557 et
449 3501 503 3556 sibi
515 3499 577 3571 jam
602 3508 741 3557 astantem
755 3501 805 3556 le·
859 3498 1003 3564 cernebat,
1033 3498 1084 3568 qui
1109 3497 1162 3554 sibi
1190 3506 1401 3570 assurgentem,
1426 3514 1476 3557 seu
1494 3502 1523 3557 iu
1550 3516 1705 3560 occursum

79 3590 226 3662 tatimque,
244 3591 329 3661 quasi
346 3590 382 3646 ad
403 3603 540 3661 sequaees
570 3603 638 3646 suos
660 3589 689 3644 in
712 3602 805 3660 agone
858 3587 921 3656 ejus
944 3593 1067 3643 stantem
1082 3600 1116 3642 ac
1132 3595 1264 3657 paratum
1280 3586 1396 3645 videbat
1411 3588 1582 3647 Christum?

79 3680 191 3748 modas,
220 3681 362 3736 exclamat
384 3679 492 3736 idicens
518 3681 608 3734 :Ecce
628 3679 706 3734 uideo
728 3679 804 3734 celas
893 3673 1007 3741 Quanta
1034 3683 1131 3732 autem
1155 3675 1331 3745 promotione
1353 3676 1383 3732 in
1401 3691 1469 3734 eum
1491 3677 1704 3738 debaccharen-

92 3775 119 3826 et
133 3772 233 3826 Filiam
257 3770 372 3825 bominis
389 3774 506 3824 stantem
524 3785 542 3822 o
570 3768 674 3823 dentms
693 3772 804 3822 uirtutis
859 3770 917 3828 tur,
947 3762 1008 3833 ipsa
1024 3762 1258 3833 persequentium
1274 3761 1454 3833 impatientia
1473 3773 1605 3837 testatur,
1634 3783 1702 3827 cum

79 3859 119 3928 a„
134 3859 195 3931 55);
210 3873 245 3915 ae
259 3858 282 3915 si
297 3859 423 3916 diceret:
442 3859 571 3929 Pugnate
581 3865 670 3914 etvos
684 3856 803 3925 lortiter,
857 3851 982 3908 dicitur:
995 3854 1031 3907 lit
1043 3852 1183 3920 ejicientes
1197 3867 1257 3906 eum
1272 3856 1351 3907 estro
1366 3854 1514 3920 ciuitatem,
1536 3856 1703 3925 lapidabant

79 3963 87 4007 r
112 3949 245 4016 viriliter,
271 3948 341 4018 quia
364 3954 426 4017 post
440 3961 562 4018 agonem
582 3960 699 4017 pugnae,
723 3945 805 4002 nulla
858 3938 932 4008 (Mi-
950 3952 999 4006 vn,
1020 3940 1074 4009 ⁵⁷l·
1089 3939 1149 3996 N⁰11
1167 3939 1220 4010 (hl)
1242 3940 1319 3996 essim
1340 3939 1407 3996 ὒῑθῑῑ
1428 3940 1488 4011 1³⁰¹
1508 3941 1632 4012 elicium
1659 3944 1705 4001 ¹²·

83 4037 184 4095 dilatio
197 4038 309 4108 93me
340 4037 416 4092 state
441 4037 470 4092 p„
497 4036 558 4092 acre
573 4034 717 4105 intrepidi,
747 4049 804 4106 pu.
857 4026 960 4096 pidari‚
989 4027 1038 4085 sed
1062 4041 1128 4084 cum
1150 4028 1247 4085 adhuc
1259 4028 1412 4099 ejiceretur
1428 4029 1569 4088 inchoari.
1606 4032 1705 4103 Ejecto

79 4127 162 4198 nuri,
181 4126 252 4198 quia
267 4125 397 4182 Christus
421 4125 450 4181 in
467 4138 558 4196 agone
573 4132 647 4181 astat
661 4123 754 4190 uobis,
770 4131 802 4181 ut
817 4176 840 4233 D
857 4123 954 4173 autem
982 4116 1041 4185 illu,
1068 4123 1179 4187 quanta
1198 4115 1376 4174 testinatione
1403 4118 1439 4173 ad
1467 4117 1530 4188 eius
1556 4119 1704 4178 interitum

79 4228 106 4274 ts
129 4224 242 4288 pugnat
257 4228 307 4285 pro
321 4214 454 4271 nobissr'
470 4217 543 4269 heus
556 4228 608 4284 pro
627 4212 715 4280 nobis,
739 4214 801 4282 quis
856 4212 1055 4271 convocarent,
1089 4204 1227 4275 depositio
1251 4206 1376 4263 vestium
1403 4220 1503 4265 eorum
1527 4207 1624 4266 innuit
1644 4223 1705 4281 qua

79 4304 151 4362 aaa?
176 4308 265 4376 (nam.
281 4319 346 4374 vni,
368 4303 425 4374 ut.)
450 4302 526 4368 Quid
548 4302 636 4358 etiarn
662 4300 733 4357 illud
762 4309 804 4358 est
857 4293 966 4352 aulerri
986 4293 1140 4351 videbatur
1153 4294 1266 4365 aliquid
1277 4295 1483 4366 impedimenti.
1508 4295 1623 4365 Quanta
1635 4311 1704 4357 vern

95 4393 241 4467 ΜΨ),
266 4395 343 4463 quod
364 4392 528 4464 stephanus
550 4405 609 4447 non
635 4397 693 4447 gam
718 4404 802 4447 com.
857 4385 895 4442 sit
925 4383 1126 4455 ejuscharltas
1144 4398 1234 4455 qun:
1258 4384 1361 4441 Omnia
1378 4385 1487 4455 suffert,
1504 4391 1597 4442 omnio
1610 4394 1704 4459 sperat

79 4497 156 4558 ruam
177 4499 278 4539 corana
288 4482 350 4553 ipsa
373 4481 607 4553 interpretaturi
623 4479 711 4546 Quasi
725 4479 802 4537 enim
856 4477 949 4530 omnio
971 4476 1088 4530 sustinet
1111 4473 1134 4544 (l
1159 4475 1220 4531 cor.
1245 4487 1307 4536 ιιιι,
1342 4474 1380 4547 7),
1404 4475 1501 4533 exitus
1531 4476 1702 4535 manifestat.

91 4581 161 4631 suut
181 4587 281 4630 ornnes
308 4572 476 4638 coronandi,
508 4571 559 4642 qui
582 4570 619 4626 ab
634 4570 695 4640 ipso
708 4569 804 4626 inobo
855 4566 957 4621 Positis
969 4565 1071 4633 iiiiii
1084 4563 1207 4632 delibili,
1223 4564 1458 4619 taeilssmtvilvttt
1476 4565 1680 4633 menadinii
1692 4587 1704 4623 ··

79 4670 127 4720 ant
149 4664 309 4733 peripsum
333 4661 476 4723 instructi,
492 4668 525 4716 ut
542 4660 600 4730 ipsc
615 4656 701 4716 simul
716 4666 744 4714 et
761 4672 804 4714 re·
857 4655 981 4721 nomine,
1008 4655 1169 4707 mostaines
1190 4653 1246 4707 illis
1269 4653 1318 4708 boo
1342 4658 1486 4722 peccatam
1497 4670 1508 4716 ,·
1530 4658 1556 4708 et
1575 4669 1636 4709 cum
1654 4656 1704 4711 hoc

79 4765 83 4809 ;
111 4751 267 4819 virtutum,
284 4758 312 4808 et
335 4749 558 4821 quodammodo,
582 4761 690 4804 corona
712 4749 801 4804 victo·
856 4742 976 4798 dirissct
998 4740 1164 4797 obdormirit
1192 4743 1222 4796 in
1243 4743 1353 4797 homino
1386 4741 1459 4813 (Act.
1474 4755 1527 4810 vu,
1550 4740 1704 4814 iilhlon-

79 4839 223 4898 :demtus
238 4839 274 4896 ad
303 4838 465 4910 praemium.
482 4837 537 4905 Qui
552 4836 637 4894 etiarn
652 4835 748 4904 tantis,
770 4843 802 4892 ut
855 4837 949 4888 strant
974 4828 1163 4902 procedentia
1187 4828 1365 4900 Stephanum
1393 4830 1480 4886 etiarn
1504 4844 1555 4901 pro
1586 4845 1617 4887 se
1643 4832 1704 4902 ipso

79 4936 127 4999 est,
137 4928 258 4986 exsititit
272 4928 431 4986 virtutibus
447 4927 615 4993 adornatus,
645 4933 678 4982 ut
694 4937 801 4981 corona
855 4934 953 4979 orasse
978 4935 1045 4978 cum
1061 4917 1191 4975 dicitur:
1213 4920 1249 4973 lit
1264 4917 1426 4988 lapidabant
1442 4918 1609 4988 Stephanum
1624 4923 1702 4977 inue-

79 5035 124 5078 am
134 5019 220 5092 quasi
234 5032 403 5090 supremum
415 5018 559 5074 diceretur
582 5023 798 5083 ornamentum,
855 5016 961 5067 cantem
985 5014 1011 5065 et
1029 5009 1186 5065 dicentem:
1214 5009 1323 5063 homine
1343 5009 1417 5074 iesu,
1437 5009 1545 5078 suscipe
1572 5010 1702 5078 spiritum

79 5125 112 5168 eo
140 5123 261 5181 corpore
279 5107 385 5164 Christi
411 5121 468 5163 non
494 5114 553 5163 tarn
571 5103 802 5161 caeterissanatis
854 5117 942 5157 meum
961 5099 1036 5169 (Act.
1065 5112 1116 5166 vu,
1145 5096 1200 5167 58).
1227 5094 1280 5153 Ubi
1311 5093 1464 5167 diligenter
1495 5097 1702 5156 attendendum

83 5207 179 5257 mento
194 5197 341 5257 Dominico
362 5197 399 5253 sit
421 5194 695 5258 connumerandus,
712 5206 800 5262 quam
854 5191 937 5246 video
967 5195 1077 5260 quanta
1106 5186 1245 5243 charitate
1274 5186 1349 5243 inter
1379 5185 1455 5256 ipsos
1474 5186 1603 5257 lapidum
1628 5188 1702 5246 ictus

79 5289 158 5348 rriori
194 5295 285 5360 parte,
325 5286 409 5359 quasi
450 5298 564 5352 aurona,
603 5282 798 5341 collocandus.
841 5276 986 5334 inimicos
1011 5274 1203 5346 amplecteret,
1232 5287 1284 5345 pro
1307 5273 1417 5346 quibus
1433 5288 1492 5334 nou
1515 5275 1609 5334 solum
1627 5283 1700 5346 orat,

79 5464 125 5510 nte
139 5453 307 5522 sequuntur
319 5461 357 5507 ex
379 5446 475 5506 codice
488 5441 661 5503 Emsidlensi
679 5440 860 5515 supplemus.
875 5439 984 5496 Desunt
1004 5435 1033 5493 in
1047 5435 1114 5495 edit.
1131 5433 1276 5495 ambrosii.
1293 5434 1373 5492 Epir.
1388 5435 1481 5499 ιΡιιι.
