3804 5962
95 224 151 283 m
563 225 671 286 vnvm
684 223 880 286 ABAELARDI
893 224 971 288 OPP·
984 225 1076 290 PARS
1089 231 1111 288 l.
1127 258 1163 273 -
1181 229 1375 292 EPIS'I'OLAE.
1790 228 1843 287 284

93 355 138 408 est
151 348 237 406 bomo
251 347 303 421 qui
315 363 453 423 germane
466 351 502 410 de
515 351 599 410 vobis
615 349 754 413 sollicitus
767 353 813 410 sit.
837 352 943 412 Omnes
957 357 982 414 A
996 355 1047 415 dat
1062 357 1242 430 pensandum
1256 365 1309 416 εει.
1325 359 1401 416 Βεεε
1413 373 1485 417 vero
1496 358 1528 417 tit
1541 357 1684 432 quidquid
1706 371 1757 430 per
1771 358 1839 415 obe-

95 452 163 511 qure
177 450 232 496 sua
245 445 313 495 suut
326 448 478 511 quarunt;
494 448 545 499 aut
562 442 663 500 melior
684 456 774 514 quam
789 442 940 500 cohabita·
997 445 1134 505 dientiam
1156 447 1197 517 dt,
1221 447 1333 505 etiamsi
1356 447 1433 520 quod
1458 447 1490 504 lit
1511 449 1619 506 bonum
1645 461 1706 504 esse
1725 446 1843 502 minime

95 526 135 585 tio
148 527 371 598 ipsiustristi,
386 531 417 586 in
433 544 493 603 qua
513 531 646 589 undecim
672 532 741 590 boni
755 532 899 604 pertidum
914 539 943 589 ει
996 535 1140 594 videatur.
1158 538 1212 594 Per
1231 538 1329 594 omnia
1341 537 1439 609 itaque
1454 537 1580 608 prelatis
1594 545 1637 594 εει
1651 534 1843 593 obediendum

95 612 188 673 iurem
212 616 317 674 ludam
350 619 564 689 toleraverunt3
592 628 643 679 aut
673 622 774 679 melior
800 630 943 693 postremo
997 635 1226 698 quantacunque
1239 627 1297 683 siut
1311 627 1418 684 damna
1433 640 1542 693 rernm,
1557 626 1581 682 si
1595 625 1710 683 nullum
1726 629 1843 695 apparet

95 717 186 778 quam
204 706 319 776 omium,
336 708 413 764 unde
429 710 524 782 angeli
539 710 715 768 reciderunt.
743 729 758 764 ε
778 709 833 779 Qui
856 712 943 768 etiam
997 714 1102 772 animae
1116 714 1287 787 pericnlum.
1303 717 1455 775 Provideat
1469 717 1606 788 prelatus
1628 722 1660 774 ut
1675 717 1746 772 bene
1769 727 1843 785 prae-

93 807 148 852 nos
160 795 197 852 ati
214 795 396 867 disciplinam
406 798 569 856 monasterii
597 799 758 870 plurimum
772 800 941 868 exhortans,
997 804 1093 875 cipiat,
1109 805 1180 876 quia
1194 805 1329 874 subjectis
1344 806 1416 863 bene
1427 806 1543 864 obedire
1558 805 1679 874 sullicit;
1696 818 1749 860 nec
1759 815 1843 858 snam

96 884 247 954 annexuit,
263 885 414 943 dicebat«
445 889 546 945 Fateor
563 903 660 946 coram
683 891 789 947 ileoex
813 904 871 962 quo
887 890 943 946 Deo
996 893 1071 951 sieut
1082 894 1201 965 prolessi
1211 902 1289 962 sunt,
1304 895 1351 952 sed
1364 895 1545 966 prelatorum
1557 894 1639 966 sequi
1652 893 1843 950 voluntatem.

95 971 204 1030 ῦθΐιῑῐθ
217 973 302 1047 tfflpb
318 977 462 1047 quomodo
476 976 592 1035 difficile
609 992 675 1035 sum
689 986 826 1050 expertus
842 978 944 1036 melio·
997 982 1120 1041 Omnino
1132 982 1181 1056 [cl.
1193 982 1347 1058 Omnibus]
1360 984 1437 1041 enim
1449 984 1635 1055 prohibemus
1649 991 1844 1052 ntnnnquam

95 1074 143 1120 res
167 1076 256 1134 quam
275 1064 374 1136 quiin
403 1067 584 1124 monasteriis
611 1066 802 1138 proiecerunt.
825 1069 869 1126 ita
886 1082 944 1125 non
997 1073 1174 1131 consuetudo
1201 1074 1306 1130 rationi
1336 1081 1530 1144 praeponatur,
1559 1085 1692 1143 unquam
1732 1066 1844 1138 aliquid

95 1164 163 1210 sum
177 1159 314 1224 expertus
326 1154 435 1226 peiores
450 1170 539 1227 quam
555 1157 606 1228 qni
623 1156 652 1213 in
675 1157 855 1215 monasteriis
867 1156 944 1215 ceci-
997 1158 1178 1226 delendatur,
1194 1159 1264 1230 quia
1286 1159 1326 1216 'sit
1339 1157 1528 1226 consuetudo,
1551 1157 1600 1215 sed
1611 1158 1681 1230 qnia
1695 1156 1845 1222 ratio;nec

95 1239 209 1320 derunt.
225 1261 240 1292 o
257 1242 299 1300 lta
314 1250 347 1300 ut
370 1244 445 1314 binc,
471 1244 606 1316 arbitror,
634 1246 664 1302 in
688 1246 855 1318 Apocalypsi
869 1245 944 1303 scri·
998 1249 1069 1319 qnia
1085 1248 1122 1305 sit
1137 1247 1286 1311 usitatum.
1301 1249 1351 1305 sed
1379 1248 1449 1319 quia
1463 1248 1588 1314 bonum;
1611 1255 1639 1304 ει
1654 1253 1732 1303 tanto
1748 1243 1843 1299 liben-

96 1335 178 1402 ptnm
193 1346 233 1386 :s
254 1332 355 1390 iustus
370 1333 476 1404 justior
502 1334 563 1402 dat,
582 1341 610 1392 et
633 1336 768 1392 sordidus
797 1335 945 1392 sordescat
998 1337 1057 1393 tius
1070 1337 1241 1407 excipiatur,
1258 1343 1368 1407 quanto
1397 1335 1500 1393 melius
1523 1334 1682 1407 apparebit.
1705 1331 1843 1403 Alioquin

96 1418 193 1476 adhuc
216 1420 313 1490 (Apot-
330 1435 403 1492 xxn,
431 1423 486 1495 lt).
515 1445 530 1474 ε
550 1425 643 1482 Tanta
656 1425 747 1498 igitur
760 1424 945 1483 correctionis
997 1424 1179 1484 indaiaantes
1197 1424 1269 1498 legis
1288 1425 1491 1496 antiquitatem
1520 1424 1678 1495 evangelio
1706 1421 1844 1495 praeiera-

97 1505 237 1564 districtio
253 1509 300 1578 sit,
331 1519 363 1568 ut
384 1526 569 1585 quacunque
584 1513 614 1570 in
638 1514 731 1571 altera
747 1513 852 1571 viderit
866 1512 945 1584 qnod
999 1528 1072 1571 mus.
1089 1515 1132 1572 Ad
1156 1515 1234 1585 quod
1250 1514 1352 1571 beatus
1378 1514 1562 1586 Augustinus
1591 1513 1626 1570 de
1647 1510 1764 1569 consilio
1794 1508 1846 1580 cp-

97 1595 299 1668 corrigendum
317 1599 364 1667 sit,
380 1609 408 1658 et
430 1601 575 1672 celaverit,
598 1603 725 1676 graviori
740 1604 889 1676 subjaceat
903 1602 945 1658 di·
1000 1603 1094 1674 priani
1120 1604 1256 1674 pleraque
1281 1616 1411 1660 asserens
1437 1601 1607 1669 testimonia,
1634 1599 1760 1672 quodam
1784 1599 1846 1655 loco

98 1682 237 1755 eciplinae,
257 1701 347 1758 quam
363 1688 413 1746 illa
427 1705 493 1762 qua
514 1692 568 1748 boc
582 1693 734 1750 commisit.
754 1692 841 1750 Nulla
857 1691 945 1764 igitur
961 1656 983 1713 B
1000 1692 1040 1749 ait
1060 1690 1122 1764 (lib.
1152 1691 1219 1763 rui:
1249 1708 1265 1744 ε
1292 1692 1345 1759 Qui
1368 1699 1531 1761 contempta
1553 1691 1674 1747 veritate
1698 1687 1848 1759 presumit

98 1771 145 1831 vel
165 1787 253 1833 suum
276 1777 321 1834 vel
346 1777 466 1837 alterius
495 1781 632 1838 delictum
663 1795 801 1839 amusare
821 1779 944 1838 diderat.
999 1781 1236 1839 consuetudinem
1251 1781 1345 1852 sequi,
1361 1786 1412 1837 aut
1441 1780 1518 1837 circa
1544 1780 1648 1836 iratres
1670 1777 1789 1835 invidus
1803 1781 1847 1832 est

99 1863 286 1936 Quaecunque
299 1880 368 1924 vero
382 1883 411 1926 se
425 1882 565 1928 accusans
577 1870 649 1927 alias
664 1872 844 1942 praevenerit,
872 1871 947 1927 sicut
999 1876 1027 1928 et
1041 1869 1195 1943 malignus,
1223 1869 1331 1941 quibus
1361 1870 1468 1926 veritas
1488 1867 1659 1926 revelatur:
1688 1872 1739 1923 aut
1764 1864 1843 1920 circa

99 1950 298 2021 scriptumest
318 1969 325 2010 :
343 1957 465 2014 «iustus
480 1958 560 2028 prior
573 1964 616 2015 est
629 1967 779 2016 accusator
794 1957 840 2015 sui
855 1957 945 2030 (Pron.
1000 1958 1093 2016 Deum
1108 1957 1241 2029 ingratus
1255 1964 1308 2025 est,
1323 1957 1409 2027 cujus
1423 1956 1612 2027 inspiratione
1634 1952 1761 2011 Ecclesia
1784 1951 1849 2022 ejus

100 2054 181 2108 xvnr,
208 2041 263 2114 li),
298 2043 439 2103 mitiorem
464 2055 593 2105 meretur
617 2046 811 2119 disciplinam,
836 2047 860 2103 si
885 2046 949 2119 ejus
1000 2046 1165 2104 instruitur.
1187 2065 1202 2096 a
1227 2047 1296 2102 item
1311 2045 1371 2116 (lib.
1394 2046 1460 2117 vri:
1483 2066 1494 2095 ‹
1515 2046 1548 2100 ln
1573 2043 1731 2114 Evangelio
1755 2039 1849 2096 [torni-

101 2130 254 2188 oessaverit
281 2133 467 2206 negligentia.
496 2134 584 2194 Nulla
607 2151 677 2195 vero
704 2136 791 2194 aliam
808 2149 949 2195 excusare
1001 2149 1058 2193 nus
1074 2137 1153 2202 :Ego
1173 2150 1245 2204 sum,
1273 2134 1369 2206 inquit
1397 2134 1506 2191 Veritus
1529 2134 1616 2204 (loco.
1645 2146 1707 2200 ιιι,
1731 2129 1769 2201 b).
1785 2129 1849 2186 Non

102 2228 271 2291 prasumat,
304 2222 361 2280 nisi
393 2224 465 2281 lorte
490 2225 650 2283 diaconissa
669 2226 706 2283 ab
728 2225 793 2283 aliis
821 2226 949 2297 ignotam
1002 2223 1099 2281 dixit:
1115 2222 1454 2295 Egosumconsuetudo.
1472 2223 1573 2293 itaque
1595 2220 1714 2277 veritate
1734 2216 1851 2274 manile-

103 2308 145 2365 rei
168 2308 318 2368 veritatem
347 2312 504 2385 intermget
524 2313 611 2371 Nulla
632 2327 764 2386 unquam
791 2314 877 2371 aliam
898 2328 950 2371 ce·
1002 2319 1085 2381 stata,
1111 2312 1193 2369 cedat
1220 2311 1400 2370 consuetudo
1426 2311 1551 2379 veritati,
1581 2311 1652 2366 item
1676 2306 1851 2364 revelatione

103 2396 171 2455 dere
186 2412 237 2469 pro
259 2413 438 2473 quacunque
459 2403 544 2473 culpa
567 2409 733 2473 presumat,
760 2403 815 2459 nisi
835 2403 882 2460 cni
902 2402 951 2459 in·
1004 2403 1079 2462 iacta
1093 2401 1234 2472 veritatis,
1261 2400 1344 2459 cedat
1366 2414 1449 2457 error
1471 2399 1597 2467 veritati,
1622 2397 1733 2469 quiaet
1748 2395 1853 2451 Petrus

100 2484 236 2558 junctum
252 2486 340 2545 fuerit
352 2503 369 2545 a
383 2490 552 2548 diaconissa.
569 2491 712 2563 Scriptum
726 2498 771 2549 εει
791 2500 889 2550 antem
915 2492 951 2548 de
1005 2493 1056 2566 qui
1075 2490 1155 2562 prius
1167 2489 1392 2548 circumcidebat
1412 2490 1496 2546 cessit
1510 2488 1599 2545 Paulo
1615 2485 1781 2559 predicanti
1799 2497 1850 2540 ve-

105 2573 257 2645 discipiina
281 2578 481 2636 correctionis:
510 2601 522 2631 ι
549 2581 737 2653 Disciplinam
766 2582 888 2649 bomini,
912 2579 953 2636 lili
1006 2583 1156 2640 ritatem.»
1172 2579 1259 2635 idern.
1275 2578 1325 2636 lib.
1339 2593 1368 2634 ιι
1381 2579 1422 2634 De
1434 2577 1597 2647 baptismo:
1615 2576 1762 2630 «Frustra
1786 2569 1852 2641 qui-

105 2663 156 2731 mi,
173 2677 209 2720 ne
231 2663 360 2736 abjicias.
384 2667 426 2725 Ne
449 2668 565 2727 delicias
588 2685 655 2726 cum
675 2671 711 2727 ab
734 2685 767 2727 eo
789 2668 951 2740 corriperis.
1006 2671 1071 2729 dem
1094 2668 1146 2741 qui
1172 2669 1281 2724 ratione
1307 2667 1468 2724 vincuntur
1494 2663 1731 2722 consuetudinem
1769 2658 1853 2716 nobis

106 2749 197 2815 Quem
212 2751 290 2809 enim
302 2754 394 2828 diligit
411 2757 551 2815 Dominus
565 2758 692 2830 corripit,
717 2766 746 2815 et
768 2757 851 2829 quasi
874 2766 954 2827 pater
975 2770 978 2775 ’
1006 2758 1156 2830 objiciunt,
1172 2755 1257 2827 quasi
1281 2755 1459 2811 consuetudo
1482 2754 1574 2825 major
1595 2753 1631 2809 sit
1654 2751 1785 2815 veritate,
1801 2755 1855 2805 ant

101 2838 137 2896 in
152 2839 211 2896 tilio
225 2843 382 2913 complacet
396 2846 449 2902 sibi
467 2848 557 2914 (Pron.
574 2861 615 2914 nr,
633 2846 687 2918 ll).
712 2868 726 2897 »
743 2849 811 2902 llam
830 2861 837 2901 :
860 2866 875 2896 o
899 2843 954 2912 Qui
1007 2862 1066 2905 non
1080 2847 1117 2904 sit
1134 2847 1164 2902 in
1177 2845 1375 2916 spiritualibus
1397 2843 1578 2915 sequendum
1597 2841 1675 2914 quod
1697 2841 1727 2897 in
1751 2838 1854 2896 metius

106 2929 199 3000 parcit
214 2929 313 3003 virgae,
334 2932 393 2988 odit
417 2933 525 3004 iilinm;
548 2935 600 3006 qui
625 2943 723 2991 autem
742 2934 836 3006 diligit
860 2933 952 3002 illum,
970 2952 992 3009 q
1009 2936 1062 2995 luit
1078 2934 1216 3007 aSpiritn
1230 2941 1329 2992 sancto
1342 2932 1514 2991 revelatum.
1542 2953 1558 2983 »
1573 2932 1632 2988 lior
1647 2929 1731 3001 piane
1751 2942 1853 2986 verum

106 3016 248 3074 instanter
276 3019 371 3077 erudit
398 3021 487 3092 (Pron.
510 3037 572 3091 xm,
597 3025 654 3095 24).
685 3023 836 3080 Pestilente
859 3022 956 3094 llagcl·
1008 3035 1060 3094 εει,
1078 3025 1149 3096 quia
1171 3023 1244 3080 ratio
1271 3030 1299 3080 ει
1316 3021 1421 3079 veritas
1441 3019 1645 3078 consuetudini
1663 3015 1855 3089 praeponenda

106 3104 286 3164 latostnltus
306 3109 461 3179 sapientior
475 3111 530 3168 erit
554 3112 645 3183 (Prota
666 3126 727 3181 ιιι,
752 3113 808 3184 ιιι).
836 3112 957 3169 Μειιειε
1009 3122 1061 3172 εει.
1091 3112 1246 3185 Gregorius
1273 3112 1325 3170 Vll
1366 3111 1523 3168 Wimundo
1563 3110 1612 3182 [ul.
1652 3102 1852 3175 willimundo]

109 3193 259 3266 pestilente
282 3198 438 3267 sapientior
451 3200 506 3257 erit
529 3201 670 3272 parvulus
698 3202 791 3275 (Pron.
811 3214 874 3269 ιιι,
900 3199 955 3270 Η).
1010 3203 1141 3275 episcopo
1161 3217 1168 3258 :
1185 3201 1261 3273 (dist.
1283 3204 1310 3269 8,
1333 3214 1395 3271 cap.
1417 3201 1448 3257 Si
1471 3199 1605 3271 consuet.)
1631 3217 1646 3252 ε
1670 3199 1704 3253 Ει
1721 3202 1807 3260 certe,
1823 3199 1857 3250 nt

109 3281 270 3354 Flagellum
298 3299 383 3357 equo,
406 3294 433 3344 et
462 3288 584 3346 chamus
602 3291 691 3357 asino,
717 3296 745 3346 et
764 3291 848 3361 virga
874 3288 957 3346 dorso
1011 3292 1088 3351 beati
1103 3290 1239 3363 Cypriani
1253 3297 1373 3347 utamur
1399 3291 1550 3358 sententia,
1576 3288 1712 3361 quelibet
1740 3297 1857 3341 consue-

110 3369 340 3441 imiirildflssilfflss
365 3376 455 3447 (Prtv⁸
471 3391 553 3446 ΧΠ),
575 3379 633 3450 ⁴23).
654 3379 707 3447 Qui
728 3380 844 3450 torritii
866 3378 957 3435 homi·
1011 3382 1082 3442 tndo
1096 3379 1285 3451 quantumvis
1299 3383 1424 3450 vetusta,
1437 3379 1628 3451 quantumvis
1641 3371 1859 3447 volgata,veri-

111 3472 179 3516 Μ)
202 3468 298 3532 postea
320 3464 447 3523 inveniti
465 3468 542 3538 atiud
569 3483 647 3537 eum,
676 3469 769 3541 magis
796 3481 885 3539 quam
911 3467 959 3523 ille
1012 3471 1064 3530 tati
1082 3469 1255 3527 estomnino
1272 3466 1487 3539 preponenda:
1513 3473 1542 3523 et
1569 3479 1641 3522 usus
1666 3463 1717 3535 qui
1741 3457 1857 3517 veritati

112 3548 165 3620 qui
193 3563 244 3620 W
271 3550 379 3625 ¹¹¹¹ssssae
404 3554 602 3613 blandimenta
625 3556 731 3628 decipit
747 3558 837 3626 (ΡΨ)
853 3569 958 3622 ¹¹V111,
1011 3567 1057 3617 εει
1069 3558 1243 3626 contrarius,
1273 3556 1441 3613 abolendus.
1471 3575 1486 3605 o
1511 3553 1625 3622 Quanto
1650 3551 1736 3608 etiam
1761 3560 1858 3604 amore

113 3635 170 3708 2³).
187 3636 287 3696 Omnis
299 3648 397 3699 antem
413 3643 563 3714 disciplina
582 3646 611 3701 in
637 3646 770 3717 praesenti
792 3645 863 3716 quid
878 3644 960 3702 vide·
1012 3647 1119 3706 veritas
1132 3660 1249 3717 quoque
1263 3645 1418 3702 verborum
1437 3642 1645 3715 amplectenda,
1666 3641 1859 3698 admonemur

114 3730 164 3783 tur
195 3739 254 3784 non
280 3743 342 3787 esse
366 3732 475 3804 gaudii,
501 3734 549 3790 sed
573 3735 711 3792 moeroris.
738 3734 838 3791 Postea
862 3741 960 3790 εειειε
1013 3737 1044 3795 in
1058 3735 1263 3804 Ecclesiastico,
1279 3749 1346 3791 cum
1367 3734 1497 3805 dicitnr3
1514 3754 1528 3783 α
1544 3733 1597 3789 Pro
1620 3730 1718 3787 anima
1736 3736 1785 3785 tna
1800 3740 1858 3783 non

112 3812 243 3873 tructam
265 3821 480 3889 pacatissimum
507 3823 670 3881 exercitatis
695 3837 745 3894 per
770 3837 833 3880 earn
863 3823 962 3880 reddet
1013 3826 1200 3885 conlundaris
1214 3825 1307 3882 dicere
1322 3837 1424 3880 verum
1443 3824 1536 3891 (decli.
1562 3836 1601 3890 rv,
1625 3819 1720 3890 nli.»
1751 3818 1821 3873 item
1849 3831 1856 3869 :

112 3902 232 3976 lustitia
247 3907 348 3980 (Hebe.
369 3924 422 3980 ιιι,
444 3910 501 3983 at).
524 3911 658 3969 conlusio
673 3912 763 3984 patris
780 3919 822 3969 est
849 3912 877 3968 in
903 3911 961 3968 lilio
1013 3935 1029 3967 ε
1044 3914 1108 3972 Non
1135 3912 1314 3970 contradicas
1327 3911 1416 3968 verbo
1439 3908 1567 3966 veritatis
1582 3908 1640 3965 ullo
1662 3905 1745 3963 modo
1768 3903 1859 3973 libid..

115 3991 337 4066 indisciplinato,
369 4000 430 4057 iilia
455 4009 551 4059 autem
575 4002 655 4059 latua
677 4002 707 4058 in
737 4001 962 4059 deminoratione
1015 4005 1097 4074 tol.»
1117 4003 1153 4058 Ει
1166 4002 1321 4058 iterumn
1347 4003 1420 4055 Ante
1443 3998 1541 4055 omnia
1562 4011 1651 4068 opera
1673 3995 1795 4053 verbum
1812 4006 1859 4048 ve·

115 4082 276 4155 eritlliccli.
296 4101 371 4157 xxu,
387 4090 426 4162 3).
442 4092 496 4155 oui
524 4090 619 4162 diligit
646 4091 749 4158 illium,
772 4091 900 4148 assiduat
922 4088 963 4145 illi
1014 4105 1068 4151 rax
1084 4090 1226 4162 pracedat
1239 4097 1276 4158 ιε,
1301 4096 1329 4145 et
1357 4096 1424 4144 ante
1438 4101 1554 4143 omnem
1582 4093 1679 4142 actum
1706 4081 1859 4141 eonsilium

65 4238 68 4243 ¹
116 4172 242 4246 dageila,
272 4184 306 4233 ut
322 4176 435 4235 laetetur
467 4179 496 4234 in
525 4179 681 4235 novissimo
708 4180 802 4249 (ticeli.
832 4191 906 4248 xxx,
925 4177 960 4247 l).
1016 4180 1119 4238 stabile
1132 4180 1230 4250 (dccli.
1250 4191 1341 4241 xxvu,
1358 4176 1415 4247 ιε).
1432 4200 1446 4227 »
1462 4175 1539 4233 Nihil
1554 4176 1639 4232 etiam
1657 4174 1686 4229 in
1701 4173 1860 4230 auctorita-

116 4260 171 4330 οε)
191 4262 273 4320 docet
293 4264 396 4333 tilium,
417 4265 585 4325 laudabitur
603 4268 633 4324 ln
654 4267 713 4337 illo,
737 4268 768 4323 in
795 4267 889 4324 medio
911 4249 1222 4334 contemneretur,
1239 4263 1736 4338 quiagerituramnltis,sedqnia
1756 4258 1860 4331 proba·

116 4351 302 4410 mesticorum
317 4354 347 4411 iu
363 4355 411 4412 ilio
432 4356 582 4428 gloriatur.
602 4357 705 4429 Equus
727 4357 884 4413 indomitus
898 4370 963 4412 eva·
1017 4366 1066 4416 tnr
1080 4372 1097 4414 a
1111 4356 1288 4429 sapientibus
1301 4361 1329 4412 et
1344 4355 1437 4412 bonis
1458 4373 1470 4404 ε
1487 4352 1656 4418 Stultorum,
1670 4371 1684 4404 ε
1698 4349 1793 4420 ἰεεείι
1807 4347 1861 4403 Sa-

117 4439 165 4498 det
180 4440 283 4512 durus,
304 4450 333 4501 et
352 4444 431 4502 illins
449 4445 586 4503 remissus
599 4447 701 4503 evadet
725 4459 859 4517 praeceps.
877 4448 964 4503 Laeta
1017 4446 1123 4514 tomen,
1141 4467 1152 4494 ι
1167 4444 1299 4501 inlinitns
1313 4451 1356 4500 εει
1374 4455 1515 4499 εειεειεε
1539 4442 1647 4511 (licem,
1678 4455 1698 4507 r,
1717 4438 1768 4508 ιιι).
1788 4456 1802 4486 a
1827 4436 1862 4492 iit

116 4528 210 4591 illium
229 4538 324 4602 tunm,
339 4540 368 4590 et
396 4543 548 4605 paventem
577 4542 605 4592 ιε
628 4535 719 4592 iaciat.
741 4535 820 4592 buda
833 4548 901 4594 cum
917 4548 961 4604 eo,
1015 4534 1103 4606 iuxta
1122 4534 1258 4593 Veritatis
1278 4531 1486 4589 assertionem:
1511 4551 1526 4581 ε
1543 4529 1624 4587 Multi
1644 4528 1747 4596 vocati,
1777 4523 1861 4595 pauci

116 4625 147 4676 et
160 4621 341 4678 contristabit
358 4629 384 4680 te
409 4623 501 4694 (ibid,
526 4623 567 4694 ιι).
594 4645 604 4673 ε
630 4623 665 4680 ln
695 4624 872 4681 discussione
895 4637 963 4680 vero
1017 4639 1085 4682 vero
1103 4623 1184 4681 electi
1207 4623 1312 4692 (dotti.
1332 4634 1405 4688 xxu,
1432 4618 1488 4690 iil.
1514 4641 1525 4669 ι
1548 4621 1624 4676 ltara
1647 4624 1715 4675 sunt
1736 4627 1863 4688 qumque

117 4708 230 4766 consilii
251 4710 370 4769 cuilibet
388 4726 471 4770 suam
498 4713 627 4783 prolerre
652 4714 824 4770 molentium
855 4712 962 4782 licebit,
1019 4714 1161 4785 pretiosae
1177 4717 1205 4769 et
1219 4724 1285 4782 que
1300 4709 1450 4767 abundant
1472 4722 1593 4767 numem
1608 4708 1785 4764 minuuntur
1800 4717 1863 4775 pre·

115 4797 165 4855 sed
190 4798 334 4873 quidquid
355 4802 492 4860 omnibus
509 4801 643 4859 videatur
670 4802 838 4858 diaconissa
869 4801 964 4859 decre-
1017 4805 1066 4861 tio.
1077 4803 1165 4860 Nemo
1179 4800 1256 4858 enim
1273 4800 1302 4856 in
1324 4799 1442 4856 oonsilio
1455 4799 1594 4871 majorem
1625 4796 1776 4853 bominum
1799 4806 1864 4864 par-

118 4891 182 4943 tum
209 4885 354 4948 immobile
381 4897 523 4959 teneatur,
549 4889 579 4946 in
603 4889 689 4962 cuins
713 4889 833 4946 arbitrio
858 4897 964 4947 cuncta
1017 4900 1084 4960 tem,
1097 4891 1145 4948 sed
1161 4889 1305 4947 meliorem
1322 4897 1472 4960 sequatur.
1488 4886 1545 4944 Nec
1558 4893 1627 4943 etas
1654 4884 1788 4951 bominis,
1813 4883 1863 4938 sed

117 4975 289 5045 consistunt,
302 4978 425 5047 etiamsi,
436 4979 514 5050 quod
528 4976 691 5050 absitlipsa
702 4977 827 5047 taliane,
842 4986 870 5035 et
885 4979 964 5049 qnod
1017 4981 1158 5052 sapientia
1184 4979 1398 5047 consideratum
1432 4990 1486 5034 nec
1511 4975 1647 5043 amicitia,
1671 4973 1727 5043 {scd
1756 4972 1863 5029 veritas

118 5063 244 5122 deterius
256 5073 299 5122 est
327 5068 387 5138 ipsa
410 5069 574 5125 constituat.
591 5067 672 5125 Unde
686 5075 715 5124 et
739 5066 810 5124 illud
829 5067 964 5125 εειιιεειί
1017 5071 1193 5127 attendatur.
1208 5066 1290 5126 Unde
1305 5067 1454 5137 etpoetica
1467 5072 1509 5122 cst
1524 5063 1574 5121 illa
1595 5062 1756 5120 sententia:

117 5152 276 5224 Augustini
287 5153 360 5211 libro
374 5155 592 5215 contessionem
607 5172 614 5214 :
629 5175 646 5209 ε
660 5155 784 5214 linitum
799 5164 897 5227 peccat
912 5157 964 5228 qni
1336 5158 1434 5212 desert
1443 5158 1468 5209 ει
1481 5153 1516 5208 cb
1532 5154 1606 5208 boeto
1619 5153 1720 5208 doceri.

118 5242 285 5302 inobediens
300 5250 342 5301 est
356 5245 418 5301 suis
432 5246 555 5317 prelatis
566 5247 597 5304 in
612 5246 721 5319 aliquo,
735 5247 760 5303 si
786 5246 832 5303 vel
846 5246 965 5304 meliora
1445 5240 1550 5314 (Ovio,
1566 5242 1617 5300 lib.
1634 5256 1674 5310 ιι,
1689 5241 1810 5315 netem.)

118 5331 207 5403 eligat
219 5345 307 5403 qnam
322 5346 356 5390 ea
383 5344 450 5405 qna
474 5337 529 5393 sibi
555 5336 707 5408 jubentur.
737 5335 828 5394 linito
856 5335 964 5407 qnippe
1018 5333 1133 5403 Quoties
1146 5343 1242 5392 autem
1256 5347 1329 5404 opus
1343 5339 1386 5389 est
1396 5330 1521 5388 'consilio
1535 5344 1593 5387 non
1610 5329 1770 5388 differatur.
1786 5330 1821 5385 iit
1838 5331 1862 5385 si

119 5420 223 5479 meiius
236 5429 279 5480 est
296 5420 380 5480 nobis
402 5422 474 5481 bene
497 5424 600 5494 iacere,
621 5424 841 5496 quam-bonum
861 5423 962 5482 lacere.
1016 5423 1161 5482 derebus
1188 5423 1341 5494 precipuis
1367 5428 1410 5478 est
1432 5419 1661 5486 deliberandum,
1688 5427 1863 5478 convocetur

118 5509 177 5569 tlec
192 5518 251 5572 tam
265 5511 345 5586 quod
359 5511 410 5571 ilat
424 5525 514 5585 quam
532 5512 611 5585 qnod
636 5528 696 5586 quo
710 5513 793 5573 modo
807 5513 853 5573 vel
866 5513 965 5573 animo
1017 5519 1186 5572 conventus.
1203 5514 1237 5572 ln
1255 5508 1415 5571 minoribus
1431 5517 1528 5569 autem
1555 5510 1644 5568 mbns
1669 5508 1861 5566 discutiendis
