3804 5962
775 171 884 230 sersr.
904 176 971 234 m..
1081 201 1084 205 -
1692 163 1744 242 tp

79 292 171 346 ratur
188 287 268 360 qnod
283 286 319 346 de
333 287 489 349 alllictloue
505 290 631 364 populns
643 305 790 356 meruerat
812 307 842 358 et
855 301 880 356 A
894 300 1047 372 custodiat,
1064 313 1116 374 per
1129 296 1326 372 queml’aulo
1338 300 1500 361 attestante,
1512 297 1640 350 mortuos
1653 288 1741 348 etiam

79 377 251 435 ²⁰f²¹5⁰¹¹³⁵
265 386 431 451 lsaeVfflfflS
446 394 504 438 ¹1⁰ss
523 381 655 454 implesse
668 387 746 457 quod
759 387 839 445 dixe·
892 407 961 451 snos
984 392 1019 449 de
1045 388 1256 448 resurrectione
1281 385 1415 443 mulieres
1442 387 1615 454 acceperunt
1644 378 1737 452 (debr.

79 468 192 524 tttende
216 468 314 539 itaque
333 478 444 540 quanta
469 470 505 527 sit
524 473 662 532 orationis
687 475 790 544 virtus,
813 477 838 535 si
891 497 933 550 xr,
958 481 1013 553 35).
1037 479 1065 536 Si
1088 479 1166 536 enim
1191 475 1302 535 Veteris
1323 482 1351 532 et
1372 471 1540 545 Evangelici
1565 466 1739 527 Testamenti

79 553 221 625 iubemur
240 571 371 628 oremus;
388 560 505 630 qnando
526 559 555 617 id
570 563 649 632 quod
663 577 746 623 orare
766 567 835 623 Pro·
893 571 1014 644 paginas
1036 568 1178 630 revolvas.
1202 565 1331 622 invenies
1353 562 1482 620 maxima
1498 554 1739 619 ressuscitationis

79 657 101 700 n
126 646 207 702 Dens
230 645 389 717 prohibuit,
410 648 519 705 orando
543 658 640 708 tamen
654 652 790 723 obtinuit,
810 662 839 714 et
893 658 1034 718 miracula
1056 657 1123 715 solis
1142 654 1188 713 vel
1212 654 1337 712 maxime
1358 651 1472 709 feminis
1490 648 1620 707 exbibita
1639 647 1738 716 luisse,

95 734 180 805 quod
196 734 310 791 dixerat
328 750 394 792 eum
418 736 531 795 avertit.
553 738 605 796 Cui
630 749 657 798 et
672 742 748 800 alins
769 759 839 817 pro·
892 764 942 821 pro
962 748 1031 820 ipsis
1051 746 1095 805 rel
1119 746 1154 802 de
1177 743 1248 816 ipsis
1275 743 1357 799 lacta.
1384 742 1461 798 Duos
1481 739 1588 811 quippe
1612 743 1741 794 mortuos

79 821 171 879 dicit:
188 845 203 874 a
220 823 555 896 Etcnmiratuslueris,
577 829 838 891 misericordiore·
892 838 1043 897 suscitatos
1069 836 1105 893 ad
1132 832 1355 906 supplicationes
1380 837 1525 887 maternas
1555 828 1639 883 Vetus
1664 838 1741 883 com·

79 911 152 968 teris
178 911 293 984 (lloboc.
319 928 360 982 m,
381 916 410 983 ι)
432 936 442 964 ι
479 915 605 975 audiant
628 919 657 976 id
679 927 767 992 atque
789 923 839 980 ad·
891 934 1031 986 memorat
1045 926 1271 991 Testamentum,
1293 935 1343 991 per
1363 918 1455 976 liliam
1475 915 1582 975 scilicet
1607 915 1645 986 (ll
1661 914 1738 982 :Rem

79 1006 99 1056 ιι
120 1000 270 1071 principes
291 1003 408 1068 terreni,
433 1004 484 1076 qui
508 1007 657 1065 occasione
683 1011 838 1080 praeposite
892 1034 964 1082 xvn,
992 1014 1043 1087 ιι),
1068 1021 1096 1071 ιι
1122 1012 1213 1083 ipsius
1236 1007 1409 1080 discipulum
1436 1006 1571 1065 Elismnm
1595 1003 1650 1075 (IV
1672 1004 1739 1072 lieo.

79 1095 135 1145 ctae
158 1088 279 1160 justitie
302 1105 362 1148 suae
386 1092 523 1150 obstinati
547 1096 639 1167 magis
655 1112 744 1169 quam
765 1100 838 1172 ‘justi
891 1121 929 1174 m,
945 1104 1000 1177 34).
1021 1100 1209 1174 Evangelium
1226 1113 1294 1157 vero
1316 1097 1405 1154 trium
1425 1102 1538 1154 tantum
1558 1099 1739 1150 mortuorum

79 1185 184 1247 nntur,
205 1183 232 1234 et
246 1192 275 1236 se
296 1180 429 1237 remissos
449 1181 540 1239 videri
561 1184 735 1244 erubescunt
751 1187 773 1244 si
791 1188 840 1243 mi·
891 1192 1105 1251 suscitationem
1123 1204 1140 1246 a
1164 1188 1285 1245 Domino
1308 1186 1412 1242 iactam
1431 1183 1652 1253 continetque
1671 1190 1740 1236 mu·

79 1265 145 1322 rdes
161 1266 242 1336 fiant,
262 1275 289 1325 et
304 1270 456 1326 mendaces
477 1269 500 1325 si
520 1270 647 1329 edictum
666 1287 752 1332 suum
773 1290 839 1333 mn·
892 1282 1010 1342 lienibus
1026 1280 1166 1348 exhibita,
1188 1276 1315 1334 maxime
1330 1273 1401 1330 illud
1422 1273 1500 1345 quod
1516 1284 1604 1343 supra
1618 1281 1744 1327 comme·

79 1353 230 1425 V0¹tl¹1⁰il
254 1355 352 1413 minus
378 1358 497 1428 provide
519 1367 683 1419 statuerunt
704 1378 761 1420 1101]
788 1363 840 1420 im·
891 1371 1070 1428 morarimus
1090 1366 1283 1440 apostolicum
1308 1363 1416 1421 dictum
1433 1363 1520 1419 rebus
1552 1359 1614 1416 suis
1636 1356 1740 1414 conflr-

79 1455 94 1510 ;,
121 1443 176 1500 etsi
203 1444 293 1501 verba
322 1445 411 1503 rebus
432 1448 593 1506 emendent.
620 1448 696 1519 Quos
721 1451 839 1523 quidem
892 1467 983 1517 mant.
1002 1481 1013 1510 ‹
1031 1458 1211 1528 deceperunt
1231 1453 1367 1511 mulieres
1387 1451 1422 1508 de
1440 1447 1651 1507 resurrectione
1666 1457 1740 1503 mor·

79 1531 203 1589 dixerim
225 1535 335 1605 lepbtae
350 1537 559 1606 comparandos
578 1538 629 1610 qui
651 1540 730 1611 quod
751 1542 838 1599 stulte
892 1556 957 1608 tuos
970 1561 1039 1605 suos
1053 1546 1146 1616 (ldebr.
1169 1560 1209 1612 ιι,
1224 1545 1282 1615 35).
1305 1562 1317 1593 ι
1336 1539 1439 1598 Filium
1462 1538 1570 1610 quippe
1588 1535 1690 1593 vidue
1703 1532 1740 1591 ad

79 1626 106 1676 at
118 1619 239 1678 stultius
259 1621 419 1693 adimplens
437 1625 556 1682 unicam
578 1626 720 1685 interiecit
734 1629 836 1700 (lodic.
854 1605 875 1659 Β
894 1644 1005 1708 portam
1035 1633 1160 1693 civitatis
1185 1632 1270 1690 Nalm
1296 1630 1467 1688 suscitatum
1494 1624 1579 1683 matri
1605 1621 1741 1690 reddidit,

79 1709 106 1779 ι).
130 1708 186 1776 Qui
205 1723 274 1766 vero
294 1711 360 1782 eius
384 1712 548 1771 membrum
572 1714 633 1772 tleri
653 1717 744 1787 cupit,
769 1726 839 1776 tunc
892 1725 955 1797 ejus
975 1723 1172 1796 compassione
1192 1727 1384 1792 compunctus
1407 1718 1482 1790 (Luc.
1508 1731 1558 1784 ιιι,
1584 1712 1638 1785 45).
1654 1710 1740 1768 baca·

79 1799 229 1857 Psalmista
252 1799 343 1857 dicit:
373 1823 384 1852 ι
407 1802 630 1862 Misericordiam
649 1814 677 1863 et
695 1807 841 1878 judicium
892 1828 958 1871 rum
974 1827 1091 1885 quoque
1106 1815 1234 1870 amicum
1256 1823 1344 1867 snum
1367 1806 1405 1864 ad
1421 1803 1647 1864 obsecrationem
1665 1811 1741 1856 soro

79 1902 111 1945 ³⁰
125 1887 188 1956 tibi,
205 1888 325 1945 D⁰ffi¹¹¹0
347 1888 431 1960 (ΡΜ
457 1906 484 1960 ⁰,
504 1895 528 1948 ¹·
550 1911 564 1944 ι
588 1921 624 1936 -
644 1916 655 1945 ‹
679 1894 837 1953 Misericor-
892 1915 959 1958 rnm
983 1900 1056 1972 eius,
1087 1901 1181 1959 llariae
1206 1897 1339 1957 videlicet
1367 1911 1403 1954 ac
1432 1893 1561 1960 llartbae,
1591 1887 1741 1947 suscitarit

93 1976 171 2034 sicut
190 1977 328 2048 scriptum
349 1987 402 2046 est,
420 2002 430 2030 ι
454 1979 598 2051 judicium
613 1982 733 2051 exaltat,
759 2004 772 2038 ι
795 1991 839 2042 at·
893 1987 981 2059 (locu.
1003 2003 1044 2057 ιι,
1068 1987 1125 2059 44).
1149 1988 1211 2052 ouo
1229 1986 1315 2044 etiam
1336 1979 1557 2053 archisynagogi
1579 1976 1646 2034 filiae
1665 1975 1742 2033 banc

79 2079 107 2121 rs
120 2064 200 2135 quod
211 2065 277 2122 alibi
293 2067 655 2143 Scripturacomminatnr,
673 2073 839 2144 «judicium
891 2076 985 2146 ipsam
1013 2076 1136 2149 gratiam
1164 2075 1201 2132 ad
1237 2074 1401 2146 petitionem
1434 2069 1524 2142 patris
1556 2064 1740 2137 impendente

79 2153 269 2211 misericordia
294 2154 324 2211 in
354 2169 421 2212 eum
450 2156 502 2228 qui
531 2159 757 2218 misericordiam
780 2177 839 2219 nou
892 2167 988 2230 illurn
1014 2181 1042 2233 ι,
1071 2164 1128 2236 lt),
1160 2187 1171 2214 ‹
1205 2162 1345 2220 mulieres·
1373 2157 1583 2217 resurrectione
1611 2158 1741 2211 mortuos

88 2240 161 2313 (ιιι.
193 2258 224 2310 ιι,
252 2243 305 2315 la).
342 2243 464 2312 »Quod
487 2245 640 2318 diligenter
675 2250 735 2320 ipse
760 2250 837 2309 Psal·
890 2260 1156 2324 suosacceperunt.
1182 2243 1739 2313 ›Cumbaecridclicetsuscitatapro-

93 2330 293 2398 considerans,
318 2332 354 2388 ad
374 2333 613 2404 supplicationem
630 2339 731 2395 uxoris
745 2339 837 2396 Nabal
890 2343 989 2414 prium
1004 2341 1038 2399 dc
1059 2349 1148 2399 morte
1168 2341 1306 2412 receperit
1322 2351 1438 2408 corpus,
1456 2336 1530 2392 sicut
1549 2332 1605 2391 illae
1618 2343 1740 2402 corpora

79 2419 325 2490 ifilfflfflessillffi
342 2419 461 2493 inlito·
485 2437 525 2493 111,
547 2424 585 2495 3),
609 2427 684 2495 quod
701 2441 737 2484 ex
755 2428 840 2499 justi·
891 2444 1022 2487 suornm.
1058 2431 1094 2489 Et
1127 2431 1226 2501 paucis
1260 2427 1375 2500 quidem
1410 2422 1667 2483 intervenientibus
1695 2419 1740 2476 bae

79 2517 157 2575 erat,
180 2510 215 2565 de
234 2509 298 2566 niro
317 2510 380 2582 ejus
398 2511 506 2570 scilicet
528 2521 555 2570 et
574 2513 665 2584 ipsius
680 2516 764 2572 dumo
786 2517 838 2573 de·
893 2517 973 2574 laetae
999 2524 1067 2575 sunt
1093 2517 1336 2574 resuscitationes.
1360 2516 1428 2571 vitae
1456 2527 1524 2570 vcro
1548 2518 1654 2568 uostrae
1676 2522 1742 2565 con·

79 2611 150 2667 ‚per
170 2597 395 2655 misericordiam
409 2602 541 2657 cassavit.
557 2602 719 2660 Orationem
741 2605 838 2677 itaque
891 2606 1083 2663 servationem
1109 2606 1260 2676 multiplex
1283 2609 1385 2660 vestras
1410 2601 1569 2659 devotionis
1586 2597 1678 2656 oratio
1699 2596 1741 2653 la·

79 2700 105 2743 te
125 2687 264 2756 pretulit,
281 2695 308 2744 et
322 2689 401 2760 quod
425 2690 472 2746 vir
492 2690 652 2762 deliquerat
667 2693 838 2764 supplicatio
891 2695 944 2751 cilo
964 2693 1115 2751 obtinebit.
1139 2693 1267 2761 Quarum
1290 2699 1346 2747 tam
1370 2691 1543 2747 abstinentia
1564 2702 1653 2760 quam
1674 2700 1741 2743 con-

79 2774 217 2831 sdelerit.
234 2776 267 2831 ln
282 2791 341 2847 quo
357 2777 473 2848 quidem
487 2778 548 2847 tibi,
564 2794 656 2847 soror,
671 2782 837 2853 exemplum
892 2782 1013 2841 tinentia
1037 2784 1094 2839 lieo
1121 2791 1234 2839 sacrata
1257 2788 1367 2852 quanto
1393 2778 1447 2850 ipsi
1473 2777 1583 2850 gratier
1605 2776 1738 2844 babetur,

79 2862 172 2931 nitur,
197 2871 224 2919 et
246 2865 386 2923 securitas
407 2866 501 2934 datur,
528 2875 560 2924 ut
584 2869 607 2925 si
635 2869 723 2943 buius
744 2871 837 2930 oratio
853 2907 874 2963 C
891 2880 971 2932 tanto
990 2873 1086 2944 ipsum
1108 2870 1290 2943 propitiorem
1314 2866 1449 2924 inveniet.
1470 2867 1506 2922 Et
1532 2864 1661 2936 plerique
1684 2862 1741 2920 lor·

87 2953 237 3009 bominem
261 2961 375 3012 tantum
393 2955 528 3023 obtinuit,
551 2957 622 3028 quid
644 2959 722 3029 apud
745 2959 837 3019 Deum
893 2962 975 3018 tassls
999 2962 1104 3018 horum
1123 2960 1174 3032 qui
1195 2956 1322 3016 suscitati
1346 2963 1415 3013 sunt
1436 2970 1489 3011 nec
1512 2952 1607 3010 lldeles
1628 2952 1740 3010 exstite·

79 3055 112 3098 ro
134 3057 180 3098 me
207 3043 312 3100 audeat
334 3042 498 3101 instruaris.
524 3046 592 3103 Plus
618 3047 725 3119 quippe
751 3051 836 3116 bens,
893 3055 971 3114 runt,
989 3047 1063 3103 sieut
1077 3045 1230 3103 necvidua
1243 3044 1378 3115 predicta
1391 3042 1467 3115 (Luc.
1481 3058 1530 3111 ιιι,
1547 3042 1603 3111 ιιι),
1618 3040 1666 3097 cui
1680 3053 1740 3097 uon

79 3137 136 3188 tter
158 3140 318 3198 estnoster,
336 3132 407 3189 filios
421 3132 514 3206 diligit
534 3149 624 3207 quam
647 3136 738 3193 David
759 3137 838 3194 lami·
891 3135 1005 3206 roganti
1030 3135 1122 3190 lilium
1139 3134 1278 3190 Dominus
1300 3132 1460 3200 suscitarit,
1486 3129 1577 3187 fidelis
1597 3128 1739 3185 exstitisse

79 3219 301 3290 supplicantem.
326 3221 362 3277 Et
383 3220 429 3277 ille
453 3222 571 3294 quidem
591 3225 655 3294 pius
678 3231 705 3280 ιι
730 3226 838 3283 miseri·
892 3223 1006 3295 legitur.
1023 3223 1080 3280 Nos
1094 3230 1191 3280 autem
1208 3222 1329 3278 invicem
1350 3234 1408 3277 non
1425 3219 1518 3276 solum
1543 3217 1608 3274 lidei
1624 3215 1741 3288 colligat

79 3307 242 3376 labebatur,
258 3309 307 3365 sed
323 3308 385 3379 ipsa
400 3310 491 3380 pictas
509 3319 537 3367 et
551 3312 746 3369 misericordia
760 3315 837 3371 Dens
890 3312 1051 3383 integritas,
1068 3325 1170 3368 rerum
1194 3310 1279 3366 etiam
1296 3308 1424 3380 ejusdem
1444 3306 1591 3379 religionis
1605 3304 1739 3377 professio

79 3397 102 3452 it
118 3411 186 3467 quae
204 3403 274 3452 tunc
293 3397 472 3468 supplicabat
490 3399 595 3456 mulier
609 3401 755 3458 saecularis
776 3410 838 3460 erat
892 3401 990 3458 sociat.
1011 3401 1048 3458 Ut
1070 3408 1166 3456 autem
1191 3405 1404 3456 sacrosanctum
1426 3395 1535 3468 collegii
1558 3395 1646 3453 vestri
1660 3407 1740 3451 nunc

79 3499 119 3554 ca,
141 3500 195 3541 nec
217 3500 253 3542 ex
268 3495 376 3543 sauctae
402 3488 561 3545 devotionis
584 3489 758 3559 prolessioue
781 3492 838 3548 lio-
892 3489 1022 3547 omittam
1036 3495 1222 3556 conventum,
1245 3488 1274 3543 in
1299 3501 1358 3558 quo
1380 3485 1573 3557 plurimarum
1590 3482 1739 3555 virginum

89 3574 233 3644 copulata.
259 3574 341 3643 Quod
366 3575 389 3630 si
412 3590 450 3633 ex
467 3584 493 3633 ιι
515 3577 613 3634 minus
632 3579 668 3635 ad
684 3580 839 3651 impetran·
891 3591 926 3634 ac
939 3577 1094 3634 viduarum
1119 3577 1229 3633 devotio
1244 3575 1365 3632 Domino
1377 3574 1487 3647 jugiter
1511 3572 1645 3640 deservit,
1661 3573 1696 3628 ad
1712 3578 1740 3628 te

79 3662 219 3732 sullicias,
237 3670 357 3721 sanctus
371 3665 422 3735 qui
443 3672 536 3722 tecum
555 3674 597 3723 est
613 3675 670 3724 tam
687 3669 836 3740 virginum
890 3679 981 3724 unam
1003 3666 1128 3731 veniam,
1151 3666 1236 3736 cnjus
1255 3664 1332 3736 apud
1357 3664 1448 3720 Deum
1472 3661 1651 3719 sanctitatem
1676 3658 1739 3731 plu-

96 3752 255 3809 riduarum
277 3761 446 3821 conventus,
472 3755 549 3826 quod
569 3771 620 3826 per
634 3764 661 3813 te
675 3772 732 3813 nou
747 3767 835 3829 potes,
890 3755 998 3812 riuum
1014 3769 1072 3810 non
1097 3753 1212 3825 ambigo
1233 3767 1323 3824 posse,
1346 3759 1373 3808 et
1394 3767 1460 3823 quae
1480 3758 1558 3822 potes
1578 3749 1647 3805 mibi
1668 3762 1741 3818 prae·

79 3840 140 3898 tbit.
157 3840 229 3896 Cttm
243 3841 320 3897 enim
344 3841 492 3913 discipulis
507 3843 622 3901 Veritas
637 3845 732 3903 dicat:
752 3869 762 3896 ι
782 3845 835 3905 Ubi
890 3843 975 3914 cipue
995 3842 1108 3909 debere,
1135 3842 1260 3898 maxime
1291 3841 1320 3896 in
1346 3847 1433 3896 tantae
1455 3837 1637 3894 adversitatis
1659 3836 1738 3894 labo-

79 3928 110 3984 ἰι
132 3936 191 3984 tres
211 3930 375 4001 congregati
393 3929 499 3987 luerint
521 3931 550 3987 in
571 3931 687 3990 nomine
708 3946 781 4000 meo,
796 3933 836 3992 ibi
890 3931 968 3989 ranti
982 3929 1157 3987 discrimine.
1180 3929 1318 3984 llemento
1335 3928 1432 3998 itaquo
1453 3939 1565 3997 semper
1587 3925 1615 3979 in
1635 3923 1739 3981 oratio-

78 4031 99 4072 n
124 4017 218 4073 medlo
240 4031 341 4073 eorum
365 4017 474 4089 (blatta.
499 4034 579 4085 xvm,
601 4021 658 4092 ab).
686 4021 753 4077 »Et
773 4035 837 4083 rur·
890 4020 977 4077 nibus
998 4019 1056 4077 tuis
1074 4020 1148 4089 ejus,
1173 4019 1224 4090 qui
1248 4017 1410 4089 specialiter
1433 4023 1475 4074 est
1495 4023 1584 4086 tuus;
1611 4021 1639 4071 et
1663 4020 1741 4071 laute

79 4125 81 4159 ;
107 4128 122 4155 α
148 4104 176 4160 Si
191 4105 250 4162 dno
270 4121 307 4162 ex
332 4107 412 4164 robis
435 4109 632 4166 consenserint
651 4110 686 4167 ds
706 4111 785 4168 omni
806 4124 836 4170 ιι
891 4108 1082 4165 conlldcntius
1104 4108 1133 4164 in
1153 4107 1281 4163 oratione
1303 4106 1400 4179 vigila,
1422 4112 1532 4177 quanto
1555 4103 1583 4159 id
1604 4101 1664 4161 ess'e
1687 4102 1740 4160 tibi

96 4194 243 4264 petierint,
264 4194 312 4251 stet
332 4195 403 4252 illud
419 4209 436 4251 a
450 4198 535 4253 Patre
552 4212 614 4254 meo
629 4198 721 4270 (ibid,
741 4199 782 4271 ιι)
797 4216 804 4256 ;
821 4223 836 4251 »
855 4185 874 4239 Ι)
892 4197 1070 4268 recognoscis
1087 4196 1205 4267 iustius,
1225 4203 1251 4252 et
1275 4195 1311 4251 ob
1336 4195 1389 4252 boc
1405 4194 1459 4265 ipsi
1480 4194 1531 4266 qui
1547 4192 1677 4250 orandus
1697 4200 1740 4249 est

79 4297 132 4339 ton
148 4283 243 4340 rideat
257 4292 400 4355 quantum
418 4285 495 4356 apud
512 4287 603 4343 Deum
619 4287 712 4344 valcat
731 4297 836 4346 sanctae
891 4286 1105 4356 acceptabilius.
1131 4284 1257 4352 Exaudi,
1285 4285 1412 4354 obsecro,
1437 4298 1507 4342 anre
1531 4283 1637 4351 cordis,
1662 4281 1739 4352 qnod

79 4371 222 4443 egationis
246 4371 384 4442 trequens
411 4373 531 4430 oratio?
557 4374 595 4443 Si,
624 4382 657 4432 ut
685 4377 838 4446 Apostolus
891 4375 996 4445 sapius
1011 4374 1119 4430 autlisti
1138 4389 1209 4431 aure
1228 4375 1364 4443 corporis.
1389 4373 1534 4445 Scriptum
1557 4373 1646 4429 estin
1669 4371 1741 4428 Pro-

79 4468 106 4529 t,
129 4482 144 4511 α
176 4459 300 4516 multum
320 4460 395 4517 valet
416 4463 508 4518 oratio
529 4463 601 4533 iusti
625 4463 742 4521 assidua
767 4465 836 4536 (ιιι.
892 4464 1020 4520 rerbiis:
1039 4484 1053 4512 κ
1069 4462 1170 4520 Μιιιίιι
1185 4463 1309 4535 diligens
1323 4476 1429 4519 corona
1444 4471 1485 4520 est
1500 4463 1563 4519 viro
1578 4477 1630 4518 suc
1646 4461 1739 4532 (Pron.

79 4550 123 4614 l,³·
140 4548 260 4619 quidde
282 4549 468 4607 multitudine
483 4559 590 4608 sancta·
605 4555 838 4625 congregationis
892 4566 941 4620 xrt,
966 4554 1003 4620 4).
1029 4552 1096 4607 »nt
1109 4564 1252 4610 rursum:
1274 4572 1288 4600 ι
1311 4550 1366 4618 Qui
1386 4551 1496 4608 invenit
1518 4550 1667 4607 mulierem
1693 4548 1742 4605 bo·

79 4637 166 4693 ndum
189 4639 265 4694 est‘l
294 4637 382 4706 Nosti,
413 4639 584 4696 charissima
611 4655 701 4709 soror,
727 4656 765 4699 ex
789 4642 839 4699 bo
892 4654 971 4706 nam,
992 4637 1742 4712 invenitbouum:etbaurietjucnnditntemalio

85 4728 123 4781 ιιι
144 4725 220 4783 beati
240 4725 368 4797 Gregorii
393 4735 537 4797 qnantum
553 4728 727 4801 sultragium
747 4730 838 4788 invito
894 4730 970 4785 mino
986 4729 1076 4801 (Pron.
1102 4744 1181 4793 xum,
1205 4728 1260 4797 ιι).
1286 4750 1299 4778 ι
1323 4729 1359 4784 Et
1382 4729 1485 4785 iterum
1507 4743 1514 4780 :
1539 4745 1553 4772 «ι
1582 4726 1687 4782 bemus
1712 4730 1741 4781 et

79 4813 271 4872 ontradicenti
293 4815 374 4871 lratri
396 4816 487 4873 oratio
506 4814 630 4874 fratrum
653 4827 765 4875 naturae
788 4820 837 4892 [ot.
892 4817 1000 4875 divitiae
1019 4818 1158 4874 dantura
1180 4817 1357 4889 parentibus,
1375 4831 1392 4872 a
1413 4815 1532 4873 bomiuo
1549 4822 1645 4872 ιιιιιιιι
1670 4826 1739 4884 pro-

79 4902 113 4974 e]
132 4900 271 4959 attulerit.
293 4903 332 4957 [ic
353 4918 412 4975 quo
429 4903 489 4974 jam
512 4904 549 4961 ad
564 4913 729 4963 extremum
752 4908 839 4978 ducto
893 4907 954 4978 prie
980 4920 1055 4964 uxor
1074 4907 1200 4977 prudens
1215 4908 1307 4978 (Pron.
1331 4920 1392 4972 ιιι,
1418 4905 1471 4975 ll).
1496 4925 1510 4954 ι
1535 4905 1569 4961 Et
1590 4903 1620 4960 in
1645 4903 1742 4960 Eccle-

79 5005 100 5047 a
120 4991 242 5062 periculi
264 4990 409 5049 anxietate
424 4993 586 5050 miserrima
600 4995 664 5066 ejus
683 4995 781 5053 anima
796 4996 839 5053 la·
892 4995 1025 5052 siastico:
1052 5017 1066 5046 ιι
1089 4995 1217 5052 blulieris
1241 4994 1324 5051 bonu
1345 4994 1446 5051 beatus
1472 4993 1519 5049 vir
1542 4993 1637 5065 (dccli.
1659 5005 1739 5061 xxm,

79 5087 114 5148 et,
132 5086 163 5136 et
176 5087 286 5150 quanta
301 5080 497 5151 desperatione
510 5091 537 5138 et
553 5082 636 5139 taedio
649 5083 717 5141 vitae
737 5084 839 5141 iratres
895 5083 931 5154 t).
958 5107 972 5130 ·
999 5085 1034 5140 Et
1060 5092 1265 5155 postpauca:
1292 5106 1303 5132 ι
1330 5083 1398 5138 Pars
1423 5082 1507 5151 bona,
1534 5082 1639 5139 mulier
1665 5082 1742 5138 bona

79 5168 176 5225 atione
194 5176 351 5238 revocaret,
376 5168 448 5241 qnid
471 5169 510 5227 ibi
525 5170 679 5241 diligenter
698 5173 838 5243 scriptum
893 5171 986 5242 (ibid,
1013 5172 1049 5242 ³).
1078 5192 1092 5220 ι
1120 5173 1155 5227 Ει
1179 5170 1267 5242 iuxta
1293 5170 1490 5228 auctoritatem
1521 5171 1705 5243 apostolicam
1731 5184 1738 5222 :

79 5269 129 5313 am
152 5255 273 5314 minime
292 5256 360 5314 latet
384 5258 579 5330 prudentiam.
604 5261 700 5332 Atque
725 5263 838 5317 utinam
894 5282 909 5312 «ι
929 5259 1129 5317 Sanctificatus
1151 5267 1193 5316 est
1213 5259 1257 5316 vir
1285 5259 1409 5317 inlidelis
1431 5275 1480 5332 per
1500 5262 1650 5319 mulierem
1673 5258 1740 5314 ilde-

80 5345 182 5402 entius
197 5351 225 5402 te
238 5353 266 5403 et
279 5354 445 5404 sanctarum
461 5354 637 5405 conventum
655 5362 785 5406 sororum
802 5349 839 5408 ad
893 5350 949 5407 lem
963 5350 987 5420 (l
1008 5348 1069 5406 dor.
1085 5363 1132 5417 vn,
1157 5349 1208 5418 ll).
1228 5369 1238 5397 ι
1263 5347 1352 5422 Cujus
1366 5349 1484 5422 quidem
1500 5349 1541 5406 rei
1556 5348 1736 5419 experimen·

79 5448 150 5494 nem
164 5433 275 5506 inritet,
294 5442 329 5494 ut
347 5448 393 5494 me
415 5435 523 5497 scilicet
542 5436 625 5497 robis
645 5436 706 5510 ipse
731 5439 835 5497 virum
893 5445 955 5497 tum
978 5437 1008 5495 in
1024 5450 1113 5511 regno
1135 5436 1280 5510 precipue
1303 5444 1411 5508 nostro,
1432 5436 1523 5495 idest
1546 5437 1738 5502 Francorum,
