3804 5962
128 183 195 245 trior
391 180 493 241 PETRI
512 182 696 238 ABAELARDI
717 182 793 238 OPP.
815 180 905 238 PARS
925 172 972 235 iil.
989 205 1024 220 -
1042 177 1264 236 Thbobddtcb
1282 179 1327 235 ΕΤ
1345 173 1611 233 Pfllbosot’lltcn.
1809 174 1858 230 lttt

122 324 189 367 mus
208 307 325 367 nonnisi
340 307 370 363 in
390 306 508 364 ecclesia
533 303 693 376 praepositis
715 304 801 362 licere
820 303 968 374 baptizare
982 301 1007 357 Α
1023 317 1109 374 quem
1123 302 1249 374 Spiritus
1268 309 1384 358 sanctus
1403 314 1462 358 non
1481 306 1533 367 est,
1549 313 1618 356 cum
1640 296 1789 355 Dominus
1803 296 1861 355 ditat

122 405 150 456 et
174 398 322 456 remissam
351 401 533 466 peccatomm
559 393 637 450 dare.
678 393 742 450 Filii
770 396 876 460 Aaron,
918 391 969 463 qui
1022 391 1054 448 in
1077 391 1213 449 Numeris
1237 393 1309 462 (arx,
1332 391 1380 461 22)
1402 406 1409 444 :
1428 391 1462 444 ut
1486 405 1654 461 quawnpuc
1679 390 1803 457 tetigerit
1826 391 1861 442 is

123 485 251 544 alienum
268 485 361 556 ignom
378 483 463 539 altari
479 484 688 552 imposuerunt,
705 482 897 553 inconspectu
911 488 970 538 sta·
1023 480 1151 550 mundus,
1179 479 1324 555 immundo
1351 482 1441 534 crunt.
1470 477 1542 541 Quis
1565 485 1664 533 autem
1696 482 1788 547 potest
1811 475 1864 530 dan

123 575 174 630 tint
193 573 305 630 bomini
332 571 511 642 indignantis
535 570 669 628 exstincti
692 580 769 628 sunt.
793 571 875 639 Quod
900 586 967 642 sup·
1023 570 1101 640 quod
1129 570 1190 641 ipse
1216 583 1275 625 non
1304 566 1430 625 haheat?
1455 575 1506 622 aut
1526 564 1673 636 quomodo
1692 563 1863 634 potestspir'r

123 662 240 732 pliclum
275 669 370 717 manet
399 660 520 731 eosqui
550 660 675 717 alienam
697 674 804 731 aquam
830 661 969 731 baptismo
1022 659 1112 716 tualia
1137 673 1232 732 agere,
1249 658 1302 729 qni
1327 657 1387 728 ipse
1413 655 1541 712 amiserit
1560 653 1707 725 Spiritum
1723 650 1863 709 sanctum?

123 750 250 806 inlcrunt
275 749 356 816 laiso,
377 756 409 805 ut
424 749 523 805 divina
537 763 662 805 censura
686 748 845 805 ulciscatur
860 749 970 806 haereti·
1023 749 1058 804 Et
1081 747 1185 805 idcirco
1214 747 1405 819 baptizandus
1428 752 1471 801 est
1490 750 1518 800 ct
1540 742 1739 799 innovandus.
1766 742 1863 798 sartu-

122 852 170 894 cos
195 851 303 909 gerere,
328 838 405 907 tyttod
421 837 535 893 nonnisi
560 837 610 894 soli
627 837 710 894 liceat
727 837 868 894 Ecclesia.
886 837 968 901 Quod
1023 839 1068 892 tia
1083 839 1288 907 episcopcrum:
1314 834 1478 906 Cyprianus
1503 833 1576 889 dixit
1593 848 1600 886 ι
1618 831 1700 902 Saepe
1715 830 1864 887 censuimus

115 933 213 982 autem
228 926 348 996 qnidam
371 925 471 982 dicunt
486 926 520 982 de
534 925 640 997 eisqui
664 926 691 981 in
722 925 851 982 Samaria
876 925 967 996 bapti·
1024 925 1173 982 bareticos
1205 926 1242 981 ad
1279 923 1433 981 Ecclesiam
1475 921 1623 979 venientes
1657 919 1798 977 Ecclesia
1827 918 1862 975 ht

117 1016 173 1072 zati
203 1014 328 1083 lucrant,
359 1014 579 1071 advenientibus
604 1015 739 1084 apostolis
764 1015 846 1070 Petro
870 1021 897 1070 et
923 1014 967 1069 to·
1024 1016 1128 1084 ptisruo
1144 1014 1282 1085 baptizari
1306 1021 1333 1070 et
1348 1011 1522 1069 sanctificari
1546 1017 1692 1082 oportere.
1718 1007 1863 1065 Cacilintt

119 1117 194 1160 anne
213 1111 327 1161 tantum
349 1117 435 1173 super
462 1117 510 1159 ecs
534 1116 653 1158 manum
672 1102 834 1174 impositam
848 1115 918 1170 csse,
936 1108 968 1158 ut
1023 1102 1097 1159 bilta
1113 1103 1171 1174 (aa)
1194 1104 1268 1160 dixit
1294 1118 1301 1158 :
1327 1103 1389 1174 Ego
1408 1101 1584 1171 baptismum
1609 1099 1639 1154 in
1663 1096 1798 1155 Ecclesia
1818 1094 1863 1151 solt

118 1192 279 1262 acciperent
302 1190 440 1261 Spiritum
469 1197 613 1252 sanctum,
641 1191 831 1261 rebaptizatos
845 1204 892 1246 eos
908 1204 965 1246 uon
1023 1193 1081 1249 scio
1099 1200 1128 1249 et
1151 1200 1236 1250 extra
1262 1191 1396 1258 nullum3
1419 1189 1496 1260 apud
1524 1187 1675 1244 haereticos
1701 1185 1805 1242 omnia
1828 1198 1863 1255 pu

119 1295 190 1348 csse,
213 1279 249 1335 ad
271 1285 439 1349 presentent
461 1292 578 1335 causam
594 1279 726 1336 videmus
748 1279 865 1335 omnino
888 1278 968 1350 [nou]
1024 1281 1208 1338 mendacium
1223 1289 1376 1353 geruntur.
1388 1279 1502 1335 Primus
1513 1277 1591 1334 Felix
1608 1274 1770 1347 abligirpa
1783 1272 1861 1330 dint:

120 1370 270 1439 pertinere.
295 1368 356 1423 lllic
378 1367 455 1423 cuim
483 1368 533 1439 qui
549 1367 739 1435 crediderant,
757 1367 811 1423 lide
826 1381 894 1424 vera
909 1381 968 1423 cre·
1023 1368 1130 1426 Censeo
1155 1384 1269 1426 omnem
1289 1369 1436 1425 hominem
1458 1367 1495 1423 ah
1523 1366 1626 1423 haeresi
1648 1361 1863 1421 rcnicntembs

119 1455 288 1514 diderantet
299 1457 377 1513 intus
393 1456 547 1512 Ecclesiam
564 1456 866 1526 aPhilippodiacono,
882 1470 969 1526 quem
1024 1458 1206 1531 ptisandum3
1229 1457 1339 1515 lrustra
1362 1458 1440 1514 enim
1466 1455 1524 1512 illic
1550 1461 1634 1527 putat
1661 1469 1695 1511 se
1711 1467 1776 1510 esse
1790 1451 1863 1522 bapti·

118 1543 203 1600 iidem
219 1543 338 1612 apostoli
368 1543 514 1610 miserant,
542 1544 678 1613 baptizati
704 1550 798 1599 erant.
831 1541 967 1599 sadran-
1022 1555 1129 1605 zatutn.
1153 1549 1326 1616 Augustinus
1351 1550 1444 1602 contra
1471 1545 1649 1610 Petiliutrum,
1669 1545 1711 1599 De
1735 1540 1863 1597 ιοιίοοδι
1894 1544 1899 1621 l

119 1631 269 1689 tumtnodo
286 1633 363 1702 quod
379 1631 647 1688 decrataPetroct
667 1630 898 1688 loannelactum
914 1637 965 1700 cst,
1020 1638 1121 1707 ptumo
1138 1653 1144 1691 :
1163 1636 1317 1708 blartyrem
1347 1627 1586 1707 gloriosissimum
1611 1632 1805 1703 cyprianum,
1825 1629 1863 1700 pti
1895 1636 1899 1711 1

119 1727 152 1777 ut
164 1733 253 1777 manu
266 1719 403 1804 imposita
420 1720 622 1776 iulunderctur
639 1720 669 1775 ln
683 1734 731 1776 cos
750 1719 878 1791 Spiritus
898 1733 967 1775 san·
1022 1726 1102 1797 apud
1129 1725 1277 1782 baeretieos
1303 1734 1331 1782 er
1353 1722 1550 1781 schismaticos
1572 1722 1675 1778 datum
1693 1719 1801 1778 Christi
1824 1717 1862 1775 bt·
1895 1714 1899 1755 ³

119 1816 193 1878 ctus,
221 1809 299 1880 quod
328 1823 407 1887 nunc
433 1822 552 1879 quoque
573 1809 651 1879 apud
673 1822 725 1866 uos
751 1810 871 1880 geritur.
888 1809 967 1865 Nun·
1024 1815 1163 1885 pttsmum
1188 1815 1302 1872 nolebat
1327 1827 1495 1886 agnoscere,
1517 1811 1588 1867 dum
1608 1825 1658 1869 θοι
1673 1810 1862 1872 detestaretur,
1895 1798 1899 1857 l

120 1898 191 1969 quid
212 1899 248 1955 de
274 1898 403 1954 Ecclesiae
427 1897 554 1955 lontibus
581 1900 676 1970 rigare
695 1905 795 1969 potest,
821 1898 969 1970 quiintus
1022 1911 1104 1960 tanta
1133 1905 1197 1975 ejus
1216 1903 1318 1961 merita
1345 1902 1497 1973 usquead
1529 1899 1719 1971 triumphum
1748 1894 1862 1968 mmytii
1895 1918 1899 1959 r

120 1987 275 2044 Ecclesiam
293 2002 350 2044 uon
377 1991 438 2044 esu
467 1987 596 2044 Haeretici
623 2002 680 2043 non
696 1996 765 2044 sunt
779 1988 809 2044 in
833 1988 967 2054 Ecclesia.
1023 2001 1176 2050 consecuta
1201 2000 1280 2060 sunt,
1297 1999 1372 2048 utet
1395 1981 1544 2047 clarueris
1559 2004 1620 2060 qna
1634 1987 1799 2046 excellebat
1814 1985 1864 2042 lua
1894 2018 1898 2045 ι

120 2075 177 2133 imo
200 2080 229 2133 et
256 2083 357 2133 contra
389 2077 544 2134 Ecclesiam
570 2076 688 2145 lacinnt,
717 2077 860 2148 quomodo
875 2077 968 2147 bapti·
1023 2081 1207 2138 obumbratio
1228 2080 1277 2136 illa
1301 2078 1463 2151 fugaretur,
1479 2086 1507 2134 ct
1534 2085 1567 2134 ut
1581 2073 1861 2133 sacramentumlrtt·

119 2178 184 2221 aare
208 2164 349 2235 baptismo
371 2166 505 2222 Ecclesia
527 2167 671 2236 possunt?
686 2165 757 2222 Nam
787 2165 811 2221 si
828 2163 969 2236 baptizari
1023 2177 1157 2226 ctuosum
1187 2169 1266 2225 lieret
1294 2166 1481 2234 fructuosius,
1510 2166 1533 2223 si
1558 2165 1630 2236 quid
1660 2164 1791 2222 habehat
1810 2174 1862 2234 pur·

94 2325 99 2334 ²
121 2255 189 2325 quis
208 2254 284 2323 apud
301 2254 449 2310 hacreticus
464 2255 569 2324 potnit,
586 2254 689 2325 utique
704 2262 731 2310 et
747 2255 970 2325 remissampec·
1024 2259 1162 2331 gaudum,
1199 2255 1339 2329 passionis
1362 2255 1432 2311 lalcc
1449 2254 1551 2311 ultima
1570 2253 1735 2311 tolleretur.
1756 2252 1861 2310 Noenu

120 2350 251 2398 catorum
274 2342 412 2412 consequi
437 2343 540 2413 potuit.
566 2342 593 2397 Si
619 2348 801 2414 peccatoruttr
818 2343 969 2399 remissam
1023 2348 1095 2419 qula
1111 2345 1247 2417 baptismi
1263 2347 1414 2401 veritatem
1424 2352 1452 2399 et
1467 2343 1496 2399 in
1507 2343 1713 2400 haereticorum
1726 2340 1862 2413 iniquitate

120 2436 292 2487 consecutus
316 2439 368 2493 est,
393 2429 591 2487 sanctificatus
615 2438 668 2500 cst,
693 2430 830 2501 templttrn
857 2431 968 2487 Deila·
1024 2434 1218 2508 agnoscimus,
1244 2434 1306 2505 iam
1334 2432 1478 2504 Cypriane
1514 2430 1647 2487 meliores
1673 2445 1790 2499 sumus,
1804 2427 1864 2484 deut

122 2525 185 2575 ctus
216 2526 268 2575 est.
294 2517 396 2585 Quaeso
422 2518 593 2590 cnjusllci?
613 2520 641 2576 Si
670 2520 816 2586 creatoris,
840 2535 898 2576 non
922 2534 969 2590 po-
1024 2539 1077 2582 ncc
1092 2524 1185 2589 Petro,
1205 2523 1275 2594 quia
1291 2530 1389 2593 gentes
1408 2521 1558 2592 jndaizare
1584 2533 1644 2576 non
1658 2519 1803 2591 cogimus.
1820 2517 1886 2573 Ec·-

121 2608 176 2665 tuit
191 2607 242 2678 qui
260 2608 287 2663 in
308 2622 374 2663 eum
389 2622 446 2663 non
472 2608 610 2675 credidil;
636 2609 658 2664 si
674 2608 790 2676 Christi,
808 2624 860 2665 nec
879 2608 970 2681 huius
1024 2614 1178 2668 ctesiostt'cu
1204 2611 1329 2677 historic,
1347 2610 1394 2663 tib.
1410 2610 1442 2676 ll,
1468 2624 1529 2678 cop.
1556 2608 1588 2661 vl
1606 2622 1614 2662 ε
1630 2608 1671 2664 lte
1698 2605 1815 2664 statutis
1824 2602 1863 2660 lil-

120 2705 210 2767 potest
225 2697 285 2752 lieri
304 2697 443 2767 ternplum
460 2697 510 2768 qui
531 2706 617 2768 negat
642 2699 731 2754 licum
752 2697 920 2764 Christum
944 2713 968 2754 st
1024 2701 1096 2758 caeni
1112 2699 1235 2757 concilii.
1247 2699 1333 2756 tuber
1345 2706 1373 2754 ct
1388 2706 1419 2753 ut
1433 2696 1628 2764 Paulianistae,
1646 2695 1788 2766 quisunt
1804 2693 1862 2750 l’lto

120 2784 244 2854 Spiritus
262 2787 363 2850 sancti,
395 2787 537 2855 quomodo
557 2785 679 2855 Spiritus
702 2797 819 2843 sanctus
839 2787 969 2858 placatus
1024 2789 1137 2857 tiniani,
1173 2788 1397 2857 rebaptizentur.
1427 2788 1497 2841 Item
1524 2786 1571 2840 lib.
1592 2785 1639 2853 vt,
1666 2800 1732 2855 cop.
1763 2785 1787 2838 ll
1813 2781 1863 2837 :it

120 2873 147 2930 ei
162 2888 222 2931 csse
246 2883 344 2945 potest,
358 2873 409 2945 qui
427 2882 477 2931 aut
494 2875 544 2930 lilii
560 2883 612 2931 aut
627 2875 716 2946 patris
742 2875 877 2932 inimicus
905 2873 969 2931 esti
986 2879 1008 2937 C
1025 2880 1095 2936 urbe
1110 2892 1177 2936 vere
1199 2878 1304 2944 Romae,
1322 2875 1454 2933 Cornelio
1476 2875 1608 2946 episcopo
1625 2881 1697 2930 tunc
1722 2876 1863 2945 repentest
1894 2878 1898 2957 y

121 2962 217 3026 Quare
241 2963 382 3034 baptisma
406 2964 489 3020 nohis
512 2973 539 3020 et
566 2964 708 3021 hereticis
733 2978 885 3020 commune
909 2979 969 3021 esse
1026 2969 1102 3039 apud
1127 2966 1331 3038 Carthaginem
1356 2963 1510 3036 Cypriane,
1539 2962 1683 3020 ambobus
1697 2962 1757 3018 lide
1773 2961 1863 3016 virute

121 3066 179 3109 non
198 3059 297 3122 potest,
322 3067 387 3110 cum
408 3054 517 3123 quibus
541 3068 593 3109 nec
612 3062 692 3124 pater
712 3053 797 3120 bens,
815 3067 868 3111 nea
882 3052 970 3111 Filius
1025 3056 1239 3128 prestantibus
1265 3055 1387 3128 quaestio
1401 3061 1504 3110 exorta
1518 3060 1560 3109 est
1585 3051 1614 3107 in
1639 3049 1749 3108 Alricae
1763 3047 1862 3120 maioris
1895 3090 1898 3105 ,

120 3139 262 3207 Christus,
278 3155 330 3196 ncc
343 3138 466 3209 Spiritus
482 3147 614 3205 sanctus,
630 3140 772 3203 necddes,
785 3155 837 3196 nec
851 3139 970 3198 ecclesia
1025 3145 1165 3217 partibus,
1196 3145 1218 3201 si
1250 3150 1379 3215 oporteat
1405 3143 1553 3200 haereticos
1577 3139 1764 3211 rebaptizari.
1792 3138 1861 3196 Cum·
1895 3150 1898 3159 ·

121 3227 283 3285 communis
313 3237 364 3293 cst,
395 3236 422 3283 et
447 3227 509 3283 ideo
541 3227 678 3297 baptizari
702 3242 750 3284 ecs
777 3235 897 3299 oportet,
918 3228 969 3299 tyui
1024 3235 1124 3306 quaid
1145 3232 1561 3304 aCyprianietcaeterispene
1583 3224 1861 3300 omnibuspertlrt·

121 3315 273 3371 deharcsi
296 3314 332 3370 ad
349 3314 508 3370 Ecclesiam
530 3317 662 3383 veniunt,
692 3316 809 3386 quando
834 3330 872 3373 ex
887 3316 971 3373 nohis
1023 3338 1086 3380 carn
1115 3322 1312 3380 sacerdotibus
1341 3326 1470 3392 oportere
1498 3318 1561 3375 lteri
1592 3316 1784 3384 detineretur,
1805 3315 1862 3372 Cor·

121 3403 283 3468 didicerint,
308 3403 464 3474 baptizatos
489 3419 605 3475 quoque
624 3419 641 3460 a
658 3404 747 3462 Paulo
770 3419 818 3462 cos
838 3405 899 3478 jam
922 3406 970 3462 lia·
1023 3412 1118 3469 nclins
1144 3420 1172 3468 et
1186 3410 1282 3468 cteteri
1310 3424 1409 3466 omncs
1425 3422 1475 3479 per
1500 3407 1612 3464 ltaliam
1636 3406 1800 3463 sacerdotes
1821 3404 1862 3460 hu·

121 3488 362 3561 ptisrnoloannis
388 3490 524 3560 baptizati
544 3491 678 3557 luissent,
703 3492 777 3548 sicut
801 3492 969 3565 legimusin
1021 3499 1149 3573 jusmodi
1182 3501 1327 3556 decretum
1359 3505 1493 3555 manente
1525 3495 1698 3553 sacerdotali
1727 3492 1861 3552 eoncordia

122 3579 241 3635 Αθῑῑῧῦὓ
269 3579 463 3648 apostolorum
486 3579 556 3650 (ΗΧ,
574 3581 610 3649 5)·
624 3578 705 3647 Quod
735 3581 758 3637 si
779 3581 883 3639 idcirtut
909 3583 969 3640 hae·
1023 3589 1233 3647 relutaverunt.
1274 3589 1456 3655 Hieronymus
1492 3586 1624 3641 aduersus
1657 3585 1858 3653 Vigr'tcrttuut:

121 3667 228 3724 reticos
239 3667 289 3738 jus
311 3667 443 3739 baptismi
466 3669 596 3725 obtinere
617 3670 717 3739 potnit,
734 3670 804 3740 quia
825 3671 903 3741 prior
919 3672 969 3728 ba·
1023 3678 1099 3748 Ergo
1115 3676 1230 3749 vigilias
1246 3675 1328 3732 malae
1354 3675 1479 3731 aliorum
1499 3673 1606 3745 vigilia
1632 3687 1692 3729 non
1708 3672 1860 3731 destruent:

121 3754 250 3826 ptitavit,
284 3771 341 3812 non
372 3756 542 3827 possidentis
565 3757 619 3813 erit
647 3761 707 3828 jaro
737 3758 890 3829 baptisma,
920 3760 969 3817 sed
1024 3767 1096 3837 quin
1111 3766 1207 3837 potius
1221 3764 1367 3834 pudicitia
1391 3763 1511 3836 vigilare
1524 3768 1667 3833 cogantur
1681 3760 1738 3832 qui
1766 3755 1861 3817 libidini

121 3845 312 3915 occrrpantis;
342 3855 454 3903 etcum
478 3847 603 3916 separari
626 3860 660 3902 ac
683 3847 772 3903 dividi
787 3848 904 3904 cornino
920 3849 969 3905 ha·
1023 3853 1181 3912 dormiunt.
1196 3852 1277 3920 Quod
1291 3853 1370 3910 enim
1394 3851 1481 3908 semel
1498 3849 1596 3907 lecisse
1617 3850 1732 3907 bonum
1752 3857 1804 3917 est,
1816 3858 1864 3903 non

120 3933 226 4005 ptisma
245 3937 428 4006 nonpossint
456 3943 483 3991 et
510 3935 646 4003 Ecclesia,
672 3935 720 4005 qui
754 3950 894 4006 occupare
917 3937 966 3992 ba·
1022 3949 1115 4014 potest
1132 3942 1243 4001 malum
1260 3957 1329 4009 esse,
1347 3938 1628 4012 silrcquenterdat,
1657 3945 1709 3994 aut
1740 3936 1866 4007 sitlignt

119 4020 223 4089 ptisrna
240 4022 317 4092 prior
337 4022 439 4092 potuit,
466 4030 493 4078 ct
506 4021 663 4077 Ecclesiam
683 4022 790 4093 pariter
804 4025 965 4094 occupavit.
1022 4031 1109 4103 culpa
1123 4032 1277 4088 vitandum
1290 4038 1342 4098 est,
1359 4044 1417 4085 non
1445 4043 1481 4085 cx
1503 4043 1536 4084 ιο
1552 4027 1632 4098 quod
1661 4040 1749 4097 saepc,
1778 4025 1868 4082 sedes

121 4108 188 4165 Herc
211 4110 263 4166 tibi
289 4111 500 4182 rescripsimus,
527 4111 623 4178 lralcr,
655 4111 799 4168 neminem
831 4114 967 4184 praejudi-
1022 4120 1147 4191 eoquod
1175 4120 1207 4176 tit
1230 4113 1867 4190 aliquandc,culpabile.1demt'rtEpt'slolo

119 4205 226 4266 cantes,
250 4200 409 4270 quominus
431 4199 635 4270 unusquisque
661 4199 859 4270 episcopcrum
887 4203 965 4273 quod
983 4226 1006 4281 ῃ
1021 4209 1104 4263 Ριιιιι·
1130 4208 1169 4263 ud
1193 4207 1323 4278 Ephesios
1344 4208 1393 4278 (tv,
1412 4206 1440 4277 t)
1465 4206 1512 4260 tab.
1541 4205 1564 4258 ll
1587 4221 1593 4258 :
1618 4203 1742 4258 sotttcttr·
1769 4213 1868 4256 sercort

120 4294 202 4357 putat
227 4286 321 4355 iaciat,
356 4288 467 4344 hahens
490 4287 602 4343 arbitrii
631 4288 677 4344 ssi
698 4289 816 4345 liberam
846 4300 967 4361 potesta·
1021 4302 1162 4354 ceritatem
1186 4300 1300 4368 spiritus
1327 4296 1486 4351 incinerato
1513 4297 1590 4365 pacis
1614 4295 1705 4349 Utrum
1736 4294 1868 4364 ccrpmet

119 4382 186 4432 ²⁰¹⁰·
213 4377 287 4432 ldlm
310 4380 338 4431 ill
376 4377 506 4446 Epiillilss
528 4377 566 4430 Μ
594 4376 724 4443 Quintum
750 4394 756 4431 :
779 4378 879 4436 Nescio
908 4395 967 4452 qua
1021 4403 1091 4443 arnus
1122 4389 1249 4457 spiritus,
1282 4395 1338 4442 etc.
1365 4386 1443 4442 Facit
1483 4393 1511 4441 et
1530 4392 1630 4441 contra
1653 4383 1814 4448 hereticos,
1841 4387 1868 4436 nt

122 4467 343 4536 presumptione
360 4466 509 4522 ducuntur
533 4466 663 4537 quidam,
680 4475 711 4523 ut
736 4474 836 4537 putent
850 4484 899 4525 ecs
915 4470 967 4542 qui
1022 4477 1113 4533 sciant
1127 4490 1156 4532 se
1172 4491 1229 4532 non
1254 4476 1359 4533 babere
1375 4476 1528 4546 baptisma,
1555 4473 1604 4530 sad
1634 4471 1665 4528 in
1694 4486 1759 4529 una
1773 4467 1868 4530 Christi

121 4555 199 4626 apud
216 4555 457 4612 haet'eiicoslincli
474 4561 551 4623 suni,
568 4555 687 4626 quando
707 4556 742 4612 ad
762 4559 966 4627 nosvenbrilli,
1023 4565 1149 4624 Ecclesia
1178 4565 1283 4622 iontem
1311 4580 1372 4622 esse
1395 4565 1522 4621 vitalem.
1551 4562 1740 4618 Cassiodorus
1769 4564 1868 4617 senatu

121 4643 260 4714 baptizari
277 4658 334 4698 non
355 4650 495 4713 oportere.
520 4643 576 4699 Nos
598 4651 693 4700 autem
715 4643 840 4701 dicimus
854 4661 901 4703 eos
916 4648 968 4719 qni
1024 4656 1065 4710 De
1086 4656 1259 4711 institutione
1287 4655 1445 4710 carinarum
1467 4654 1684 4723 scripturarum,
1698 4651 1747 4706 lib.
1766 4650 1777 4705 l
1795 4647 1866 4724 [ls]:
1892 4668 1896 4675 ·

119 4732 186 4789 inde
202 4731 324 4789 vestiunt
348 4746 405 4787 nou
426 4732 594 4802 rebaptizari
610 4732 689 4803 apud
713 4747 776 4798 uos,
802 4735 849 4790 sed
875 4735 965 4806 bapti·
1021 4743 1200 4814 impossibile
1222 4750 1264 4802 est
1291 4743 1410 4799 omnino
1437 4739 1596 4811 complecti,
1621 4747 1773 4810 quantum
1803 4739 1866 4793 tntu

116 4821 189 4878 liii·
214 4819 313 4892 Neque
337 4821 414 4877 enim
435 4820 584 4890 amilium
607 4819 646 4877 ibi
678 4820 798 4892 aliquid,
824 4823 872 4879 ubi
894 4824 968 4880 nihil
1022 4831 1094 4889 alios
1115 4832 1269 4904 scriptores
1288 4838 1392 4901 prater
1407 4831 1586 4887 iterationem
1602 4830 1660 4899 (95)
1680 4824 1864 4899 baptismatis

117 4917 169 4967 esi.
193 4910 269 4965 Idem
292 4908 330 4964 ad
356 4911 531 4977 ianuarium,
561 4909 606 4962 lib.
621 4906 646 4963 ll
668 4924 674 4965 ξ
697 4909 813 4980 Oportet
838 4911 968 4968 sanctill-
1022 4932 1113 4990 quam
1140 4934 1212 4977 usus
1236 4928 1324 4990 atque
1352 4921 1426 4976 ratio
1454 4916 1508 4989 (96)
1538 4916 1703 4987 repudiavit
1730 4915 1864 4977 Eoelesiae,

118 4996 178 5053 “ii
199 5010 306 5068 aquam
336 4997 456 5068 illusa
481 4997 636 5066 Sioeidfflis
654 5005 686 5055 Ui
709 4999 799 5069 POSSiS
826 4999 968 5070 bilitissssw
1022 5008 1150 5066 conlcrat
1185 5008 1370 5066 beatissimus
1397 5006 1560 5078 Cyprianus
1588 5004 1668 5062 velut
1693 5002 1793 5062 oleum
1824 5002 1864 5058 dc

119 5095 302 5157 suspersam
326 5085 452 5142 abluere.
480 5086 628 5154 Quomodo
653 5101 760 5159 aquam
785 5088 926 5145 mundare
940 5096 967 5145 et
1022 5111 1144 5156 currens
1163 5098 1193 5154 tn
1221 5112 1335 5155 omnem
1361 5097 1513 5153 sanitatem
1528 5095 1601 5166 (erg
1625 5092 1732 5166 trogus
1760 5104 1863 5162 romu

10 5261 13 5265 ¹
115 5177 299 5235 'sanctificam
314 5181 415 5248 potest,
430 5177 482 5248 qui
506 5179 567 5249 19⁵0
589 5178 760 5236 immundus
772 5187 823 5248 0³1·
848 5188 875 5237 ct
890 5179 968 5249 aliud
1023 5187 1078 5244 sita
1092 5186 1268 5245 declamator
1282 5186 1403 5259 insignii
1418 5187 1576 5256 doctorque
1601 5182 1758 5240 mirabilis.

203 5371 519 5511 {Clrllugustiniopp
537 5373 631 5457 Maur.
648 5372 691 5440 lx,
710 5375 769 5429 lob.
1059 5382 1106 5451 (ab
1120 5379 1209 5438 Editt.
1227 5395 1235 5436 t
1252 5395 1318 5436 usus
1332 5385 1414 5451 utque
1426 5380 1528 5450 gratie.

167 5440 201 5493 ab
227 5441 316 5499 Edttt.
334 5455 341 5498 :
350 5447 493 5513 pratrrrtc
506 5447 621 5500 retrone.
1059 5450 1200 5523 (97)Edd.
1219 5464 1226 5508 ι
1242 5455 1415 5508 moditatem·

168 5371 202 5424 Si
