3804 5962
117 195 184 250 latr
375 190 480 246 PETRI
498 189 681 244 tumidant
702 189 777 243 OPP.
798 189 885 243 Plus
905 189 953 243 ltl.
974 216 1007 231 -·
1026 187 1248 244 Tribocorum
1267 188 1311 242 ET
1329 184 1596 243 Pultosoelttct.
1798 183 1860 239 lm

112 318 207 376 ctione
235 327 303 371 cum
325 314 433 369 dicitur
460 313 521 378 boc,
545 320 578 368 ut
596 312 692 368 deitati
721 313 784 383 eius
810 327 867 368 non
882 311 961 368 carui
976 317 1001 367 a
1017 314 1165 383 positione.
1189 312 1274 369 Nunc
1303 313 1340 368 ad
1366 313 1489 382 incoepta
1514 310 1690 367 redeamus:
1713 308 1862 376 Quomodo

111 401 296 463 ascribatur!
321 401 351 458 Si
371 402 449 458 enim
465 400 532 472 plns
554 400 688 458 minusve
711 401 822 473 aliquid
846 400 957 457 inveni·
1012 401 1109 469 etiam,
1126 402 1257 473 inquam,
1276 400 1437 457 diceremus
1462 412 1520 456 uon
1534 412 1616 469 posse
1628 397 1778 455 dimittere
1792 397 1862 468 quin

112 501 170 559 tur,
184 498 303 562 excepto
326 489 381 545 boc
406 489 484 559 quod
499 489 599 560 gennit
622 489 706 546 Pater
732 489 849 558 Filium,
865 497 893 545 et
907 503 958 546 ex·
1012 504 1047 546 ea
1069 491 1245 561 quandoque
1269 487 1442 559 iaciatque
1466 487 1544 554 lacit,
1559 487 1615 543 nisi
1638 499 1673 544 oa
1695 484 1858 543 necessario

111 588 191 652 cepto
206 580 260 636 boc
274 578 351 648 quod
376 576 467 634 Filius
486 592 544 633 non
567 591 604 633 ειι
620 578 771 648 semetipso
795 585 882 634 uatus
905 585 956 645 εει,
1011 578 1188 651 quandoque
1204 577 1318 635 laciatl
1334 577 1412 633 Facit
1426 583 1525 633 autem
1549 575 1629 632 bunc
1643 573 1797 632 bominem
1814 573 1859 630 bo

112 670 160 726 sed
177 669 211 724 de
235 667 328 732 Patre,
344 672 396 720 aut
411 664 545 721 inridens
561 673 611 721 aut
635 665 776 735 impotens
804 666 896 734 Pater,
913 665 958 721 in·
1010 681 1083 723 num
1100 680 1234 723 :necesse
1248 673 1290 722 est
1304 679 1373 737 ergo
1388 665 1467 722 buno
1482 662 1630 721 bominem
1645 662 1761 719 bonum
1787 657 1860 727 lieri,

102 758 198 827 'snper
210 754 299 812 otiam
313 752 480 824 temporalis
502 753 632 809 nascitur
647 753 711 823 (35).
733 776 747 803 ι
1013 770 1065 812 uec
1079 754 1237 812 ullomodo
1255 768 1324 810 eum
1348 753 1480 810 damnari
1509 766 1600 823 posse,
1634 751 1715 822 quod
1741 748 1861 806 omnino

146 845 214 900 tlaec
229 843 328 912 itaque
349 841 470 904 ratione,
491 854 551 911 qua
575 841 760 899 convincitur
784 842 855 912 quia
882 842 959 899 Deus
1012 843 1116 900 laisum
1129 851 1181 900 est.
1197 843 1341 913 Scriptum
1356 842 1463 913 quippe
1476 848 1518 897 est
1533 841 1570 897 ad
1583 836 1787 910 landemjustl
1807 835 1863 893 rin'

111 932 195 1010 Pater
209 938 268 987 tam
284 929 393 986 bonum
407 929 541 1001 genuerit
574 928 680 986 Filium
695 938 838 1000 quantum
852 931 957 1001 potuit,
1012 931 1047 988 de
1061 946 1104 1000 eo,
1121 934 1169 1002 qui
1188 935 1279 1001 potati
1301 931 1461 999 transgredi
1476 934 1501 983 et
1514 943 1569 984 non
1589 929 1629 983 erl
1653 930 1858 995 conspersam,

111 1033 178 1078 eum
201 1017 334 1077 videlicet
349 1017 435 1074 aliter
449 1030 517 1074 reus
538 1024 611 1073 esset
636 1017 763 1083 invidiae,
790 1017 903 1074 clarum
917 1026 959 1075 est
1012 1022 1102 1088 faeere
1117 1022 1228 1075 maleel
1241 1035 1296 1074 non
1314 1021 1379 1087 feeit
1398 1018 1492 1089 (neele
1516 1031 1605 1083 xxxi,
1623 1017 1676 1084 llil.
1706 1014 1862 1083 Scriptum

111 1116 139 1166 et
154 1107 252 1165 omnia
276 1120 342 1177 quae
370 1105 439 1163 iacit
454 1113 597 1176 quantum
619 1112 711 1176 potest
725 1107 841 1178 egregia
854 1106 956 1174 lacere,
1013 1122 1130 1180 quoquc
1144 1108 1272 1177 estquod
1291 1107 1415 1177 potuerit
1430 1107 1506 1162 Deus
1520 1105 1576 1160 alio
1602 1101 1687 1160 modo
1700 1114 1798 1174 quam
1825 1098 1862 1156 lo-

111 1195 272 1254 neeullum
298 1193 482 1250 commodum
503 1193 581 1264 quod
595 1193 724 1250 conferre
738 1196 825 1263 possit
840 1195 957 1251 subtra·
1012 1198 1083 1254 oerit
1116 1197 1279 1254 humanum
1308 1207 1400 1266 genus
1426 1193 1576 1272 redimere.
1612 1189 1693 1248 Unde
1720 1197 1766 1246 est
1792 1187 1862 1245 illud

112 1286 181 1343 bere
196 1284 278 1342 velle.
296 1282 373 1339 Nihil
390 1283 496 1353 quippe
510 1290 551 1339 est
575 1283 652 1354 quod
669 1290 720 1339 aut
742 1283 827 1340 iaciat
847 1291 898 1341 aut
916 1284 957 1339 di·
1013 1286 1090 1343 beati
1114 1284 1271 1356 Augustini
1285 1283 1314 1339 in
1329 1282 1404 1339 libro
1417 1281 1605 1337 DeTriuitatc
1633 1293 1696 1345 ιιιιι,
1714 1291 1783 1349 cap.
1802 1278 1857 1332 lo:

111 1374 217 1440 mittat,
245 1371 302 1428 uisi
323 1372 432 1442 optima
457 1378 485 1428 ει
507 1370 671 1428 rationabili
693 1385 792 1439 causa,
821 1371 888 1427 licet
909 1371 959 1428 illa
1014 1395 1029 1425 «
1044 1375 1109 1438 Eos,
1126 1374 1230 1444 inquit,
1256 1371 1307 1442 qui
1331 1371 1451 1426 dicunt:
1477 1370 1558 1426 itane
1568 1367 1659 1425 deluit
1674 1367 1737 1424 beo
1762 1364 1862 1424 modos

111 1475 171 1531 non
197 1458 311 1517 occulta
331 1460 377 1515 sit.
410 1459 492 1517 Unde
518 1467 546 1515 et
570 1458 643 1516 illud
680 1466 722 1516 est
749 1459 956 1516 Platonicum:
1013 1464 1157 1533 aliusque
1176 1461 1314 1518 liberaret
1331 1457 1518 1524 homines,ut
1536 1455 1725 1528 unigenitum
1754 1452 1858 1511 Filium

113 1571 128 1600 «
142 1550 234 1607 Omne
246 1547 326 1620 quod
340 1548 481 1619 gignitur,
503 1547 654 1617 exaliqua
677 1561 766 1604 causa
780 1549 958 1605 neccessaria
976 1580 997 1635 Β
1014 1551 1160 1608 bominem
1180 1548 1243 1605 lieri
1260 1546 1354 1615 vellet,
1374 1545 1584 1616 mortalemque
1611 1543 1724 1601 lactum
1742 1549 1859 1600 morton

113 1637 253 1710 gignitur.
277 1634 356 1693 Nihil
365 1635 442 1691 enim
467 1634 517 1704 nt,
534 1636 620 1705 cujus
636 1643 733 1693 ortum
752 1650 812 1693 nou
831 1636 960 1707 legitima
1014 1636 1148 1712 perpeti?
1177 1650 1279 1707 parum
1293 1642 1335 1692 εει
1349 1634 1390 1690 sic
1404 1632 1545 1702 relellere,
1561 1639 1594 1690 ut
1618 1632 1704 1689 istum
1733 1629 1858 1697 modurn,

112 1739 201 1783 causa
217 1733 246 1783 et
261 1725 335 1782 ratio
354 1725 505 1796 precedat.
523 1744 538 1773 »
559 1724 633 1782 ilinc
657 1733 686 1781 et
700 1725 773 1781 illud
800 1731 842 1783 est
856 1725 960 1797 Augu·
1015 1742 1073 1800 quo
1088 1741 1141 1784 uos
1154 1724 1278 1782 liberare
1304 1723 1448 1794 dignatur,
1475 1713 1639 1778 asseramus
1655 1718 1794 1787 bouum;
1814 1731 1856 1776 rc·

112 1815 191 1884 stini,
208 1828 274 1872 eum
290 1813 432 1870 omniaiu
454 1813 565 1869 mundo
584 1812 646 1869 lieri
663 1812 708 1869 rel
728 1813 841 1884 disponi
862 1813 961 1870 divina
1015 1830 1081 1874 rum
1093 1815 1180 1872 otiam
1197 1820 1230 1869 ut
1244 1812 1429 1869 ostendamus
1448 1823 1505 1866 non
1530 1808 1620 1865 alium
1648 1807 1773 1865 modum
1799 1818 1858 1878 poe

112 1903 294 1975 providentia
308 1900 502 1968 convinceret,
518 1905 546 1958 el
561 1901 635 1957 nibil
649 1915 730 1969 casu,
753 1900 825 1957 nibil
841 1901 961 1959 lortuitu
1016 1903 1127 1961 sibilem
1154 1902 1212 1960 Deo
1234 1899 1369 1963 defuisse.
1394 1899 1481 1969 cujus
1505 1896 1636 1968 potestati
1651 1903 1762 1953 cuncta
1782 1906 1858 1967 aput

112 1991 239 2058 evenire,
270 1989 317 2048 sed
341 1989 438 2046 omnia
468 2003 504 2046 ex
529 1989 630 2046 divino
654 1990 808 2059 provenire
831 1989 958 2046 consilio.
1015 1992 1175 2063 subjacent.
1192 1987 1245 2045 Sed
1260 1987 1397 2044 sananda
1417 1993 1523 2042 nostrae
1546 1984 1669 2042 miseric
1688 1983 1858 2042 convenien-

113 2079 162 2137 Alt
186 2080 292 2152 quippe
317 2078 358 2136 sic
383 2078 580 2146 Questiouum
607 2080 651 2146 83,
667 2092 731 2148 cap.
761 2079 795 2133 ιι
812 2093 848 2131 ιι
866 2078 956 2142 Quid·
1017 2083 1116 2138 tiorem
1139 2077 1232 2134 alium
1252 2075 1370 2131 modum
1395 2089 1455 2130 nou
1484 2073 1573 2130 luisse
1589 2089 1597 2141 ;
1613 2086 1667 2129 cur
1696 2086 1760 2130 uon
1783 2070 1849 2128 dere

112 2167 263 2238 quidcasu
280 2167 320 2235 lit,
339 2174 446 2223 temere
467 2166 498 2224 fit
514 2184 521 2234 ;
538 2166 681 2237 quidquid
711 2174 817 2223 temere
836 2166 877 2233 fit,
903 2179 963 2221 non
1016 2182 1094 2224 mors
1108 2164 1224 2232 christi,
1246 2164 1306 2219 imo
1324 2176 1378 2219 eur
1398 2176 1455 2218 non
1476 2159 1674 2232 pretermissis
1693 2159 1860 2217 innumora-

113 2255 145 2311 llt
160 2254 351 2326 providentia.
367 2254 394 2311 Si
408 2268 477 2325 ergo
506 2267 575 2309 casu
588 2254 687 2323 aliqua
707 2253 782 2310 liunt
796 2254 826 2309 in
841 2252 962 2320 mundo,
1017 2255 1124 2312 bilibus
1138 2253 1241 2319 modis,
1254 2251 1363 2323 qrribus
1377 2251 1413 2307 ad
1435 2264 1487 2306 nos
1509 2248 1673 2307 liberandos
1698 2247 1745 2305 uti
1771 2252 1861 2318 postet

113 2355 172 2399 nou
185 2340 369 2411 providentia
381 2341 537 2397 universus
564 2342 693 2397 mundus
703 2341 933 2398 administratur.
946 2362 961 2392 »
1016 2342 1210 2412 omnipotens,
1226 2339 1289 2411 ipsa
1304 2339 1486 2410 potissimum
1500 2337 1666 2410 eligeretur.
1685 2336 1782 2393 nltem
1792 2335 1859 2406 loll:

114 2432 186 2486 item
204 2445 211 2485 ε
232 2450 246 2478 «
266 2427 341 2485 illud
373 2428 493 2495 bonum,
520 2428 607 2498 eujus
643 2429 863 2499 participatione
892 2438 963 2487 sunt
1020 2434 1161 2487 «Poterat
1179 2430 1281 2500 otique
1303 2429 1379 2484 Deus
1398 2427 1542 2484 bominem
1562 2425 1681 2483 aliunde
1703 2425 1859 2496 suscipere,

114 2517 191 2575 bona
218 2524 331 2584 cetera,
355 2531 415 2573 non
441 2531 493 2587 per
519 2516 609 2586 aliud,
634 2517 683 2574 sed
707 2531 758 2588 per
778 2518 963 2589 semetipsum
1017 2521 1117 2591 inquo
1136 2524 1164 2575 et
1178 2525 1251 2575 εεεει
1270 2516 1409 2574 Mediator
1423 2515 1472 2572 liei
1492 2522 1520 2572 et
1546 2514 1711 2583 bominum,
1743 2526 1804 2571 uon
1829 2511 1860 2568 ιιε

115 2607 223 2664 bouum
239 2614 290 2663 εει.
307 2604 387 2672 Quod
413 2604 546 2661 divinam
557 2607 644 2662 etiam
673 2606 884 2676 providentiam
911 2621 960 2664 vo·
1019 2622 1124 2681 genere
1135 2606 1214 2664 illius
1232 2606 1336 2673 Adam,
1351 2606 1426 2661 siout
1439 2603 1521 2660 illum
1535 2617 1621 2673 quem
1639 2603 1773 2673 primum
1789 2612 1860 2658 crea·

114 2709 225 2754 mmus.
243 2714 257 2748 ι
276 2694 353 2750 Nibil
366 2694 456 2766 igitur
469 2708 539 2755 casu
556 2694 588 2750 ιιι
603 2694 632 2750 ιι
652 2695 772 2751 mundo.
789 2695 822 2752 ln
849 2703 963 2753 tantum
1017 2698 1070 2765 rit,
1087 2709 1145 2752 non
1164 2695 1199 2752 de
1216 2708 1320 2765 genere
1337 2692 1445 2749 creavit
1460 2691 1593 2762 alicujus.
1623 2691 1740 2747 Poterat
1755 2688 1802 2747 rel
1813 2687 1859 2754 sie,
1880 2686 1884 2703 '

115 2793 222 2852 autem
240 2784 270 2840 in
284 2783 420 2839 omnibus
436 2797 502 2853 quae
515 2783 591 2839 Deus
606 2782 683 2851 lacit,
700 2784 778 2854 quod
800 2783 908 2840 bonum
922 2790 965 2840 εει
1017 2789 1064 2842 vel
1079 2784 1134 2841 alio
1146 2797 1205 2854 quo
1216 2782 1300 2839 vellet
1314 2780 1397 2837 modo
1412 2794 1510 2837 creare
1528 2777 1733 2843 unumalium,
1760 2777 1861 2848 dequo

116 2871 247 2938 attendit,
271 2878 304 2926 ut
325 2870 386 2941 ipso
404 2870 472 2927 boni
488 2871 577 2940 pretio
597 2871 798 2942 potiusquam
825 2871 963 2927 volunta·
981 2869 1002 2925 G
1019 2874 1186 2931 vinceretur
1207 2872 1302 2928 victor
1322 2869 1442 2940 prioris.
1461 2867 1513 2926 Sed
1536 2867 1639 2924 melius
1662 2862 1861 2935 iudicaritis

117 2959 227 3017 tissone
241 2958 324 3014 libito
345 2957 380 3014 ad
394 2956 657 3030 singulalaoienda
681 2957 819 3013 inclinari
836 2957 960 3015 dicatur.
1018 2962 1078 3032 ipso
1116 2960 1194 3031 quod
1218 2960 1330 3016 victum
1356 2957 1450 3013 luerat
1478 2968 1582 3028 genere
1601 2953 1757 3012 bominum
1786 2965 1859 3009 assu·

116 3047 193 3103 ilinc
215 3053 256 3103 est
278 3045 350 3102 illud
376 3045 545 3115 Hieronymi
561 3045 591 3100 in
619 3044 796 3114 expositione
822 3045 963 3101 versionis
1018 3063 1135 3106 mere.»
1164 3049 1233 3104 item
1250 3047 1280 3102 in
1304 3045 1377 3102 libro
1392 3045 1586 3111 Quaestionum
1599 3041 1704 3100 veteris
1724 3048 1755 3098 ει
1783 3051 1860 3097 nora

116 3149 204 3206 super
226 3133 372 3190 Danielem
388 3148 429 3200 ιιι,
446 3132 545 3189 ubido
561 3133 673 3188 [leosic
698 3132 965 3189 Nabuchodonosor
1018 3137 1089 3208 legis
1106 3153 1113 3192 ε
1131 3158 1141 3187 ι
1159 3136 1254 3193 Potuit
1268 3136 1346 3191 Deus
1363 3133 1452 3190 simul
1467 3140 1572 3189 cuncta
1592 3131 1696 3200 lacere,
1716 3130 1769 3188 sed
1793 3129 1858 3187 ratio

117 3221 371 3293 inquirentium
388 3219 555 3275 uoluntatem
571 3222 730 3273 enimsuam
752 3221 821 3287 socii
836 3219 891 3291 (36)
908 3226 977 3275 tom.
1019 3224 1177 3296 prohibuit.
1209 3224 1367 3280 »ltemti
1400 3223 1514 3278 Poterat
1536 3220 1666 3276 animam
1690 3217 1760 3276 limo
1782 3224 1857 3276 tem
1901 3211 1902 3246 ³

115 3311 146 3363 in
159 3311 226 3364 wli
241 3323 321 3376 ittam
335 3311 365 3361 111
380 3311 463 3374 terra,
483 3312 507 3362 et
526 3322 580 3362 non
599 3311 640 3361 ert
666 3309 713 3376 qul
732 3311 843 3363 resistat
866 3312 963 3364 monui
1018 3313 1185 3379 admiscere,
1201 3319 1229 3368 et
1245 3312 1287 3368 sic
1308 3311 1433 3368 lormare
1448 3324 1562 3380 corpus,
1583 3309 1632 3366 sed
1647 3309 1762 3365 ratione
1786 3304 1857 3364 intir-

116 3396 186 3465 ejuo,
209 3400 235 3448 et
259 3394 333 3449 dicat
355 3409 403 3448 cor
416 3395 507 3461 feristi
529 3393 543 3450 ι
565 3395 643 3466 (boa.
664 3409 702 3464 tv,
715 3396 772 3467 ιι.)
794 3418 806 3447 ι
836 3396 870 3452 Et
892 3397 955 3465 boc,
1019 3402 1164 3468 mabatur,
1181 3401 1250 3472 quia
1265 3401 1393 3472 primum
1408 3399 1557 3471 oportebat
1571 3398 1690 3455 domum
1719 3394 1857 3469 compagi

118 3483 215 3554 inquit
246 3483 446 3552 Ηῐθῐῡιιιῦιιιι,
473 3480 605 3553 loquitur
628 3484 715 3555 ‘lilasi
741 3484 826 3541 h0¹110
854 3484 962 3543 saeculi.
1019 3491 1083 3549 uari
1098 3498 1126 3546 et
1148 3489 1191 3546 sio
1212 3489 1403 3546 habitatorem
1419 3489 1531 3545 induci.
1552 3485 1701 3543 »ldemm
1729 3483 1856 3543 Encbirr‘·

115 3571 179 3629 Non
193 3572 272 3628 euim
286 3572 363 3642 quod
380 3572 506 3628 rultboc
519 3571 597 3639 lacit,
614 3571 662 3627 sed
679 3572 756 3643 quod
778 3573 887 3630 bonum
911 3581 962 3637 εει,
1018 3579 1087 3637 dion
1102 3596 1109 3635 :
1125 3601 1136 3630 ι
1153 3577 1362 3648 omnipotentis
1376 3577 1511 3634 voluntas
1538 3575 1616 3632 mala
1637 3589 1699 3632 esse
1712 3585 1856 3646 nunquan

117 3661 172 3718 boo
185 3660 249 3717 vult
269 3661 356 3716 Deus.
380 3659 645 3716 Nabuchodonosor
656 3668 753 3717 autern
783 3663 825 3717 sie
851 3661 964 3718 locutus
1018 3675 1119 3739 potest.
1136 3670 1277 3724 Praeterea
1301 3666 1393 3722 multa
1406 3672 1498 3736 potest
1512 3664 1615 3732 lacere,
1643 3677 1712 3734 quae
1726 3677 1783 3721 nec
1800 3659 1855 3719 lacit
1897 3720 1900 3733 ,

116 3756 167 3818 111,
184 3754 216 3805 111
230 3748 301 3833 (111111
316 3749 475 3819 potentiam
499 3747 548 3804 Dii
564 3747 721 3820 Piaediffllt
748 3750 891 3821 justitiam
902 3752 965 3822 el'tls
1018 3772 1071 3814 nec
1086 3757 1159 3814 rult.
1174 3755 1270 3812 Potuit
1284 3755 1361 3811 onim
1375 3753 1534 3811 allicerent
1560 3752 1715 3810 duodecim
1740 3751 1856 3824 legiones
1897 3738 1900 3751 '

116 3838 250 3895 videatur
276 3850 409 3907 arguere,
425 3837 504 3908 quod
526 3837 669 3894 immerito
689 3852 789 3908 poeuas
819 3839 964 3896 sustinue·
1018 3845 1358 3917 angelorumpugnarent
1371 3851 1472 3899 contra
1486 3841 1590 3912 eosqui
1600 3853 1668 3897 eum
1686 3843 1854 3912 ceperunt..

116 3927 164 3985 111·
182 3949 197 3978 11
210 3926 277 3983 Tale
300 3940 369 3997 er8⁰
398 3933 440 3982 131
462 3925 540 3996 (111011
561 3927 601 3982 1111
625 3926 818 3996 Η11101ι111113
840 3943 847 3981 ²
866 3947 877 3976 ⁸
901 3926 964 3983 Non
1017 3932 1359 4005 Evangelistablatlbeeus
1374 3947 1381 3986 :
1398 3953 1409 3982 ι
1425 3932 1665 4000 deputatisque
1679 3944 1735 3985 aon
1754 3943 1859 4003 possum

116 4015 195 4072 enim
210 4015 288 4086 quod
310 4014 374 4071 vult
389 4015 443 4070 boc
458 4013 534 4082 lacit,
552 4014 600 4070 sed
616 4015 694 4084 quod
723 4013 831 4071 bouum
847 4023 889 4072 est
911 4016 965 4071 boc
1017 4037 1115 4091 rogare
1145 4024 1266 4086 Patrem,
1302 4025 1328 4075 et
1364 4019 1500 4074 exhibebit
1521 4019 1588 4074 mihi
1613 4018 1696 4074 modo
1718 4017 1860 4088 plusquam

116 4104 288 4174 vullDeus3
305 4117 338 4160 ac
356 4102 380 4157 si
401 4102 525 4159 diceret:
542 4104 575 4157 ln
600 4102 736 4159 omnibus
762 4104 861 4174 itaque
889 4097 1295 4178 Deustuodecimleqiones
1324 4109 1481 4176 angelorum
1502 4105 1516 4163 Y
1540 4107 1649 4178 (Mallb.
1671 4119 1757 4175 mr,
1778 4107 1859 4177 ⁵³·l·

117 4206 184 4264 quae
198 4191 265 4248 tacit
289 4199 340 4249 aut
361 4190 491 4257 dimittit,
509 4190 709 4247 rationabilem
738 4190 823 4248 babet
847 4205 964 4248 oausam
1020 4199 1091 4255 leem
1107 4213 1114 4251 :
1131 4213 1147 4251 o
1165 4197 1286 4251 Tunein
1315 4193 1477 4251 clarissima
1506 4192 1657 4263 sapientie
1678 4192 1743 4250 lure
1757 4192 1861 4250 ridebi-

117 4303 171 4346 cur
185 4288 222 4345 ab
236 4301 270 4344 eo
280 4287 445 4344 laciendum
453 4288 490 4343 sit
503 4293 555 4342 aut
570 4286 785 4344 dimittendum.
1023 4293 1081 4353 tur,
1099 4284 1176 4357 quod
1190 4282 1347 4339 nunciides
1362 4281 1457 4350 babet,
1478 4294 1567 4351 quam
1581 4289 1657 4338 corto
1676 4281 1861 4339 immutabilis

153 4385 183 4442 Si
199 4386 289 4457 igitur
315 4385 387 4441 ratio
415 4391 457 4441 est
494 4398 547 4441 cur
561 4383 654 4441 lacere
677 4392 729 4441 aut
744 4384 886 4443 dimittere
912 4385 959 4442 de·
1022 4370 1431 4429 θ11111111131111111110111111113
1459 4370 1627 4440 bei,quam
1650 4368 1745 4426 multa
1779 4368 1861 4442 1101111

119 4482 193 4548 Μ,
218 4480 344 4552 profecto
358 4480 395 4536 ab
411 4494 444 4536 90
472 4479 628 4537 peridem
657 4487 708 4538 aut
739 4481 857 4538 dimini,
886 4481 966 4546 Quod
1021 4468 1049 4517 ει
1076 4473 1135 4516 non
1162 4458 1240 4522 velit,
1259 4458 1331 4515 nibil
1356 4456 1537 4514 autemrelit
1562 4457 1641 4528 quod
1655 4471 1715 4514 non
1728 4459 1831 4529 possit.
1851 4476 1860 4509 ι

118 4585 217 4636 autem
230 4577 266 4634 ab
283 4591 316 4633 eo
330 4576 392 4633 lieri
414 4575 496 4633 debet
524 4577 669 4648 quomodo
691 4578 835 4635 dimittere
863 4586 965 4649 potest,
1020 4548 1098 4604 mem
1120 4548 1151 4604 ¹¹²
1178 4546 1254 4605 hbm
1283 4548 1324 4604 ⁰⁰
1345 4546 1451 4617 spirim
1473 4553 1500 4602 ‘³‘
1519 4544 1668 4603 “³³³³
1696 4546 1861 4604 ΛΜΝ

117 4675 164 4733 vel
179 4674 255 4747 quod
264 4674 342 4730 euim
351 4672 420 4730 iacit
433 4674 510 4744 quod
523 4674 641 4730 omnino
650 4673 967 4732 abeoiiorinoueonre·

117 4773 172 4841 nit,
188 4787 246 4830 nou
274 4780 350 4830 reete
378 4773 446 4844 agit.
464 4773 540 4830 Deus
559 4779 655 4828 autem
671 4785 738 4828 cum
770 4770 882 4843 aliquid
906 4785 966 4827 om·

118 4873 188 4929 nino
203 4872 321 4929 dimittit
335 4878 437 4927 utnon
456 4870 551 4939 iaciat,
576 4870 655 4926 videt
669 4869 794 4940 prolecto
822 4883 913 4941 quare
928 4870 965 4927 ab

1021 4635 1072 4694 tibi
1098 4635 1216 4692 videtur
1239 4634 1295 4692 dici
1328 4633 1440 4705 aliquid
1480 4633 1542 4690 lieri
1570 4647 1659 4703 posse,
1685 4635 1776 4706 eujus
1798 4634 1861 4692 deit

1019 4724 1196 4796 exemplum,
1225 4736 1293 4780 oum
1309 4723 1384 4780 sieut
1399 4722 1484 4779 credo
1498 4735 1558 4779 uon
1572 4722 1687 4779 dubites
1710 4736 1860 4796 nunquam

1020 4828 1080 4870 esse
1093 4813 1201 4870 lactum
1218 4820 1250 4868 ut
1262 4826 1312 4882 per
1326 4811 1454 4868 loramen
1470 4823 1540 4867 acus
1566 4809 1695 4867 camelus
1710 4813 1860 4876 transiret:

1019 4909 1047 4959 et
1064 4909 1161 4958 tamen
1177 4901 1225 4957 ille
1239 4901 1293 4957 boo
1307 4913 1425 4971 quoque
1439 4898 1511 4955 dixit
1524 4899 1581 4956 ileo
1604 4912 1665 4955 esse
1688 4901 1835 4971 possibile.
1850 4921 1859 4948 ι

17 5008 21 5016 .
117 4984 150 5025 ει
166 4982 320 5041 uunquam
343 4969 380 5025 sit
399 4967 563 5024 laciendum
580 4966 644 5039 (37).
666 4967 746 5034 Quod
760 4974 825 5036 ‚tam
848 4981 865 5023 a
888 4969 965 5024 veri·
1019 4992 1090 5047 nem
1105 5005 1113 5046 :
1131 5012 1145 5040 ,,
1159 4989 1208 5044 ffis
1227 4989 1295 5045 addi
1318 4994 1439 5059 possum
1457 4987 1543 5043 egam
1560 4985 1609 5044 pp,
1636 5001 1705 5058 (μω
1729 4989 1861 5061 regumn,

118 5071 176 5123 11111
194 5078 285 5137 quam
311 5078 328 5121 11
352 5071 677 5122 10111111110111111111
703 5063 860 5135 opinione:
886 5064 964 5136 (1⁰0⁶
1019 5077 1050 5134 iu
1072 5076 1145 5134 libro
1170 5074 1344 5147 Sapientia:
1375 5075 1517 5141 Quoniam
1546 5074 1640 5133 multa
1667 5084 1767 5146 posset
1792 5089 1859 5135 nort

74 5162 84 5171 '
117 5171 215 5220 tamen
229 5162 409 5234 postmodum
424 5162 449 5218 si
461 5160 620 5232 poterimus
635 5161 734 5233 aliqua
749 5161 884 5219 liniemus
910 5174 961 5218 ex·
1019 5171 1161 5221 tormenta
1180 5164 1256 5221 lleus
1270 5177 1404 5221 exercere
1418 5165 1449 5218 in
1474 5163 1585 5235 impios,
1615 5165 1651 5222 ad
1680 5174 1792 5224 nutum
1811 5165 1857 5224 sibi

154 5286 201 5355 (ab
228 5284 348 5352 introd,
363 5286 534 5367 agnoscitur.
584 5358 589 5368 ι
656 5357 662 5369 ·
849 5358 854 5370 Ι
1054 5285 1110 5357 (37)
1129 5284 1291 5368 Vereorne
1316 5284 1427 5358 aliquid
1440 5285 1496 5343 boc
1525 5284 1587 5343 loco
1616 5285 1699 5357 desit,
1729 5288 1857 5349 ominum
1891 5354 1894 5367 .

117 5286 312 5480 tnixatklpnd
333 5355 479 5414 Danielem
499 5360 556 5412 tom
578 5371 608 5412 m
632 5355 782 5413 vertutibus
796 5357 856 5414 cult
882 5371 964 5423 guam
1017 5356 1089 5413 lorte
1112 5363 1259 5483 scriptoris
1272 5356 1433 5414 oscitantia.
1889 5374 1893 5395 ¹

123 5425 129 5439 “
241 5425 364 5481 oloribus
374 5427 442 5481 coeli.
1053 5426 1108 5498 (³8)
1123 5427 1165 5484 lbi
1188 5467 1206 5497 .,
1218 5441 1245 5483 c.
1264 5428 1303 5484 tt.
