3804 5962
761 245 815 304 SIC
828 246 871 303 ET
888 246 971 305 NON.
1362 257 1366 267 ’
1611 270 1617 282 =
1684 246 1752 306 titt

79 368 91 426 ι
114 367 198 439 plura
222 374 349 438 peccata,
365 367 390 423 si
411 380 505 424 nuum
528 367 621 438 ipsum
643 367 673 424 in
695 383 750 426 sua
765 371 849 442 quasi
865 372 889 426 A
905 370 1115 438 benevolentia,
1129 385 1189 442 qua
1204 371 1378 442 plerumque
1390 370 1422 427 ιι
1440 379 1472 428 ιιι
1487 368 1652 429 odendatur
1666 374 1752 445 bens,

78 458 130 515 bra
144 455 263 527 singula
288 454 447 512 dividatur.
471 455 544 513 Nam
559 463 586 514 et
600 458 737 528 superbia
758 466 800 516 est
812 459 850 516 il·
905 476 942 518 ns
957 461 1041 517 bomo
1063 475 1100 518 ex
1123 460 1215 517 amico
1239 460 1289 517 liat
1306 459 1458 516 iuimicus:
1475 458 1553 532 quod
1576 473 1645 517 eum
1659 459 1753 520 lacere

79 545 143 617 puia
168 545 254 601 homo
269 544 299 600 iu
314 558 368 600 sua
384 545 479 615 potius
500 559 668 616 essequam
684 546 714 602 in
736 547 784 604 Dei
801 562 850 619 po·
905 564 964 606 uon
982 550 1125 618 debuisse,
1142 550 1250 606 divium
1264 549 1413 606 sententiae
1424 548 1523 619 justus
1537 546 1631 606 exitus
1645 548 1753 607 indica·

79 643 100 691 te
115 633 233 702 dilexit;
257 640 285 689 ιι
300 633 494 705 sacrilegium,
512 635 583 705 quia
605 636 662 691 Deo
677 648 736 691 uon
756 636 848 693 credi·
904 639 955 696 vit.
980 639 1057 710 Ergo
1087 638 1143 694 alio
1171 638 1298 708 quodam
1319 635 1402 692 modo
1418 635 1478 705 ipsc
1500 634 1588 691 etiam
1615 635 1752 706 deceptus

79 729 101 778 et
116 721 317 786 homicidium,
337 722 407 793 quia
422 736 451 779 ιι
466 722 655 793 precipitavit
668 723 698 779 in
711 732 847 795 mortem;
903 735 962 785 est:
989 728 1037 784 scd
1062 727 1125 784 dolo
1151 727 1200 784 illo
1223 716 1476 797 serpentiumque
1501 723 1608 780 mulier
1631 724 1751 782 seducta

79 810 190 867 'uicatio
205 811 377 881 spiritualis,
403 812 473 882 quia
496 812 648 882 integritas
670 813 776 869 mentis
794 814 846 870 bu·
903 828 954 884 est,
983 816 1063 874 uullo
1089 817 1173 874 modo
1206 815 1289 872 illum
1317 813 1445 871 arbitror
1482 813 1608 884 potuisse
1639 804 1749 871 seduci.

79 915 93 957 ι
107 901 279 970 ιιηιιιιιιιιι
304 900 438 956 suasione
456 908 593 972 corrupta
606 908 648 958 est
658 917 668 972 ;
683 908 711 958 et
723 900 847 974 lurtum,
902 906 983 961 lianc
996 914 1093 963 autem
1110 905 1225 976 proprio
1245 904 1440 960 seductionem
1461 900 1616 973 appellavit
1629 901 1752 973 Aposto-

92 988 176 1045 cibus
200 988 365 1059 prohibitus
390 997 548 1059 usurpatus
581 992 845 1058 es13etavaritia,
901 994 956 1061 lus,
979 1008 1038 1066 qua
1063 995 1090 1051 ιιι
1117 995 1194 1066 qnod
1221 993 1408 1057 suadebatur,
1435 1005 1503 1047 curn
1531 989 1639 1047 laisum
1663 998 1749 1063 esset,

85 1076 160 1148 plus,
184 1091 275 1148 quam
302 1077 378 1147 qrrod
400 1076 531 1134 sulficere
552 1078 663 1147 debuit,
688 1080 844 1150 appetivit;
901 1098 1002 1140 verum
1019 1090 1154 1154 putatum
1170 1090 1222 1150 est,
1239 1081 1324 1138 idest
1339 1079 1415 1151 qnod
1431 1081 1507 1137 Deus
1532 1079 1594 1137 ideo
1614 1079 1751 1153 [lignum]

79 1165 150 1238 qnid
174 1164 252 1221 aliud
270 1165 299 1220 in
320 1166 373 1221 boc
389 1180 447 1222 uno
464 1165 588 1222 admisso
607 1167 735 1239 diligenti
752 1170 847 1226 consi·
901 1170 973 1227 illud
989 1179 1107 1243 tangere
1129 1167 1319 1240 prohibuerit,
1336 1168 1414 1238 quod
1437 1167 1545 1224 sciebat
1566 1181 1623 1236 eos,
1641 1167 1666 1224 si
1685 1166 1748 1224 teti·

79 1255 143 1310 ione
168 1253 294 1310 inveniri
322 1261 423 1324 potest.
449 1257 520 1310 Item
542 1272 602 1327 cup.
620 1256 721 1314 XLVl:
740 1259 775 1312 ln
788 1260 846 1313 ini·
901 1259 1019 1330 gissent,
1034 1260 1114 1316 velut
1128 1261 1201 1316 Deos
1215 1258 1338 1326 futuros,
1355 1264 1496 1327 tanquam
1510 1257 1552 1313 eis
1566 1256 1748 1315 divinitatem

79 1342 149 1397 libus
175 1347 318 1421 conceptus
333 1359 392 1398 sum
414 1348 440 1398 ct
460 1347 491 1398 in
506 1344 612 1400 delictis
635 1350 722 1401 moter
742 1362 803 1401 meo
815 1348 845 1400 in
901 1346 1051 1405 invideret.
1067 1348 1194 1403 Ambros.
1211 1350 1240 1403 in
1258 1347 1452 1402 Hecuemeron
1472 1345 1506 1400 rte
1521 1345 1567 1401 die
1585 1346 1608 1399 V
1627 1360 1634 1401 :
1655 1345 1749 1404 Adam

91 1447 133 1485 me
147 1431 216 1485 oluit
232 1432 316 1502 (Psoi.
341 1447 365 1495 ι,
393 1431 432 1504 7).
456 1432 555 1504 Neque
572 1434 619 1490 bic
640 1433 715 1490 dixit
736 1435 767 1490 in
787 1434 845 1491 ini·
901 1450 952 1507 per
964 1437 1055 1493 Eram
1079 1438 1215 1508 deceptus
1238 1442 1291 1502 est,
1314 1449 1372 1491 non
1386 1434 1448 1490 Eva
1467 1447 1519 1504 per
1532 1433 1636 1491 Adam.
1657 1433 1748 1502 Quem

81 1528 107 1577 te
119 1519 164 1576 vel
179 1521 209 1576 iu
226 1528 351 1591 peccato,
369 1536 435 1578 cnm
449 1530 477 1578 et
492 1521 546 1577 boc
569 1529 645 1578 recte
668 1523 725 1580 dici
740 1527 844 1593 posset,
899 1525 1014 1581 vocavit
1037 1525 1072 1582 ad
1097 1525 1211 1595 culpam
1235 1523 1349 1591 mulier,
1365 1523 1477 1594 justum
1500 1530 1543 1579 ost
1565 1529 1599 1579 ut
1613 1535 1681 1580 eum
1694 1537 1748 1594 gu·

79 1609 227 1681 niquitates
242 1617 270 1666 et
294 1618 410 1680 peccata
424 1610 519 1667 dicere
546 1611 657 1668 maluit.
677 1611 750 1680 Quia
764 1620 792 1668 et
814 1612 844 1667 in
898 1612 1080 1671 bernatorum
1106 1619 1245 1679 assumat,
1272 1627 1309 1669 ne
1335 1613 1439 1668 iterum
1463 1611 1588 1668 leminea
1612 1609 1749 1670 facilitate

80 1713 118 1755 uo
139 1699 169 1754 in
193 1713 292 1756 omnes
316 1698 446 1756 homiues
470 1700 645 1770 pertransiit,
672 1708 759 1772 atque
784 1707 844 1757 tam
859 1709 881 1765 s
897 1703 1023 1761 labatur.
1052 1703 1214 1758 Paschasius
1236 1705 1275 1757 lie
1298 1717 1409 1772 corpore
1424 1705 1450 1757 et
1467 1702 1601 1769 sunguine
1626 1701 1743 1770 Domini,

79 1802 137 1844 tum
160 1795 212 1857 ιιι,
235 1794 267 1844 ut
287 1787 317 1843 in
337 1802 370 1844 eo
393 1795 556 1845 mutaretur
576 1796 603 1844 et
628 1798 845 1846 converteretur
899 1804 960 1860 cup.
975 1791 1041 1847 llll:
1064 1789 1167 1846 Divina
1189 1790 1329 1860 sapientia
1347 1788 1423 1846 banc
1445 1788 1579 1846 similiter
1599 1788 1634 1846 de
1659 1787 1747 1847 latero

79 1883 256 1941 manatura,
281 1876 477 1945 reperiuntur,
502 1877 578 1933 sicut
601 1891 691 1948 snpra
710 1878 843 1947 disserui,
898 1893 951 1935 suo
966 1878 1114 1949 produxit,
1131 1884 1164 1934 ut
1178 1878 1256 1934 unde
1279 1877 1396 1946 mulier,
1420 1891 1486 1949 que
1502 1877 1653 1946 deceperat
1668 1876 1747 1947 prio·

79 1978 124 2020 ma
147 1971 273 2034 peccata.
297 1965 484 2034 Hieronymus
508 1965 692 2034 odviryinem
713 1969 767 2022 Deo
781 1982 841 2022 con·
898 1981 958 2026 rem
982 1967 1084 2034 Adam,
1110 1974 1207 2024 creata
1232 1974 1285 2035 est,
1310 1966 1376 2022 iude
1404 1966 1532 2023 Ecclesia
1560 1965 1759 2024 immutetur.-

79 2057 145 2107 tnm:
166 2053 235 2108 lde
250 2053 345 2124 magis
361 2054 539 2123 parcendum
558 2053 662 2120 luerat,
679 2053 732 2125 qui
747 2053 844 2109 adbuc
897 2060 942 2114 ιιι
965 2071 1085 2111 sermone
1108 2055 1292 2125 chrysostomi
1319 2059 1348 2110 in
1372 2054 1441 2111 XL:
1467 2054 1600 2126 Denique
1627 2067 1746 2112 consen-

81 2141 127 2197 lus
142 2148 203 2196 erat
226 2149 254 2197 et
277 2140 389 2198 nullius
410 2149 477 2198 ante
497 2143 651 2212 peccantis,
675 2149 703 2197 ct
727 2148 843 2212 propter
899 2146 971 2203 tiens
985 2144 1089 2201 mulier
1108 2143 1172 2200 talis
1186 2144 1262 2201 circa
1275 2144 1374 2200 virum
1394 2143 1515 2211 exstitit,
1535 2142 1651 2215 qualem
1669 2142 1746 2200 circa

79 2235 256 2300 ,peceatum
289 2227 437 2285 morientis
467 2230 599 2300 exemplo
628 2229 841 2287 retrahebatur.
896 2248 926 2291 se
948 2232 1089 2289 malitiam
1117 2232 1258 2302 serpentis
1285 2232 1411 2290 invenit:
1438 2232 1508 2289 adeo
1535 2246 1676 2303 persuasa
1703 2238 1746 2290 cst

78 2331 145 2374 vero
171 2325 250 2374 tanta
275 2318 448 2375 documenta
466 2327 529 2388 post
555 2319 658 2390 legem,
686 2326 746 2389 post
774 2332 843 2388 pro·
896 2330 924 2380 ιι
939 2320 1097 2392 persuasit;
1114 2320 1220 2377 inlecta
1241 2328 1293 2388 ιιι,
1314 2327 1342 2376 ιι
1358 2319 1474 2390 ιιιιιιιι;
1497 2320 1618 2393 decepta
1641 2326 1695 2390 est,
1716 2325 1746 2378 et

79 2420 105 2472 s,
130 2413 193 2476 post
217 2405 377 2478 evangelia,
403 2414 465 2477 post
491 2409 641 2478 apostolos,
669 2404 694 2464 si
717 2407 842 2464 derelin·
896 2410 1015 2481 decepit.
1057 2410 1231 2478 noyusrtnns
1263 2413 1302 2464 lie
1338 2410 1533 2477 singularitute
1565 2409 1742 2464 cumeorum:

79 2494 231 2564 ivolueris,
250 2496 393 2567 quomodo
408 2496 559 2568 indulgere
574 2497 661 2568 possit
672 2496 785 2568 ignoro.
896 2500 1046 2566 Miramur,
1066 2498 1091 2554 si
1106 2498 1196 2556 Adam
1214 2512 1264 2569 per
1288 2498 1381 2555 Evam
1408 2498 1546 2555 seductus
1573 2503 1626 2567 ιιι,
1656 2510 1745 2569 quern
1844 2515 1847 2519 ·

381 2601 454 2661 mv,
895 2589 977 2645 nulla
992 2587 1179 2644 morientium
1193 2586 1327 2658 exempla
1342 2592 1555 2658 processerant.

85 2692 206 2763 primum
229 2692 345 2747 bominis
368 2697 509 2762 peccatum
531 2707 586 2747 non
609 2694 719 2762 ceperit
737 2709 754 2748 o
775 2706 839 2761 per-
1282 2674 1353 2732 LVI·

126 2827 128 2830 .
206 2765 332 2818 suasione
350 2764 466 2830 diaboli,
480 2769 504 2818 ιι
521 2770 625 2820 contra.
895 2764 973 2830 Quod
985 2764 1061 2820 bomo
1070 2763 1184 2819 liberum
1194 2763 1340 2818 arbitrium
1349 2762 1486 2834 peccando
1496 2763 1630 2829 omiserit,
1641 2764 1667 2818 cl
1674 2777 1740 2818 non.

79 2854 204 2922 pustinau
230 2868 312 2923 super
334 2853 466 2910 Genesin:
492 2853 550 2910 Nec
570 2853 773 2910 arbitrandum
798 2859 841 2910 est
929 2855 1103 2924 noymrtnm
1126 2855 1157 2907 in
1178 2853 1338 2909 Enclriridio
1364 2851 1423 2925 (Vl,
1445 2852 1528 2924 ιιιιι
1555 2850 1629 2908 Nam
1652 2850 1743 2908 libero

91 2949 165 2998 esset
189 2942 333 2998 bominem
355 2941 520 3013 dejecturus
543 2949 675 3010 tentator,
692 2941 746 2999 nisi
767 2956 839 3013 prae·
895 2944 1014 3002 arbitrio
1037 2942 1112 2998 male
1126 2949 1212 2999 utens
1235 2941 1320 2998 bomo
1334 2948 1362 2997 et
1376 2955 1406 2997 se
1421 2939 1544 3011 perdidit
1559 2940 1665 3011 ipsum.
1681 2938 1742 2996 Sio-

79 3039 123 3088 set
148 3031 178 3086 iu
201 3028 300 3086 anima
324 3029 450 3086 hominis
465 3031 597 3102 quaedam
612 3031 698 3087 elatio
715 3030 840 3100 compri·
856 3001 878 3058 ⁰
895 3041 928 3090 ut
941 3034 1018 3090 euim
1035 3031 1087 3103 qui
1099 3046 1128 3087 se
1139 3031 1240 3088 occidit
1252 3030 1354 3101 utique
1368 3029 1494 3086 vivendo
1514 3043 1543 3086 se
1557 3028 1671 3097 occidit,
1689 3043 1743 3086 nec

81 3133 99 3176 a
117 3133 168 3189 per
187 3118 415 3175 humiliationem
432 3119 551 3189 peccati,
569 3133 659 3189 quam
677 3120 712 3176 de
726 3133 756 3175 se
771 3118 841 3175 laiso
895 3136 925 3178 se
939 3120 1034 3192 ipsum
1050 3120 1222 3177 resuscitare
1246 3117 1360 3189 poterit,
1384 3118 1424 3173 ιιι
1446 3132 1514 3175 curn
1528 3117 1618 3175 libero
1629 3124 1741 3188 'pecca-

79 3208 210 3279 rmpserit
246 3209 348 3264 dicere.
389 3208 469 3262 Idem
494 3211 524 3263 in
559 3209 666 3263 Psalmo
707 3206 839 3265 exitu:
895 3218 976 3268 retur
1000 3209 1132 3277 arbitrio,
1155 3209 1263 3267 victore
1286 3216 1401 3279 peccato
1427 3208 1569 3265 amissum
1590 3215 1633 3265 est
1655 3207 1742 3265 etiam

79 3297 147 3354 ulus
184 3296 348 3368 intelligens
383 3295 545 3368 generalem
583 3296 746 3364 avaritiam,
776 3307 842 3366 qum
895 3299 1019 3359 liberum
1047 3296 1210 3353 arbitrium.
1234 3297 1260 3351 A
1282 3312 1334 3367 quo
1364 3298 1436 3351 enim
1456 3297 1516 3366 puis
1545 3295 1665 3351 dmirtus
1690 3298 1741 3363 est,

79 3386 281 3443 estomninm
306 3384 458 3441 malorum.
481 3385 555 3441 Nam
571 3385 625 3455 ipsi
651 3385 736 3455 primi
752 3384 843 3441 bomi-
896 3386 979 3456 buius
1005 3400 1096 3441 seruus
1122 3386 1214 3453 suctus
1243 3387 1291 3439 est.
1321 3382 1390 3451 Qua
1408 3390 1516 3445 ,ιιιιιιιι
1547 3390 1640 3453 potest
1665 3381 1742 3440 servi

79 3489 121 3532 ter
142 3481 302 3546 serpentem
326 3474 436 3543 decepti
457 3481 485 3530 ιι
511 3473 613 3544 dejecti
632 3488 691 3530 non
708 3473 840 3540 luissent,
895 3489 956 3531 esse
975 3474 1102 3541 libertas,
1135 3472 1192 3529 nisi
1218 3471 1336 3543 quando
1359 3486 1427 3528 eum
1453 3485 1572 3543 peccare
1598 3470 1743 3529 delectati

79 3562 130 3620 ius
153 3577 241 3635 quam
257 3570 439 3633 acceperant,
464 3562 575 3618 babere
594 3561 763 3618 voluissent.
790 3562 842 3617 liic
895 3563 1051 3620 liberaliter
1070 3561 1146 3617 enim
1169 3560 1267 3626 servit.
1293 3560 1345 3631 qui
1367 3560 1413 3616 sui
1428 3559 1537 3617 domiui
1557 3560 1679 3616 libenter
1692 3573 1741 3616 vo·

79 3652 306 3722 repromiserat:
320 3653 491 3706 Eritisricut
506 3651 692 3721 diildenmu,
710 3649 747 3722 ι).
765 3649 841 3721 Ergo
895 3651 1036 3709 luntatem
1063 3649 1140 3706 lacit.
1162 3649 1203 3705 Ac
1219 3662 1270 3718 per
1295 3647 1349 3705 boc
1362 3655 1390 3705 ιι
1414 3647 1450 3704 ad
1474 3648 1653 3718 peccandum
1668 3647 1743 3705 liber

79 3740 215 3798 tleouexia
230 3740 364 3796 subversi
382 3747 459 3796 sunt.
484 3743 666 3812 Hieronymus
692 3741 722 3793 in
743 3740 834 3809 Epist.
895 3739 1013 3809 estqui
1041 3738 1150 3810 peccati
1171 3750 1272 3794 servus
1293 3744 1344 3792 est.
1375 3737 1449 3792 laten
1473 3740 1512 3791 De
1530 3739 1698 3807 correptione
1716 3739 1743 3792 et

85 3829 122 3885 ud
135 3831 283 3884 Romanos:
296 3831 441 3898 Propterea
453 3831 523 3884 sicut
536 3845 586 3899 per
599 3844 685 3884 unum
696 3829 839 3884 bominem.
895 3831 1004 3900 yrntio:
1028 3827 1164 3883 Liberum
1188 3824 1341 3881 arbitrium
1364 3831 1391 3882 ct
1405 3825 1441 3882 ad
1463 3825 1572 3882 bonum
1587 3825 1662 3880 etad
1677 3837 1743 3879 ma·

79 3931 196 3974 ruuum
216 3916 363 3973 hominem
379 3918 470 3974 Evam
486 3926 634 3988 peccatum
657 3917 788 3974 introivit
809 3917 840 3973 in
896 3918 956 3974 lum
971 3915 1135 3973 laciendum
1161 3911 1359 3971 confitendum
1374 3920 1415 3968 cst
1439 3926 1492 3968 nos
1507 3910 1625 3968 habere.
1642 3909 1696 3967 Sed
1710 3909 1742 3967 in

79 4006 152 4072 lum,
166 4005 316 4061 insaniunt
331 4005 381 4076 qui
398 4006 507 4074 dicunt,
524 4014 681 4077 antequam
696 3994 850 4076 deciperet
896 4004 970 4062 male
992 4003 1122 4078 iaciendo
1146 4001 1219 4059 liber
1233 4001 1360 4073 quisque
1374 4007 1415 4058 ιιι
1432 4000 1553 4079 iustitiae
1574 3999 1743 4071 peccatique

79 4094 131 4151 lus
143 4095 245 4161 Evam,
261 4102 411 4165 peccatum
429 4093 515 4151 luisse
530 4095 561 4151 in
576 4094 693 4151 mundo.
896 4108 1007 4152 servus.
1039 4093 1115 4148 idem
1138 4095 1176 4147 De
1206 4092 1299 4160 yrutc'o
1314 4094 1341 4146 ιι
1359 4090 1442 4146 libero
1466 4091 1600 4147 arbitrio:
1626 4089 1743 4162 Semper

394 4181 450 4239 LV.
895 4184 982 4240 estin
1006 4181 1091 4239 nobis
1112 4180 1249 4237 voluntas
1278 4180 1378 4247 libera,
1413 4179 1544 4236 sednon
1569 4185 1743 4249 semperest

79 4270 111 4327 rel
125 4272 181 4326 Eoo
194 4271 253 4326 solo
268 4270 379 4326 seducta
394 4275 440 4333 sit,
456 4286 511 4325 non
527 4270 627 4335 Adam,
645 4277 670 4326 et
685 4275 790 4327 contra.
855 4289 879 4345 p
896 4272 973 4329 horta
983 4286 992 4342 ;
1003 4278 1054 4328 aut
1072 4269 1150 4326 euim
1163 4283 1180 4326 a
1192 4268 1307 4340 justitia
1330 4268 1420 4324 libera
1438 4274 1490 4332 est,
1515 4267 1634 4339 quando
1653 4267 1744 4324 servit

79 4361 203 4430 pustinus
228 4375 312 4429 super
338 4361 471 4416 Genesin:
494 4360 643 4430 Apostolus
664 4361 722 4417 ait:
749 4360 841 4416 Actum
896 4368 1022 4431 peccato,
1037 4367 1065 4415 et
1087 4365 1212 4414 tuncest
1236 4356 1327 4425 mala3
1351 4363 1430 4414 auta
1444 4361 1559 4427 peccato
1583 4355 1674 4412 libera
1688 4360 1743 4422 ιιι,

79 4454 106 4506 ιι
119 4450 258 4514 seductus,
282 4450 380 4504 mulier
395 4454 486 4504 cutem
500 4450 611 4504 seducto
625 4455 667 4505 est
682 4449 704 4521 (Ι
722 4451 790 4504 Tim.
805 4465 841 4517 rr,
897 4448 1014 4520 quando
1028 4447 1117 4504 servit
1128 4447 1260 4519 justitiae,
1276 4454 1304 4503 et
1320 4453 1389 4503 tuuc
1404 4451 1445 4502 est
1461 4446 1545 4503 bona.
1560 4444 1659 4523 Gratia
1675 4457 1750 4517 vero,

79 4536 144 4594 lam
159 4539 354 4608 interrogatus
374 4550 432 4592 non
453 4537 502 4598 ait,
522 4536 624 4592 mulier
647 4537 760 4593 seduxit
785 4552 841 4605 me,
897 4537 947 4593 liei
962 4550 1074 4606 semper
1094 4543 1136 4591 est
1152 4535 1238 4602 bona,
1253 4541 1280 4590 et
1296 4549 1347 4605 per
1361 4533 1415 4591 boc
1439 4532 1495 4606 (ll)
1512 4533 1543 4589 lit
1558 4541 1591 4590 ut
1606 4534 1744 4607 sithonio

79 4641 130 4697 pso
154 4629 220 4681 mibi
248 4627 325 4681 dedit
349 4628 382 4681 dc
402 4626 486 4695 liyno.
515 4625 566 4682 llla
592 4626 763 4682 verodixit:
779 4628 844 4682 Ser·
896 4624 1055 4681 voluntatis
1079 4623 1171 4692 bonae,
1198 4624 1248 4694 qui
1272 4623 1354 4694 prius
1378 4623 1433 4679 luit
1455 4622 1549 4680 malae.
1573 4625 1659 4679 ltem:
1682 4623 1744 4679 Non

79 4715 191 4770 seducit
208 4731 259 4771 me.
276 4716 317 4771 lta
341 4715 485 4778 Salomon,
502 4714 705 4786 nunquidnam
724 4715 843 4771 creden·
897 4714 975 4771 enim
990 4713 1074 4769 bomo
1088 4713 1130 4769 sic
1154 4713 1279 4784 gratiam
1295 4712 1419 4782 suscepit
1434 4719 1467 4768 ut
1482 4713 1628 4783 propriam
1643 4711 1745 4783 perdat

93 4810 136 4859 est
167 4803 245 4874 quod
276 4804 306 4859 in
332 4803 555 4860 simulacrorum
583 4803 665 4861 cultu
691 4802 845 4860 crediderit
897 4802 1087 4861 voluntatem.
1121 4802 1227 4857 Tamen
1251 4815 1287 4857 ne
1317 4801 1380 4871 ipsa
1403 4799 1538 4858 voluutas
1566 4800 1627 4857 sine
1650 4799 1745 4872 gratia

79 4891 190 4962 aliquid
213 4891 367 4948 utilitatis?
391 4892 440 4947 sed
473 4891 629 4949 mulierum
657 4894 750 4950 amori
774 4893 844 4949 resi·
898 4892 949 4948 liei
973 4899 1101 4962 putetur,
1118 4890 1184 4946 boui
1210 4889 1320 4961 aliquid
1344 4903 1423 4959 posse
1447 4888 1588 4960 subjecit:
1611 4903 1670 4945 non
1692 4902 1745 4960 ego

84 4993 145 5035 non
168 4980 270 5046 valuit,
300 4980 407 5036 iaciens
426 4980 503 5051 quod
523 4980 629 5037 sciebat
648 4996 705 5037 nou
725 4995 785 5038 esse
800 4980 846 5037 la·
899 4987 1008 5049 antem,
1029 4980 1078 5036 sed
1103 4979 1197 5051 gratia
1218 4979 1265 5035 llei
1281 4993 1405 5048 mecum,
1423 4978 1452 5035 id
1470 4985 1586 5036 estnon
1607 4976 1697 5048 solus,
1712 4991 1750 5035 ac.

83 5081 144 5134 um,
161 5082 197 5123 ιιι
211 5082 279 5124 snas
303 5068 419 5124 delicias
434 5069 625 5126 contristaret.
644 5072 685 5126 lta
699 5078 726 5127 et
741 5071 846 5142 Adam,
901 5082 952 5140 per
967 5067 1026 5140 (tbi
1036 5068 1091 5124 boc
1105 5082 1157 5124 nec
1176 5066 1270 5140 gratia
1285 5068 1334 5123 lici
1351 5067 1412 5123 sola
1426 5081 1480 5125 nec
1494 5067 1553 5138 ipse
1566 5067 1655 5127 solus.

79 5169 153 5212 uam
178 5156 285 5213 mulier
305 5157 422 5214 seducta
446 5159 634 5214 manducavit
657 5158 742 5229 cique
757 5158 845 5226 dedit,
1275 5156 1358 5214 Lvil.

82 5253 172 5302 team
194 5246 372 5303 contristare.
398 5248 460 5304 Nou
485 5248 580 5304 caruis
603 5249 846 5319 concupiscentia,
902 5246 980 5314 Quod
1002 5246 1094 5302 Adam
1116 5247 1146 5298 in
1168 5246 1223 5301 loco
1237 5246 1369 5302 Calcaria
1382 5247 1505 5318 sepultus
1529 5249 1575 5317 sit,
1591 5251 1617 5303 et
1640 5252 1747 5304 contro.

79 5348 88 5389 ι
109 5334 241 5390 nondum
258 5344 388 5394 senserat
410 5337 514 5405 victtrs,
530 5337 578 5393 sed
592 5337 705 5394 amicali
721 5338 849 5409 quadam
937 5336 1064 5394 Amores.
1090 5336 1256 5392 florentiano
1280 5334 1336 5407 (ep.
1362 5335 1398 5406 V,
1421 5335 1482 5408 llil:
1497 5337 1562 5395 llaec
1582 5336 1641 5396 illia
1655 5336 1750 5397 Eccle-

79 5509 94 5584 ι)
108 5507 204 5568 llum:
219 5509 296 5566 bono.
693 5576 696 5581 ,
886 5589 888 5593 ,
942 5512 998 5583 (lbi
1012 5515 1097 5570 Cous.
1111 5528 1121 5569 a
1132 5517 1258 5584 propter.
