3804 5962
608 196 842 256 introductio
860 196 906 254 lh
926 192 1163 252 theothelmi.
1178 223 1210 235 -
1224 189 1291 251 LIB.
1310 192 1334 250 1.

99 201 170 257 tots
1780 196 1849 251 {0³0

97 323 220 394 quidam
239 322 359 380 lectores
375 330 402 380 et
434 322 585 380 dilectores
612 322 739 380 Platonis
753 321 818 379 ausi
829 328 898 380 sunt
917 322 947 377 in
962 323 987 375 A
1002 326 1205 377 commemorat
1225 315 1384 388 inscriptis
1405 330 1435 373 se
1449 329 1550 373 corum
1566 314 1715 387 reperisse.
1730 317 1764 374 ln
1779 319 1851 388 qui-

96 420 209 469 tantam
239 426 427 482 prorumpere
451 413 606 480 insaniam,
633 413 711 483 quod
739 412 866 468 dicerent
892 411 949 467 Do·
1005 410 1060 466 hus
1075 407 1260 480 quidemlere
1274 412 1331 463 tota
1352 404 1417 461 fidei
1433 411 1538 461 n‘oslre
1553 418 1668 461 summa
1683 405 1761 461 circa
1776 406 1849 462 divi-

98 501 356 557 mininostritesn
384 501 491 558 Christi
513 501 677 568 sententias,
700 515 773 572 ques
805 501 905 556 mirari
923 507 951 556 et
1004 498 1123 554 nitatem
1148 496 1234 554 Verbi
1265 495 1446 565 apertissima
1474 493 1650 562 continetur,
1684 494 1760 551 sicut
1786 494 1849 565 ipsa

97 590 253 660 predicare
279 599 434 662 coguntur,
458 590 492 646 de
517 590 642 646 Platonis
668 589 749 646 libris
781 603 848 645 eum
877 588 949 645 didi·
1002 586 1182 657 postmodum
1200 585 1305 642 tradita
1327 594 1368 640 est
1395 582 1549 639 asummis
1575 582 1764 653 scriptoribus
1777 582 1849 639 Novi

96 680 179 735 cisse.
195 678 267 734 Hinc
290 680 377 735 etiam
408 678 578 733 Ptolemaeus
607 692 658 733 rex
682 678 712 732 ln
737 676 947 747 Platonisdog·
1002 675 1187 739 Testamenti,
1211 675 1321 731 ioanne
1340 672 1447 728 scilicet
1463 680 1490 728 et
1508 670 1598 727 Paulo
1625 670 1770 741 apostolis.
1801 672 1850 729 Ait

96 781 145 824 ma
170 767 270 824 eadem
285 767 387 834 videri,
408 766 545 834 nilatlor‚
575 766 668 823 dictus
687 772 729 822 est
756 766 834 836 quod
856 764 948 820 Deum
1002 764 1109 835 quippe
1134 762 1316 835 Augustinus
1336 760 1445 818 ibidem
1467 760 1503 817 ad
1529 760 1663 817 eumdem
1687 774 1848 819 sermonem

96 866 125 913 et
141 864 275 919 mentem,
297 856 381 912 idest
396 856 510 911 Patrem
524 863 551 911 et
578 854 717 921 Verbum,
733 868 771 910 ex
798 850 948 910 Platonicis
1001 853 1173 911 intendens:

97 946 215 1015 scriptis
248 945 398 1001 didicerat.
442 945 522 1001 Unde
548 944 736 1014 septuaginta
776 943 977 1013 interpretes·
1385 939 1464 995 xxi.

99 1048 169 1091 cum
186 1036 212 1089 ei
226 1035 316 1104 legem
333 1032 531 1099 transferrent,
547 1046 687 1089 arcanum
702 1031 811 1087 divinae
826 1044 947 1103 genera·
1036 1032 1193 1086 Procurcsti
1223 1030 1290 1084 mibi
1312 1044 1361 1101 per
1380 1028 1537 1095 quemdeam
1559 1028 1693 1083 bominem
1707 1028 1849 1083 immanis-

97 1123 186 1179 tionis
201 1120 346 1192 prudenti,
363 1129 394 1178 ut
418 1119 511 1177 videri
535 1120 648 1186 dicunt,
677 1119 798 1176 consilio
832 1121 948 1189 penitus
1002 1119 1069 1173 simo
1085 1124 1148 1188 tgpa
1173 1117 1324 1187 turgidum,
1341 1117 1474 1185 quosdam
1498 1118 1697 1173 Platonicorum
1718 1117 1801 1173 libros
1815 1130 1849 1170 ec

97 1217 262 1275 tacuerunt,
278 1223 315 1265 ne
330 1209 354 1265 si
371 1209 399 1264 id
416 1223 534 1280 qnoque
550 1209 629 1279 apud
645 1208 779 1265 hebreos
796 1207 947 1278 predicari
1002 1206 1096 1262 draca
1110 1208 1207 1275 lingua
1229 1209 1259 1261 in
1278 1209 1406 1263 Latinam
1420 1221 1523 1273 cusos,
1538 1208 1564 1261 et
1587 1206 1626 1260 ibi
1646 1207 1769 1275 tegimen
1788 1207 1850 1274 qui-

99 1299 226 1363 audiret,
251 1297 396 1368 duplicem
420 1297 606 1353 divinitatem
628 1310 691 1352 esse
714 1294 946 1365 deprehenderet.
1001 1295 1064 1350 dena
1077 1299 1140 1351 istis
1156 1297 1255 1366 uerbis,
1271 1297 1320 1351 sed
1342 1297 1389 1351 boc
1413 1296 1486 1351 mem
1510 1297 1617 1351 omniuo
1631 1296 1724 1351 multis
1740 1298 1767 1350 et
1782 1294 1851 1349 mut·

99 1388 179 1458 quod
197 1394 282 1444 antea
306 1394 419 1443 tantum
443 1386 533 1441 unius
552 1386 601 1442 liei
616 1384 710 1441 cultor
725 1383 885 1450 exstiterat,
910 1397 947 1439 ne
1002 1385 1140 1454 tipticibus
1169 1385 1280 1440 suaderi
1303 1385 1467 1451 rationibus,
1496 1385 1583 1454 quod:
1610 1404 1623 1435 ι
1650 1385 1683 1438 ln
1708 1385 1848 1454 principio

100 1483 218 1545 propter
247 1475 427 1531 Platonicum
447 1474 603 1545 dogmaah
630 1473 741 1529 unitate
765 1472 879 1528 deitatis
901 1471 947 1526 de·
1000 1474 1192 1539 erataerhum,
1217 1479 1244 1529 et
1274 1475 1393 1532 Verbum
1418 1480 1478 1529 erat
1497 1473 1575 1544 apud
1602 1476 1696 1539 uum,
1720 1477 1746 1527 et
1776 1475 1850 1527 Deus

97 1565 242 1630 viaverat,
258 1564 324 1620 licet
352 1565 393 1620 ihi
416 1564 513 1634 plures
527 1563 667 1634 distingui
687 1573 824 1632 personas
847 1559 984 1626 audie-13
1002 1566 1062 1617 erat
1083 1563 1209 1619 Verbum.
1235 1565 1290 1618 lloc
1305 1568 1363 1618 erat
1376 1568 1407 1618 in
1424 1565 1563 1633 principio
1578 1560 1655 1632 apud
1673 1564 1767 1616 licum
1790 1560 1850 1617 Om-

98 1653 150 1722 rit,
169 1653 256 1709 unius
276 1660 371 1709 tamen
386 1653 500 1709 deitatis
514 1651 716 1721 singularitate
735 1657 858 1706 servata.
877 1650 947 1703 ilinc
1001 1653 1112 1721 alopen·
1134 1653 1225 1720 ipsum
1241 1654 1318 1720 sacta
1343 1657 1418 1716 sunt,
1434 1658 1460 1706 ει
1481 1654 1540 1707 sine
1553 1655 1613 1721 ipso
1628 1653 1733 1718 sactum
1751 1653 1792 1705 est
1805 1651 1848 1704 ni-

98 1742 294 1812 Hieronymus
304 1743 331 1797 in
349 1741 469 1812 Prologo
488 1739 675 1796 Penthateuei
689 1737 823 1794 meminit
837 1738 946 1804 dicens,
1001 1739 1042 1793 bil
1063 1739 1135 1809 quod
1154 1741 1260 1807 factum
1283 1744 1332 1795 est.
1356 1742 1389 1794 ln
1411 1742 1470 1809 ipso
1492 1743 1551 1795 aito
1572 1743 1640 1806 erat,
1667 1742 1694 1792 ει
1713 1739 1773 1792 nita
1790 1743 1850 1793 erat

99 1845 118 1887 a
138 1830 280 1900 predictis
299 1829 484 1900 septuaginta
511 1828 605 1884 multa
638 1825 805 1898 hujusmodl
824 1825 946 1894 reticeri,
1003 1828 1212 1897 linteaminum,
1229 1831 1319 1884 etiun
1337 1829 1498 1884 intenebris
1523 1830 1601 1895 lucet,
1613 1832 1638 1883 et
1659 1827 1773 1883 tenebre
1791 1841 1850 1882 eam

101 1927 134 1975 ut
149 1927 192 1975 est
207 1919 295 1975 illud:
317 1920 367 1972 Ee
391 1918 518 1987 AEggpto
544 1918 639 1971 coaevi
662 1917 751 1986 fllium
764 1930 863 1984 meum,
887 1923 943 1971 etc.
1002 1933 1056 1973 nou
1069 1917 1328 1987 comprehenderunt
1345 1918 1438 1988 (toan.
1457 1917 1567 1988 ιιι-5).
1594 1918 1661 1970 nltt
1681 1917 1747 1986 quia
1763 1917 1849 1971 omnis

100 2007 211 2079 (blattis.
229 2023 264 2073 ιι,
286 2005 341 2077 lb.)
1003 2008 1107 2074 anima,
1141 2009 1265 2076 quumvis
1298 2009 1481 2062 testimonium
1503 2006 1649 2076 perhibeat
1674 2005 1707 2061 dc
1736 2007 1849 2072 lumine,

137 2097 182 2151 Ex
202 2111 260 2166 quo
276 2095 418 2165 liquidum
432 2101 474 2150 est
489 2094 666 2150 Platonicam
679 2100 786 2149 sectam
800 2091 867 2148 lidei
882 2106 947 2148 san·
1003 2109 1058 2149 non
1073 2101 1113 2149 est
1136 2101 1226 2149 tomen
1240 2098 1303 2166 ipsa
1317 2098 1417 2163 lumen,
1429 2095 1478 2151 aed
1496 2097 1614 2152 Verbum
1630 2095 1799 2151 lleustamen
1811 2095 1851 2148 est

99 2194 153 2242 cte
172 2184 320 2241 Trinitatis
351 2184 510 2254 plurimum
536 2196 649 2252 semper
669 2181 814 2251 assentiri,
835 2188 862 2237 et
885 2195 949 2237 eam
1003 2199 1097 2239 auum
1116 2224 1123 2249 ,
1139 2183 1358 2260 guoditluminat
1373 2200 1476 2239 omnem
1491 2185 1625 2239 bominem
1647 2186 1800 2239 certamem
1820 2185 1851 2237 in

101 2273 271 2344 diligentius
298 2273 407 2329 ceteris
430 2272 566 2329 amnibus
586 2271 794 2341 philosophisa
822 2269 947 2337 Platone,
1005 2276 1077 2329 bunc
1091 2273 1232 2329 mundum.
1256 2276 1290 2330 ht
1306 2258 1372 2340 quia
1389 2278 1418 2329 in
1433 2275 1481 2330 hoc
1504 2275 1606 2329 mundo
1621 2278 1714 2340 erat«
1731 2278 1758 2329 ct
1770 2287 1850 2327 mun-

102 2372 130 2419 et
154 2362 328 2433 sequacibus
347 2364 410 2431 ejus
432 2361 573 2432 distingui
600 2374 634 2416 ac
659 2358 792 2416 describi.
818 2359 899 2415 Unde
922 2366 950 2415 et
1006 2363 1057 2417 dus
1069 2364 1225 2432 peripsum
1246 2365 1336 2430 sactus
1352 2368 1402 2430 est,
1427 2367 1454 2416 ει
1466 2363 1584 2417 mundus
1612 2376 1738 2417 eumnan
1752 2375 1851 2430 cogno·

102 2467 161 2508 uon
177 2450 319 2506 inmmerito
336 2451 365 2504 in
384 2450 447 2520 ejus
460 2449 576 2505 laudem
594 2449 722 2505 Valerius
742 2447 887 2504 Maximus
903 2447 949 2504 his
1005 2455 1046 2506 ait
1068 2450 1160 2521 (ibid,
1177 2450 1229 2522 l0).
1251 2473 1265 2502 »
1286 2451 1355 2517 Quia
1369 2467 1431 2506 uero
1448 2469 1462 2503 ι
1477 2455 1507 2506 in
1531 2466 1582 2507 suc
1600 2451 1715 2520 propriu
1728 2452 1813 2517 uenit,
1825 2452 1851 2501 et

103 2539 266 2610 prorumpit
291 2539 402 2595 verbis:
439 2538 493 2594 Sed
510 2540 623 2593 Plutone
655 2538 771 2607 paruulo
802 2537 951 2592 domnicata
1005 2544 1050 2594 sui
1074 2556 1134 2595 eum
1166 2556 1220 2595 nort
1235 2545 1406 2610 receperunt,
1427 2545 1558 2609 quotquot
1579 2546 1671 2594 autem
1692 2540 1851 2608 receperunt

98 2631 130 2683 in
146 2631 234 2695 cuais,
253 2629 306 2682 mel
332 2643 397 2697 apes
411 2630 587 2683 inseruerant
602 2628 660 2696 ejus
676 2627 766 2680 labiis.
783 2625 949 2692 Quareau-
1004 2644 1075 2695 eum,
1091 2627 1169 2682 dedit
1196 2630 1233 2683 eis
1254 2632 1413 2694 potestatem
1441 2629 1510 2697 filios
1530 2630 1579 2682 Dei
1601 2629 1663 2697 fieri
1677 2625 1849 2682 medentibus

99 2718 160 2773 dita
180 2717 369 2787 prodigiorum
396 2719 559 2786 interpretes
581 2717 751 2784 singularem
764 2715 865 2784 eloquii
885 2730 949 2769 sue·
1004 2719 1034 2771 in
1049 2716 1158 2771 nomine
1171 2717 1231 2787 ejus
1255 2717 1344 2787 (ibid,
1364 2718 1405 2782 ll,
1426 2719 1478 2783 li),
1495 2737 1509 2765 ιι
1533 2730 1588 2769 non
1615 2715 1655 2770 ibi
1680 2715 1742 2783 tegi.
1760 2715 1847 2771 llam:

98 2810 212 2862 vitatem
229 2823 274 2861 ore
288 2807 346 2875 ejus
363 2812 552 2861 emanaturam
579 2806 720 2859 dicerunt.
752 2803 948 2860 Excellenlius
1006 2808 1071 2875 Legi
1095 2807 1136 2861 ibi
1150 2806 1217 2875 quia
1236 2825 1251 2853 κ
1281 2805 1399 2861 Verbum
1421 2807 1492 2859 Deus
1518 2820 1619 2859 nanee
1633 2819 1793 2871 carue,ncn
1816 2819 1850 2858 ee

100 2905 198 2952 autem
212 2904 239 2952 et
255 2895 476 2952 convenientius
495 2895 531 2951 ad
546 2892 795 2964 interpretandum
810 2907 872 2948 csse
888 2907 947 2948 uon
1002 2897 1145 2964 sanguine,
1166 2910 1221 2950 non
1242 2909 1276 2948 ea
1299 2894 1437 2948 uoluntate
1455 2895 1520 2960 oiri,
1546 2908 1632 2963 neque
1660 2908 1694 2947 ea
1711 2892 1852 2950 volumtate

99 2984 249 3053 dubito,si
279 2985 315 3041 ad
340 2983 445 3039 divine
465 2983 577 3040 deitatis
605 2983 726 3054 gloriam
752 2981 947 3037 hocmlrach-
1002 2985 1218 3051 cernissemus
1240 2984 1406 3037 Decretum
1425 2986 1465 3037 est
1490 2982 1581 3053 (ibid,
1611 2982 1664 3053 lt).
1683 3003 1698 3031 n
1712 2981 1766 3038 Sed
1782 2986 1849 3053 quia

99 3074 161 3132 lum
177 3073 330 3143 referatur,
348 3079 379 3129 ut
400 3072 453 3128 hoe
469 3080 496 3128 et
512 3074 586 3128 [leus
608 3072 720 3142 insigne
737 3070 949 3142 presagitcon-
1002 3095 1017 3124 ι
1047 3072 1163 3129 Verbum
1195 3086 1258 3126 coro
1281 3072 1386 3138 factum
1414 3075 1464 3139 est,
1499 3076 1525 3126 et
1552 3071 1688 3125 habitavit
1711 3074 1743 3126 in
1773 3071 1849 3127 nobis

100 3161 189 3217 terret
204 3161 254 3230 qui
278 3160 439 3215 divinitatis
461 3173 520 3215 sue
536 3173 584 3228 per
614 3173 681 3215 enm
709 3157 878 3230 diligentius
901 3171 948 3214 ar·
1002 3163 1091 3229 (ibid,
1112 3160 1193 3230 ll),»
1220 3175 1275 3215 nan
1294 3160 1334 3214 ibi
1357 3159 1421 3228 legi.
1438 3160 1574 3229 ludagaui
1593 3164 1623 3214 in
1652 3160 1751 3214 litteris
1779 3158 1848 3229 illis,

99 3263 175 3305 cana
187 3248 370 3305 revelaturus
392 3254 474 3304 esset.
500 3247 654 3317 Oportebat
669 3247 779 3318 quippe
808 3257 840 3303 ut
868 3250 946 3303 s‘unr-
1001 3253 1095 3306 multis
1110 3250 1198 3305 modis
1222 3250 1335 3318 dictum,
1359 3249 1434 3318 quad
1447 3252 1484 3304 sit
1501 3247 1585 3304 Filius
1604 3253 1633 3303 in
1654 3250 1744 3316 samua
1757 3252 1851 3306 Patria

99 3354 156 3395 me
175 3337 294 3408 sophie,
314 3352 379 3407 quae
398 3338 529 3393 Christus
546 3345 597 3405 est,
624 3336 745 3392 verbum
768 3335 901 3393 videlicet
920 3343 947 3392 et
1001 3355 1054 3394 non
1083 3340 1210 3407 rapinam
1236 3339 1458 3393 arbitraturesse
1477 3337 1621 3404 coequalis
1636 3338 1702 3400 Deo,
1718 3337 1785 3405 quta
1801 3350 1850 3391 na-

99 3430 241 3499 sapientia
259 3429 310 3485 Dei
333 3427 438 3493 Patris,
470 3440 604 3483 summus
624 3425 813 3496 philosophus
826 3425 947 3497 ejusque
1002 3428 1130 3483 ruraliter
1147 3427 1269 3497 idipsum
1284 3431 1333 3482 est.
1361 3427 1416 3484 Sed
1437 3431 1504 3496 qaia
1527 3426 1731 3494 esemetipsum
1754 3426 1850 3479 caino·

99 3532 242 3589 sequaces
272 3517 429 3587 plurimum
454 3523 677 3571 attestarentur.
703 3515 783 3570 Unde
809 3522 836 3570 et
861 3515 948 3585 juxta
1001 3518 1203 3583 niaitsormam
1226 3518 1297 3571 servi
1319 3517 1465 3585 accipiens,
1482 3518 1510 3569 in
1526 3514 1735 3569 similitudinem
1761 3512 1851 3567 bomi-

100 3607 312 3679 Augustinum,
338 3605 491 3675 Apostolus
514 3603 738 3660 Atheniensibus
766 3603 947 3673 loqueram
1001 3607 1169 3672 namtactus
1191 3609 1216 3677 et
1248 3602 1345 3660 habitu
1369 3606 1497 3659 inventus
1518 3611 1549 3658 ut
1572 3603 1660 3658 bomo.
1683 3602 1850 3657 humiliarit

100 3711 192 3767 supra
216 3695 414 3761 meminimus,
444 3707 585 3749 eutnrem
601 3705 739 3762 maguam
761 3691 893 3758 dixisset,
919 3699 947 3748 et
1001 3695 1280 3764 semetipsumsoctus
1300 3691 1581 3762 obedieasusquead
1600 3695 1852 3758 martem,mcrtem

100 3799 204 3856 quea
226 3785 325 3856 paucis
349 3790 443 3854 posset
458 3781 589 3853 intelligi,
614 3781 692 3851 quod
713 3782 743 3835 in
759 3781 806 3835 illo
829 3780 945 3849 scilicet,
1001 3788 1091 3836 cutem
1109 3785 1206 3850 erucis,
1221 3787 1335 3852 propter
1358 3783 1430 3851 quod
1444 3787 1469 3836 et
1489 3784 1561 3837 Deus
1585 3784 1721 3837 recitarit
1743 3797 1804 3838 eum
1832 3797 1850 3834 a

98 3876 227 3942 risimus,
246 3888 392 3940 monemur,
416 3878 441 3926 et
460 3887 553 3927 sumus
576 3869 946 3941 (Act.xvu,28)‚ad1ecit,
1001 3873 1127 3933 mortuis,
1152 3875 1178 3924 et
1198 3870 1312 3925 donarit
1335 3874 1360 3924 ei
1383 3886 1479 3925 nomen
1502 3870 1576 3939 quod
1604 3875 1645 3925 est
1667 3885 1750 3939 super
1773 3884 1850 3925 omne

100 3966 171 4019 sirau
198 3968 224 4017 et
251 3963 334 4017 uestri
368 3960 481 4030 quidam
505 3960 638 4014 diruunt
664 3956 765 4028 (thid).
799 3956 947 4012 Platonem
1002 3974 1107 4025 nomen,
1122 3964 1153 4013 ut
1169 3961 1321 4013 innomine
1343 3959 1402 4028 ejus
1425 3973 1501 4012 omne
1522 3973 1593 4026 genu
1613 3960 1748 4027 (lectatur,
1774 3959 1851 4014 aele-

100 4050 211 4121 quippe
225 4050 431 4107 Atheniensem
460 4047 547 4104 luisse
563 4053 683 4103 constat.
704 4045 779 4102 Illud
802 4051 899 4102 autem
916 4045 946 4101 in
1001 4050 1095 4114 stium,
1125 4050 1294 4103 terrestrium
1317 4052 1344 4103 ει
1366 4049 1549 4115 infernorum,
1588 4051 1615 4102 ει
1644 4048 1731 4102 omnis
1755 4048 1852 4114 lingua

100 4153 160 4209 quo
175 4153 234 4195 non
247 4138 428 4194 mediocriter
443 4151 554 4194 errasse
569 4135 647 4192 Plato
662 4141 689 4191 et
712 4135 830 4192 videtur
854 4141 881 4190 et
902 4134 946 4189 di·
1002 4140 1163 4208 confiteatur
1178 4141 1245 4208 quia
1272 4140 1402 4193 Dominus
1428 4128 1647 4193 lesus'dbristus
1662 4138 1692 4190 in
1711 4137 1853 4205 gloriaest

100 4226 188 4289 citur,
212 4226 293 4294 illud,
322 4228 453 4298 inquam,
470 4226 548 4297 quod
572 4224 698 4281 animam
719 4223 821 4280 mundi
843 4222 947 4279 laetam
962 4238 985 4294 p
1003 4226 1055 4281 Del
1069 4228 1160 4282 Patris
1176 4226 1309 4296 (Philipp.
1325 4240 1357 4295 ιι,
1379 4225 1466 4297 7·ll),
1482 4246 1496 4276 »
1513 4240 1570 4282 non
1586 4225 1693 4282 hahent
1709 4225 1753 4281 illi
1767 4224 1850 4282 libri:

99 4330 163 4372 esse
178 4316 257 4383 dicit,
274 4316 383 4372 hocest
413 4317 531 4372 initium
556 4315 701 4382 hahuisse,
717 4321 745 4370 et
761 4313 842 4386 quod
857 4327 947 4384 supra
1001 4315 1243 4382 Quodenimante
1271 4317 1363 4372 omnia
1381 4320 1511 4386 tempora,
1529 4321 1554 4371 ει
1579 4330 1661 4385 super
1682 4316 1854 4370 omnietem-

99 4405 275 4472 blacrobiuS,
296 4420 363 4462 curu
380 4406 414 4461 de
434 4406 532 4460 anima
547 4404 648 4459 mundi
677 4402 852 4474 loqueretur,
868 4415 945 4459 asse·
998 4419 1072 4477 pora
1098 4406 1359 4461 incommutabiliter
1384 4410 1475 4461 manet
1506 4405 1664 4472 unigenitus
1677 4404 1765 4459 Filius
1790 4408 1853 4459 tuus

100 4492 163 4547 ruit
177 4493 268 4548 Deum
283 4503 310 4551 et
325 4502 384 4545 cour
398 4493 696 4560 ultraanimamesse,
713 4492 799 4562 quasi
817 4490 945 4561 superio·
1000 4501 1146 4550 coeternus
1165 4496 1224 4563 tibi,
1241 4501 1266 4550 ει
1300 4494 1414 4565 quiade
1430 4494 1607 4565 plenitudine
1629 4493 1688 4563 ejus
1711 4494 1854 4563 accipiunt

99 4593 147 4637 res
174 4581 325 4652 dignitate,
354 4596 421 4638 cum
461 4576 582 4638 constat
599 4581 672 4637 iuter
704 4579 864 4637 Catholicae
889 4587 946 4636 tres
1001 4586 1111 4649 anima,
1142 4588 1173 4638 ut
1197 4585 1280 4639 beate
1302 4587 1368 4652 sint,
1401 4589 1426 4639 et
1457 4586 1524 4650 quia
1551 4582 1766 4653 participatione
1788 4597 1853 4637 raa-

98 4683 237 4738 personas
252 4672 280 4726 in
306 4671 457 4727 divinitate
472 4670 631 4741 peremnia
655 4668 710 4725 sihi
738 4668 898 4740 coequales
919 4676 946 4725 et

98 4767 256 4815 coeternas
284 4759 340 4816 sibl
367 4775 437 4828 esse,
459 4760 484 4815 si
507 4759 675 4831 diligentius
699 4758 880 4815 attendanta
899 4772 944 4815 re-

101 4846 189 4904 ritate
223 4863 281 4904 non
317 4849 470 4918 exorbitat,
499 4851 574 4905 sieut
598 4848 782 4919 postmodum
816 4844 953 4905 ostende-⁹

98 4949 168 4992 mus
182 4937 216 4994 de
236 4939 416 5008 processione
435 4938 559 5009 Spiritus
578 4938 670 4994 sancti
700 4935 861 4993 dissentire.
885 4938 946 4992 Non

99 5025 179 5082 enim
194 5027 255 5084 sine
283 5041 371 5084 eausa
385 5028 433 5085 hic
455 5027 642 5099 philosophus
655 5041 714 5098 pre
739 5025 849 5083 ceteris
871 5038 948 5082 com-

98 5116 257 5173 mendatur
272 5117 309 5172 ab
320 5117 456 5173 omnibus
471 5126 530 5174 tam
542 5116 685 5178 fidelibus,
702 5123 835 5186 utsupra
849 5116 948 5172 memi-

98 5205 209 5273 nimus,
226 5219 316 5276 quam
340 5205 517 5264 inlldelibus.
534 5206 604 5262 Cum
624 5205 721 5276 itaque
751 5203 781 5261 ia
803 5203 882 5261 omni
896 5205 947 5261 do·

98 5294 197 5352 ctrina
224 5294 413 5366 philosophie
441 5296 588 5353 Platonica
613 5301 689 5352 secta
702 5293 848 5363 enituerit,
862 5294 948 5366 juvat

97 5385 187 5442 etiam
213 5385 380 5457 aliquorum
406 5385 619 5443 Platonicorum
645 5383 808 5440 testimonia
829 5382 946 5453 inferre,

99 5491 169 5549 que
198 5476 273 5535 idem
301 5476 387 5537 Pater
409 5475 592 5550 Augustinus
606 5473 637 5534 in
664 5472 946 5535 erontessionum.

999 4675 1090 4728 nentis
1114 4675 1144 4728 ia
1171 4689 1199 4729 se
1224 4675 1366 4743 sapientie
1390 4677 1557 4728 reuocentur
1573 4676 1604 4727 ut
1622 4675 1759 4742 sepientes
1780 4672 1851 4740 rint,

1001 4767 1041 4818 est
1064 4763 1113 4817 ibi.
1139 4761 1216 4830 Quod
1234 4765 1325 4818 autem
1344 4777 1394 4832 pro
1420 4762 1514 4832 impiis
1535 4764 1658 4816 mutuus
1680 4765 1720 4816 est
1740 4774 1796 4816 non
1813 4763 1854 4816 est

999 4851 1050 4906 ibi.

1036 4941 1072 4995 At
1086 4954 1154 4997 vero
1178 4955 1214 4998 ne
1239 4940 1345 5013 aliquis
1360 4955 1448 4998 sexus
1463 4938 1538 4997 inter
1553 4938 1684 4996 homines
1707 4937 1854 5010 sapientie

1001 5027 1078 5084 lama
1106 5030 1217 5086 ceteris
1250 5040 1427 5100 prestantes,
1455 5028 1522 5086 fidei
1545 5035 1651 5084 nostre
1680 5026 1853 5086 testimoniis

1002 5115 1084 5183 desit,
1116 5117 1165 5173 illa
1179 5118 1266 5174 etlam
1280 5118 1388 5174 lamosa
1402 5120 1510 5189 sybilla
1527 5118 1694 5188 inducatur,
1710 5131 1778 5189 que
1800 5130 1854 5174 nec

1002 5206 1185 5263 diviuitazem
1207 5207 1304 5274 Verbi,
1320 5220 1373 5262 nec
1388 5206 1609 5278 humanitatem,
1626 5214 1853 5278 necutrumque

1001 5295 1170 5363 adventum,
1189 5301 1415 5364 necutrumque
1428 5293 1574 5364 judicium
1596 5295 1684 5354 Verbi
1701 5294 1853 5353 scribendo

1003 5384 1194 5456 pretermisit.
1220 5383 1352 5441 Primum
1367 5382 1489 5456 quidem
1501 5384 1646 5457 judicium
1661 5401 1721 5458 quo
1744 5386 1853 5460 injusta

1002 5471 1135 5534 Christus
1163 5480 1205 5532 est
1223 5472 1374 5546 judicatus
1401 5472 1432 5535 in
1467 5473 1607 5548 passione,
1630 5481 1658 5535 et
1691 5476 1854 5539 secundum
