3804 5962
499 219 733 277 mruobuurro
752 219 798 275 AD
817 217 1052 277 ruaonoutau.
1067 248 1103 259 -
1116 217 1181 273 ΗΒ.
1202 219 1224 274 l.
1671 220 1739 274 tols

83 350 114 404 in
140 347 265 404 custodia
292 347 418 403 medendi
443 363 528 404 causa
555 349 663 403 annet.
680 345 733 403 Sed
749 357 834 416 quor·
851 344 876 396 Α
891 345 1099 403 animadvertet
1128 344 1199 416 quid
1226 344 1262 401 de
1288 343 1394 400 coelesti
1417 342 1546 400 dixerint
1571 342 1734 414 harmonia,

81 435 194 493 sthaec‘?
209 436 282 504 Quia
297 451 354 493 non
380 443 471 507 potest
499 435 628 492 dubitari
644 435 716 506 quin
736 440 840 489 nostrae

79 539 98 580 e
112 533 139 581 et
154 525 281 596 corporis
294 532 387 581 status
410 525 515 581 eisdem
543 523 754 595 quodammodo
771 536 839 592 pro-

79 614 174 671 mibus
198 615 332 670 rideatur
355 628 414 670 esse
434 614 618 683 compositus,
643 612 751 684 quibus
772 610 838 666 har-

79 715 119 758 :as
152 702 360 758 modulationes
400 703 541 772 posterior
577 701 734 772 disputatio
768 715 837 756 con·

99 791 289 862 copularique
313 792 530 847 demonstrabit.
547 792 627 856 erod
642 791 666 847 si
693 804 784 861 parva
809 789 840 845 sr-

79 894 105 935 is
130 881 292 947 videantur,
310 895 374 951 qnae
386 881 468 951 juxta
483 880 666 950 philosophos
681 880 716 935 de
730 880 838 935 virtute

79 982 123 1024 lus
152 969 328 1036 harmonica,
358 969 560 1044 nisietsacrro
579 969 735 1039 Scriptores
759 968 837 1024 testi·

79 1073 89 1112 r
110 1055 138 1112 id
153 1057 368 1126 confirmemus,
387 1066 521 1114 occurrat
546 1059 690 1113 memoria·
714 1057 839 1128 qualiter

80 1145 188 1200 umalo
204 1146 233 1200 in
249 1145 316 1201 Saul
332 1149 471 1214 irruente,
484 1153 581 1202 actum
591 1153 633 1202 est
649 1145 839 1216 prudentium

79 1247 125 1289 um
155 1233 275 1289 consilio
304 1234 363 1290 vim
393 1234 568 1290 harmonice
606 1234 759 1290 suavitatis
782 1247 839 1289 nou

78 1321 203 1389 antium,
232 1330 265 1377 ut
294 1323 419 1378 vesaniae
443 1330 542 1378 tanta·
561 1321 687 1378 stimulis
710 1321 839 1377 Dauidici

80 1410 101 1466 li
133 1409 328 1466 mederentur.
350 1411 431 1467 Unde
465 1419 493 1466 et
516 1410 696 1481 postmodum
722 1411 768 1467 rir
783 1411 840 1466 Deo

81 1512 95 1554 s
114 1512 181 1554 cum
198 1500 233 1554 ad
259 1498 350 1555 divini
366 1500 462 1556 cultus
482 1500 650 1571 religionem
663 1497 839 1569 amplitican-

87 1587 226 1657 templum
255 1588 397 1644 aediticare
425 1588 599 1658 disponeret,
638 1587 762 1659 psalmos
787 1587 839 1658 qui

893 451 958 507 quae
978 436 1007 492 in
1022 435 1222 505 superioribus
1244 433 1419 490 firmamenti
1441 432 1570 503 partibus
1590 433 1738 490 incessan-

893 532 936 581 ter
960 526 1095 581 resonat?
1110 539 1177 581 cum
1205 524 1331 580 coelestes
1353 521 1487 579 videlicet
1504 523 1622 593 spiritus
1636 536 1673 578 ex
1688 536 1738 579 as-

893 614 977 670 sidua
989 614 1095 670 divinae
1110 613 1267 685 majestatis
1293 612 1411 678 risione,
1427 618 1455 666 et
1479 623 1594 666 summa
1613 611 1736 668 invicem

893 703 1045 759 concordia
1074 703 1211 774 ligentur,
1235 709 1263 758 et
1292 701 1321 756 in
1347 702 1411 771 ejus
1439 713 1525 770 quem
1554 700 1737 770 conspiciunt

894 792 993 848 laudes
1016 792 1081 864 jugi
1108 799 1136 848 et
1157 789 1294 847 ineffabili
1318 788 1509 846 exsultatione
1536 787 1607 842 illud
1633 787 1734 844 decan-

893 890 963 950 tent,
994 881 1082 951 quod,
1110 880 1197 952 juxta
1224 880 1338 949 leniam,
1366 877 1511 947 seraphim
1533 877 1581 933 dle
1599 890 1633 932 ac
1654 884 1738 934 nocte

893 970 1074 1026 conclamare
1094 984 1154 1025 nou
1179 976 1308 1025 cessant:
1334 968 1462 1028 Sanctus,
1489 971 1610 1029 sanctus,
1627 971 1737 1022 sanctus
1800 1022 1803 1027 ,

892 1061 1021 1114 Dominus
1038 1062 1106 1113 Deus
1121 1059 1245 1118 sabaotb.
1259 1064 1312 1114 en.
1330 1057 1393 1128 (lso.
1403 1070 1443 1121 vr,
1456 1057 1495 1126 3.)

929 1146 1095 1216 Superiores
1117 1147 1217 1217 itaque
1252 1146 1315 1203 coeli
1349 1146 1391 1202 rel
1425 1144 1599 1201 firmamenti
1631 1151 1737 1213 partes,

893 1238 991 1293 beatos
1006 1237 1057 1293 hos
1081 1236 1202 1307 spiritus
1229 1238 1274 1294 rel
1302 1251 1403 1293 eorum
1426 1236 1606 1292 mansionem
1635 1234 1738 1292 intelli-

894 1327 999 1398 gimus,
1017 1339 1090 1396 quos
1103 1325 1190 1382 etiam
1215 1333 1322 1396 septem
1346 1325 1528 1396 planetarum
1544 1325 1660 1380 nomine
1673 1337 1738 1394 pro·

894 1423 956 1486 pter
970 1413 1170 1471 excellentiam
1189 1413 1328 1471 claritatis
1344 1413 1484 1484 ipsorum,
1511 1426 1585 1482 quos
1602 1413 1740 1483 spiritua-

893 1504 958 1562 liter
972 1503 1072 1561 dirina
1087 1503 1191 1575 gratia,
1216 1516 1282 1574 quae
1303 1502 1474 1573 septiformis
1488 1501 1604 1568 dicitur,
1632 1499 1739 1557 illumi-

894 1601 955 1661 nat,
967 1608 1024 1649 uon
1038 1592 1198 1664 incongrue
1213 1591 1375 1663 designasse
1394 1590 1538 1647 videntur.
1555 1589 1611 1657 Qui
1624 1596 1652 1646 et
1668 1590 1741 1645 bene

79 1684 226 1745 narentur,
253 1678 424 1748 composuit,
448 1685 475 1733 et
504 1678 634 1734 omnium
660 1677 839 1733 musicorum
858 1686 878 1743 p
895 1683 974 1754 apud
1003 1681 1106 1737 lsaiam
1139 1680 1292 1751 seraphim,
1323 1680 1351 1736 id
1375 1687 1416 1736 est
1439 1679 1607 1736 incendium
1634 1678 1741 1735 exhao

79 1773 253 1822 {mentorum
268 1780 375 1836 genera
398 1767 595 1837 congregavit,
614 1773 646 1822 ut
662 1773 720 1821 tam
736 1780 841 1821 vocum

79 1868 234 1910 isonorum
254 1855 448 1910 consonantiis
474 1855 576 1910 rudem
603 1853 728 1910 alliceret
751 1868 839 1924 popu-

93 1957 144 2013 per
173 1957 237 2014 queo
261 1951 346 1999 antea
373 1943 549 2000 diabolicum
569 1943 599 1999 in
629 1942 748 2014 reprobo
776 1956 842 2014 rege

79 2031 139 2087 avit
154 2040 337 2088 tormentum.

86 2135 146 2192 quo
162 2122 305 2191 precipue
321 2122 445 2177 traditur
468 2135 557 2191 quam
572 2120 714 2177 naturalis
724 2121 760 2176 sit
775 2120 840 2176 har-

79 2222 107 2264 ea
120 2208 289 2277 modulatio,
315 2224 381 2279 quae
406 2209 447 2264 ita
475 2218 611 2265 naturam
624 2210 688 2280 ejus
700 2209 843 2265 suavitate

79 2310 224 2367 imponere
248 2310 280 2351 ac
306 2311 444 2367 reparare
472 2298 559 2366 valet,
575 2301 608 2353 ut
635 2297 755 2368 maligni
771 2312 840 2367 quo-

79 2385 186 2454 piritus
200 2393 343 2442 tormenta
369 2401 432 2442 eam
449 2387 619 2456 perturbare
639 2400 698 2442 non
723 2393 840 2456 queant.

79 2488 131 2530 nus
142 2481 177 2543 ,et
192 2475 386 2543 quorumdam
411 2483 577 2530 sanctorum
593 2475 755 2530 animaene
770 2471 844 2544 quid

81 2562 144 2618 isin
159 2564 241 2618 exitu
268 2578 320 2619 suo
346 2571 524 2634 paterentur,
550 2565 586 2620 ad
600 2564 728 2620 melodiae
747 2562 841 2618 dulce-

79 2665 92 2705 o
118 2660 219 2720 sponte
244 2651 313 2707 bino
340 2667 469 2724 egressas
489 2653 586 2709 tuisse.
606 2653 684 2708 Unde
703 2656 731 2708 et
746 2652 775 2707 iu
791 2650 843 2708 Vi-

79 2746 172 2795 atrum
189 2741 328 2809 scriptum
357 2756 417 2797 esse
444 2742 641 2810 meminimus,
660 2740 748 2812 quod,
773 2740 843 2796 dum

79 2841 117 2883 un
140 2828 228 2885 irater
249 2830 348 2886 videre
375 2831 460 2887 vellet
487 2831 614 2886 auiuram
640 2829 796 2900 peccatoris
816 2835 844 2884 et

896 1769 1039 1842 spirituali
1054 1769 1265 1825 illuminatione
1278 1768 1377 1840 gratiae
1393 1768 1421 1823 in
1438 1780 1565 1823 amorem
1582 1766 1633 1823 Dei
1649 1765 1739 1822 maxi·

896 1875 941 1916 me
970 1871 1110 1916 succensa
1134 1864 1332 1926 nuncupatur.
1359 1856 1495 1925 Superior
1518 1862 1614 1912 autem
1637 1868 1738 1911 eorum

897 1947 1085 2004 mansiolam
1110 1945 1248 2016 dignitate
1271 1958 1360 2015 quam
1386 1945 1525 2016 positione
1549 1943 1671 2000 dicenda
1698 1942 1739 1998 ri-

896 2038 1022 2102 detur,a
1044 2048 1104 2107 qua
1119 2034 1149 2091 hi
1177 2035 1229 2107 qui
1243 2033 1435 2104 superbierint
1459 2033 1489 2088 iu
1503 2032 1581 2088 hunc
1604 2031 1740 2103 caligino-

896 2141 961 2182 sum
988 2132 1016 2182 et
1030 2125 1152 2180 densum
1171 2138 1267 2181 aerem
1291 2122 1399 2179 detrusi
1424 2120 1584 2177 dicuutur:
1607 2120 1658 2192 qni
1688 2119 1741 2175 loci

897 2229 1015 2287 quoque
1035 2213 1176 2284 positione
1202 2212 1331 2287 interior,
1356 2210 1431 2268 sicut
1459 2210 1671 2266 inhabitatione
1693 2208 1742 2264 de·

897 2303 996 2368 terior,
1024 2299 1129 2357 inferni
1155 2300 1270 2355 nomine
1301 2314 1360 2355 non
1390 2298 1624 2355 inconvenienter
1653 2293 1742 2363 accipi

897 2398 996 2461 potest.
1026 2391 1138 2446 Beneet
1160 2389 1235 2445 beati
1257 2388 1376 2459 spiritus
1398 2387 1439 2443 illi
1460 2387 1520 2444 sive
1540 2398 1668 2455 superna
1695 2386 1771 2440 eo·‘

898 2495 964 2537 rum
985 2480 1096 2535 mansio
1122 2478 1303 2535 firmamento
1331 2484 1526 2547 comparatur,
1557 2475 1609 2546 qui
1633 2471 1744 2530 caeteris

898 2582 948 2639 per
970 2568 1136 2639 superbiam
1159 2567 1354 2635 cernentibus,
1383 2566 1437 2622 hoc
1460 2566 1491 2621 iu
1520 2579 1579 2621 suae
1598 2561 1744 2629 fidelitatis

897 2665 925 2713 et
940 2656 1112 2713 humilitatis
1136 2656 1398 2712 remunerationem
1432 2658 1613 2722 acceperuut,
1638 2657 1670 2706 ιιι
1703 2649 1744 2704 sic

899 2745 929 2800 in
958 2743 1196 2816 contemplatione
1228 2742 1336 2800 diriuae
1364 2742 1521 2814 majestatis
1545 2741 1742 2804 firmarentur,

900 2842 930 2891 ut
944 2834 1068 2890 ulterius
1082 2833 1199 2889 omnino
1227 2832 1285 2888 labi
1311 2846 1369 2887 non
1395 2836 1513 2902 queant.
1531 2828 1612 2886 Unde
1637 2827 1741 2897 Grego-

80 2918 224 2986 quomodo
240 2919 427 2976 abstrabatur
449 2934 466 2974 a
487 2935 615 2990 corpore,
632 2927 658 2976 et
675 2934 734 2975 nou
760 2918 845 2974 vellet
861 2915 883 2974 C
901 2924 963 2980 rius
977 2924 1007 2979 in
1022 2922 1085 2991 lob,
1101 2922 1149 2978 lib.
1166 2934 1259 2977 xxrr:
1282 2922 1375 2987 Prius,
1397 2919 1501 2989 inquit,
1525 2918 1618 2973 eclam
1637 2918 1742 2984 fectum

88 3008 257 3063 contristare
279 3022 346 3064 eum
362 3009 391 3063 in
415 3009 555 3065 desiderio
577 3009 650 3079 ejus,
666 3008 776 3065 invenit
792 3006 842 3063 ho-

79 3109 104 3150 m
118 3097 300 3167 peregrinum
314 3097 466 3167 iacentemi
479 3099 507 3153 in
517 3099 610 3168 platea
619 3104 772 3169 aegrotum,
785 3110 844 3152 nou

79 3190 152 3241 ntem
172 3185 224 3256 qui
238 3186 263 3241 ei
286 3201 387 3242 curam
409 3187 567 3244 adhiberet.
591 3189 624 3243 Et
638 3202 706 3244 cum
720 3187 845 3244 venisset

87 3273 268 3330 dormitionis
287 3276 359 3346 ejus.
384 3276 521 3346 conspicit
543 3276 631 3332 irater
649 3275 696 3332 ille
721 3275 843 3332 llichae·

83 3369 112 3418 et
148 3362 309 3420 Gabrielem
337 3367 539 3421 descenderes
574 3372 690 3435 propter
717 3364 845 3420 auinram

89 3451 125 3507 Et
139 3453 240 3508 sedens
260 3468 337 3510 unus
358 3469 374 3509 a
397 3456 515 3520 dextris
533 3461 559 3510 et
584 3454 659 3510 alius
682 3466 699 3507 a
723 3453 846 3509 sinistris

90 3541 231 3611 rogabant
247 3544 374 3598 animam
389 3544 453 3613 ejus
473 3551 506 3600 ut
525 3543 722 3614 egrederetur,
745 3549 772 3597 et
787 3556 846 3598 non

79 3637 99 3684 ιι
118 3629 203 3699 quasi
219 3631 318 3686 nolens
340 3632 504 3701 relinquere
523 3643 627 3699 corpus
649 3644 746 3686 suum.
768 3628 847 3685 Dixit

79 3717 228 3775 uGabriel
245 3720 280 3774 ad
298 3720 486 3775 hlicbaelem:
508 3720 624 3774 Assume
643 3719 704 3788 jam
727 3721 847 3773 animum

79 3812 124 3861 tut
140 3809 335 3865 aecumaecui
351 3809 470 3866 Michael
484 3809 647 3879 respondit:
663 3808 744 3862 Jussi
754 3823 847 3863 sumus

79 3899 152 3951 mino
169 3903 200 3951 ut
213 3901 271 3953 sine
285 3899 375 3953 dolore
390 3901 528 3967 ejiciatur,
551 3899 665 3968 ideoque
678 3913 732 3952 noa
750 3912 847 3967 possu-

91 4002 151 4041 carn
181 3991 210 4041 oi
239 3989 351 4043 auellere
379 4005 447 4043 eam.
478 3987 660 4043 Exclamavit
689 4001 759 4056 ergo
792 3986 848 4043 lli-

79 4077 215 4149 lmagna
242 4093 309 4134 roce
341 4079 468 4135 diceus:
504 4081 624 4147 Domine,
649 4079 717 4145 quid
737 4081 778 4133 ais
816 4077 849 4132 de

79 4182 98 4221 a
111 4167 172 4235 bac,
197 4172 337 4237 quianon
357 4170 505 4237 acquiescit
523 4169 600 4223 nabis
620 4173 650 4222 ut
671 4165 848 4236 egrediatur?

898 3013 1010 3080 dicitur,
1031 3017 1056 3068 et
1076 3012 1124 3066 boc
1138 3011 1210 3065 idem
1236 3014 1299 3080 post
1326 3008 1435 3064 modam
1454 3011 1655 3078 firmamentum
1669 3019 1744 3060 noco·

899 3109 953 3170 tar,
978 3103 1044 3171 quia
1061 3105 1163 3156 actura
1181 3100 1314 3167 angelica,
1329 3103 1356 3153 et
1370 3100 1452 3168 prius
1467 3096 1577 3153 subtilis
1598 3100 1639 3150 est
1656 3098 1686 3149 in
1697 3110 1743 3150 sn-

896 3192 1052 3263 perioribus
1068 3189 1187 3255 conditu,
1198 3193 1304 3258 etpost,
1320 3203 1507 3258 nonunquam
1525 3185 1621 3241 cudae
1632 3186 1744 3256 potuis-

899 3285 948 3346 set,
970 3278 1123 3334 mirabilius
1154 3280 1322 3347 confirmata.
1356 3275 1432 3332 ldem
1459 3269 1546 3345 super
1570 3272 1745 3329 Ezechielem

900 3368 1037 3424 homilia:
1057 3388 1068 3416 ι
1085 3367 1193 3423 creauit
1206 3368 1276 3421 Deus
1286 3364 1467 3434 culumfflen.
1483 3381 1502 3431 1,
1524 3362 1585 3434 l),s
1602 3361 1746 3432 quodpost

900 3457 1008 3512 modum
1035 3456 1141 3511 uocauit
1166 3474 1180 3503 o
1206 3457 1407 3524 firmamentum
1430 3451 1522 3524 (itta,
1552 3451 1615 3523 8),ι
1647 3452 1747 3508 Coelnm

900 3545 1165 3615 engelramnum,
1194 3548 1243 3611 qui
1261 3547 1350 3614 primo
1379 3543 1443 3598 bene
1471 3547 1535 3599 suat
1562 3529 1678 3610 conditi,
1701 3540 1748 3596 sed

897 3634 1072 3705 postmodum
1100 3636 1300 3704 firmamentum
1338 3632 1471 3701 appellati
1505 3636 1579 3697 sunt,
1613 3632 1679 3697 quia
1714 3644 1748 3684 nc

901 3725 1007 3779 omnino
1025 3723 1087 3791 jam
1115 3721 1243 3776 redueat
1262 3723 1392 3775 virtutem
1408 3719 1644 3774 immutabilitatis
1671 3733 1745 3774 acce·

900 3814 1010 3881 perum.
1035 3809 1110 3865 Illud
1132 3822 1250 3879 quoque
1275 3807 1354 3878 quod
1369 3807 1410 3863 ait
1425 3806 1515 3874 Plato,
1532 3808 1748 3864 animamloca-

901 3907 961 3955 tam
986 3909 1078 3953 essee
1102 3896 1159 3952 Deo
1184 3895 1213 3950 iu
1238 3895 1388 3950 medietate
1415 3893 1529 3961 mundi,
1554 3908 1678 3964 eamque
1700 3908 1750 3964 per

902 3999 1017 4042 omnem
1046 3983 1165 4057 globum
1200 3984 1296 4040 teretis
1328 3981 1405 4038 orbis
1443 3981 1595 4052 aqualiter
1628 3981 1748 4052 porrigi,

902 4077 1023 4147 pulchre
1041 4078 1172 4147 designat
1192 4076 1314 4148 gratiam
1333 4076 1382 4133 Dei
1405 4076 1539 4132 omuibus
1559 4075 1750 4131 communiter

903 4166 1038 4235 oblatam,
1058 4174 1163 4223 cuncta
1192 4172 1276 4236 prout
1301 4165 1417 4222 salubre
1432 4164 1477 4221 rel
1493 4178 1612 4235 equum
1633 4171 1685 4230 est,
1701 4163 1748 4219 be-

79 4260 191 4310 tautem
205 4256 231 4310 ei
246 4270 325 4310 vox:
355 4258 418 4310 Ecce
446 4259 523 4311 mitto
547 4256 635 4311 Dauid
655 4272 716 4310 cum
736 4255 850 4323 cythara
865 4265 888 4321 p
904 4257 1032 4328 nigueiu
1049 4256 1104 4312 hac
1127 4269 1234 4328 magna
1257 4255 1341 4311 domo
1363 4268 1417 4310 sua
1440 4268 1492 4310 seu
1505 4253 1609 4323 templo
1621 4251 1751 4323 dispone·

79 4358 133 4397 mes
156 4345 301 4413 psallentes
330 4345 490 4412 Jerusalem,
515 4351 545 4399 ut
571 4345 686 4400 audiens
714 4345 850 4414 psalmum

79 4447 159 4487 racem
178 4435 300 4502 ipsorum
338 4435 504 4502 egrediatur.
535 4433 667 4505 Cumque
690 4433 850 4491 descendis·

86 4534 186 4577 omnes
229 4523 258 4577 iu
296 4523 420 4579 circuitu
461 4522 565 4580 animae
595 4523 673 4580 illius
704 4529 853 4579 cantantes

79 4609 134 4676 nis,
161 4609 201 4666 sic
225 4610 361 4666 exsiliens
389 4612 486 4666 anima
508 4612 557 4668 illa
577 4612 697 4668 seditio
717 4612 853 4668 manibus

79 4699 166 4766 caelis,
191 4707 218 4756 et
233 4708 382 4771 assumpta
404 4709 446 4757 est
470 4715 536 4757 cum
565 4702 680 4773 gaudio.
709 4702 783 4757 Bene
800 4700 851 4756 ita·

79 4788 253 4858 philosophi,
280 4790 338 4845 imo
362 4789 504 4845 Dominus
529 4803 579 4860 per
598 4805 645 4846 eos
678 4788 706 4843 id
734 4789 853 4844 iorsitan

79 4884 183 4944 rantes,
204 4885 260 4933 tam
281 4878 334 4947 ipsi
349 4879 453 4934 animae
470 4879 581 4946 mundi,
609 4891 701 4949 quam
724 4877 853 4947 superio·

79 4965 272 5022 sfirmamenti
288 4968 419 5037 partibus
440 4968 560 5024 nimiam
589 4980 622 5023 ac
636 4981 780 5022 summam
792 4979 852 5022 mo·

79 5056 166 5111 tionis
194 5057 368 5113 suavitatem
398 5057 559 5128 assignant,
589 5063 621 5113 ut
640 5063 751 5127 quauta
774 5069 851 5126 pace,

79 5151 120 5200 ita
145 5144 282 5202 truantur
308 5147 470 5214 concordia,
501 5160 589 5217 quam
611 5145 779 5216 diligentius
794 5158 855 5215 pos

97 5236 303 5305 exprimerent,
330 5244 358 5292 et
380 5249 468 5306 quam
495 5236 673 5292 concorditer
703 5241 809 5290 cuncta
823 5235 853 5289 in

81 5324 118 5380 do
140 5324 240 5380 divina
264 5325 389 5396 disponit
411 5325 533 5392 bonitas,
554 5338 642 5396 quam
665 5323 705 5380 illi
728 5324 855 5380 animam

81 5411 123 5483 di,
151 5413 258 5470 veritas
286 5413 426 5484 Spiritum
452 5422 596 5482 sanctum,
621 5422 653 5471 ιιι
673 5414 852 5482 dictumest,

79 5501 151 5559 inat.
181 5502 251 5567 ouis
268 5502 355 5559 etiam
382 5502 407 5559 si
436 5501 587 5575 diligenter
612 5502 775 5571 attenderit,
797 5514 856 5560 non

905 4359 946 4402 re.
977 4345 1028 4402 llis
1054 4352 1151 4402 autem
1170 4344 1242 4401 illud
1266 4344 1334 4401 libri
1358 4343 1511 4413 Sapientiae
1530 4350 1627 4412 aperte
1655 4339 1751 4398 conci·

906 4434 965 4490 nit:
990 4434 1113 4506 Spiritus
1138 4435 1248 4489 Domini
1268 4432 1384 4502 repleuit
1411 4432 1500 4486 orbem
1529 4435 1673 4494 terrarum,
1696 4436 1750 4506 etc.

907 4523 986 4596 (Sap.
1009 4539 1029 4592 1,
1052 4524 1090 4595 7).
1118 4525 1212 4594 lltque
1226 4521 1296 4578 illud
1315 4521 1491 4577 Psalmistae:
1508 4521 1615 4589 Spiritu
1627 4521 1681 4574 oris
1693 4519 1753 4588 eius

906 4615 993 4668 omnis
1007 4615 1095 4668 uirtus
1115 4627 1207 4667 eornm
1222 4610 1305 4682 (Pscl.
1333 4624 1428 4676 xxxii,
1449 4609 1487 4680 6).
1513 4608 1594 4676 Quod
1613 4621 1682 4664 vero
1710 4614 1752 4664 to·

908 4709 969 4759 tum
996 4703 1140 4758 mundum
1156 4716 1251 4758 unuin
1272 4700 1380 4757 animal
1396 4701 1474 4757 Plato
1492 4700 1570 4769 dicit,
1594 4698 1753 4755 maximam

907 4791 1091 4848 concordiam
1113 4792 1315 4847 universorum
1342 4804 1463 4861 operum
1491 4789 1540 4846 Dei
1563 4790 1750 4850 demonstrat,

907 4879 991 4952 quasi
1005 4881 1187 4937 diversorum
1210 4879 1407 4935 membrorum
1426 4879 1457 4934 in
1480 4892 1539 4934 uno
1553 4890 1672 4948 corpore
1687 4875 1754 4932 aui·

907 4969 1000 5038 malis,
1015 4969 1123 5040 quibus
1147 4969 1284 5026 omnibus
1302 4982 1361 5024 una
1386 4974 1487 5038 praeest
1507 4967 1606 5022 anima
1633 4964 1757 5036 singulis

908 5067 965 5114 tota
981 5071 1116 5128 praesens,
1135 5064 1163 5113 et
1187 5057 1218 5113 in
1242 5057 1363 5114 diversis
1378 5070 1449 5124 uua,
1472 5063 1499 5112 et
1515 5055 1615 5113 eadem
1634 5067 1757 5125 operans

908 5147 1033 5203 diversa.
1054 5145 1099 5201 Sic
1114 5153 1141 5201 et
1158 5146 1308 5216 Apostolus
1327 5145 1414 5202 totius
1429 5143 1562 5202 Ecclesia
1572 5142 1755 5200 concordiam

908 5236 1110 5305 unitatemque
1132 5235 1340 5302 demonstrans,
1356 5247 1419 5291 earn
1435 5248 1527 5291 uuum
1542 5247 1646 5304 corpus
1669 5232 1755 5289 Chri-

909 5325 945 5381 sti
974 5324 1109 5396 appellat,
1134 5338 1186 5395 per
1209 5323 1349 5394 quosdam
1373 5338 1475 5389 nexus,
1490 5331 1519 5381 et
1537 5337 1701 5395 compagem
1725 5322 1756 5379 ll·

910 5414 964 5480 dei,
980 5420 1008 5470 et
1022 5412 1179 5478 charitatis,
1202 5428 1238 5470 ex
1258 5412 1378 5470 dirersis
1398 5412 1532 5471 lidelibus
1554 5411 1755 5485 conjunctum,

909 5501 965 5559 sibi
983 5501 1024 5560 ita
1053 5501 1178 5559 invicem
1202 5502 1396 5560 servientibus
1418 5510 1447 5561 et
1469 5500 1755 5567 administrantibus,
