3804 5962
137 148 204 205 {539

400 143 505 200 Parth
525 142 710 198 ADAELARDI
730 141 805 197 OPP.
827 140 917 196 PARS
936 140 985 195 lll.
997 167 1034 181 -
1047 139 1269 197 theotbalda
1288 143 1331 196 ha
1348 141 1612 199 Philosoettlcn.
1816 144 1865 199 tall

133 270 218 327 Deus,
247 268 308 326 Non
338 267 544 323 sacrificiorum
566 263 808 335 magnitudinem,
837 263 883 320 sed
910 261 977 317 elie·
992 262 1019 316 A
1033 268 1132 319 sancta
1155 270 1233 334 sunt,
1253 264 1439 335 coinquinari
1463 279 1520 321 non
1546 271 1691 335 possunt;
1717 264 1824 322 idcirco
1842 268 1866 322 al

133 359 259 415 rentium
276 356 379 412 merita
400 367 558 423 causasque
573 352 722 423 dijudicat.
742 353 820 407 Unde
835 359 862 406 et
877 351 980 418 vidua,

134 461 200 517 quae
211 447 268 501 duo
288 445 401 499 minuta
422 443 547 510 miserat,
564 441 699 498 omnihus
713 454 730 496 a
743 441 889 496 salvatore
905 454 977 510 prra-

133 536 233 603 iertur,
260 534 330 604 qnia
355 532 495 588 Dominus
514 546 571 587 uon
599 544 633 587 ea
653 540 718 600 qnae
738 529 909 595 offeruntur,
930 527 979 584 sed

132 623 310 680 voluntatem
325 620 438 690 respicit
454 619 647 676 ollerentiunt.
663 619 738 674 idem
754 621 781 672 iu
792 619 976 689 sophoniam:

133 712 297 769 Sacerdotes
311 710 398 780 impie
417 718 508 780 agunt
525 711 552 764 in
574 708 636 780 lege
651 709 766 764 Domini
782 716 915 778 putantes
929 721 977 762 eu·

131 799 296 857 charistiam
322 798 466 869 precantis
492 798 585 854 lacere
612 798 712 864 verba,
738 812 796 854 non
825 799 923 863 vitam,
952 803 981 854 et

129 889 320 948 necessariam
352 903 412 945 esse
435 893 548 944 tantum
574 887 731 943 solemnem
764 887 924 943 orationem
952 896 979 945 et

130 993 188 1039 non
202 978 387 1035 sacerdotum
407 978 520 1043 merita,
551 977 585 1032 de
611 977 719 1046 quibus
734 976 850 1042 dicitur,
867 977 916 1047 qui
933 991 978 1033 sa-

131 1071 232 1126 cerdos
256 1069 286 1124 in
309 1081 487 1138 quacunque
519 1065 606 1121 luerit
631 1065 755 1133 macula,
783 1080 841 1120 non
862 1066 979 1122 accedat

131 1158 289 1216 oblationes
314 1154 417 1213 otierre
440 1155 570 1210 Domino.
598 1156 771 1220 Aupustinus
797 1154 844 1208 tib.
873 1154 896 1206 ll
919 1169 979 1207 cort·

131 1254 174 1304 tro
199 1247 345 1319 epistole-m
370 1246 572 1300 Parmenioni:
597 1244 649 1299 Per
673 1244 775 1298 isaiam
791 1242 920 1313 (unvai)
936 1242 977 1297 di-

129 1338 167 1395 cit
196 1336 359 1393 Dominus:
378 1336 565 1398 Democrates,
585 1335 633 1399 qni
655 1335 791 1402 sacrificet
817 1331 884 1386 mihi
907 1335 978 1385 vitu·

130 1429 195 1495 lum,
218 1426 298 1496 quusi
322 1425 369 1494 qui
391 1438 484 1478 cenem
510 1421 625 1487 occidet,
653 1426 678 1475 et
690 1423 770 1490 poerit
793 1421 977 1489 similapinem

1032 367 1075 419 eo,
1094 367 1247 423 usquequo
1261 353 1459 423 episcoporum
1484 353 1592 424 jndicio
1605 353 1790 424 reprobetur,
1806 369 1867 410 can·

1034 442 1133 498 trinnio
1163 442 1344 512 percipienda
1369 452 1420 509 est,
1446 443 1585 513 quoniam
1608 443 1679 500 mali
1702 443 1780 499 buna
1800 444 1869 499 mini·

1033 531 1150 586 strando
1175 531 1269 586 missae
1288 545 1317 587 se
1333 539 1449 587 tantum
1479 531 1605 597 laedunt;
1627 539 1655 586 et
1671 545 1758 588 cerea
1772 530 1820 587 tax
1831 544 1869 587 ac·

1033 621 1190 676 causasibi
1211 621 1328 690 quidem
1353 621 1556 676 detrimentum
1586 627 1715 690 praestat,
1732 620 1795 676 aliis
1815 634 1869 678 rem

1032 708 1141 776 lumen,
1166 716 1193 764 et
1208 709 1284 765 unde
1313 708 1377 765 aliis
1405 709 1585 764 commodum
1601 709 1733 776 exhibet,
1750 709 1815 765 inde
1827 709 1869 765 sibi

1033 797 1214 867 dispendium
1233 798 1349 867 praebet.
1368 798 1478 854 Sumite
1504 812 1573 869 ergo
1588 799 1625 855 ab
1641 798 1722 854 omni
1738 798 1871 855 sacerdote

1034 887 1176 957 intrepide
1202 886 1305 943 Christi
1328 888 1475 957 mysteria,
1500 886 1639 957 quoniam
1659 887 1762 943 omnia
1786 887 1813 942 in
1829 885 1872 943 hde

1032 980 1207 1049 purgantur,
1229 983 1256 1032 et
1285 977 1354 1045 quia
1379 990 1436 1031 non
1461 976 1557 1031 dantis
1583 977 1631 1033 sed
1657 975 1828 1045 accipientis
1844 974 1872 1031 sit

1033 1067 1149 1122 docente
1176 1066 1258 1122 beato
1286 1065 1468 1136 Hieronymo,
1498 1065 1535 1121 ad
1559 1064 1740 1121 eredendum
1756 1063 1786 1119 in
1805 1065 1872 1121 omni

1032 1156 1129 1212 anima
1148 1155 1322 1224 baptismum
1338 1170 1399 1210 esse
1422 1153 1589 1224 perlectum,
1606 1155 1659 1225 qui
1674 1167 1783 1210 rursus
1797 1167 1871 1210 sacra

1032 1245 1188 1315 Scriptum
1215 1245 1392 1301 concordans
1412 1244 1452 1301 ait
1481 1261 1487 1298 :
1517 1244 1696 1315 Priusquam
1721 1245 1869 1312 audisset

1030 1335 1207 1406 judicaveris
1235 1349 1424 1406 quemquam,
1465 1341 1552 1404 atque
1589 1342 1656 1391 ante
1683 1335 1867 1404 probationem

1032 1428 1152 1485 actionis
1180 1427 1264 1483 illata
1288 1426 1430 1482 neminem
1450 1439 1467 1481 a
1491 1432 1541 1482 tua
1556 1425 1696 1482 concione
1712 1426 1868 1497 suspendas,

131 1517 212 1587 quasi
223 1516 383 1583 sanquinem
397 1514 548 1582 porcinum,
569 1516 594 1565 et
619 1511 762 1580 quieffert
788 1511 849 1564 thus
877 1511 905 1563 in
923 1525 976 1563 me·
993 1538 1015 1594 B
1034 1518 1105 1589 quia
1129 1531 1186 1572 nott
1209 1515 1306 1572 statim
1332 1515 1381 1586 qul
1401 1522 1556 1571 accusatur
1583 1529 1650 1572 reus
1678 1522 1735 1586 est,
1764 1515 1813 1573 sed
1830 1517 1867 1588 qni

130 1609 256 1672 mortam,
282 1604 361 1669 quusi
386 1602 565 1671 blasphemus.
586 1602 653 1655 Item
673 1615 679 1654 :
702 1599 850 1655 sacrificia
876 1597 976 1668 impio-

131 1711 198 1753 runt
222 1694 290 1764 ipsis
314 1693 447 1760 oberunt,
473 1690 524 1761 qui
544 1688 669 1744 ollerunt
686 1687 781 1758 impie.
799 1688 870 1743 Nam
886 1687 975 1743 sacri·

129 1786 229 1843 srcium
245 1785 301 1840 tale
326 1783 431 1853 cuique
458 1780 499 1848 ht,
516 1780 597 1850 quali
623 1778 708 1835 corde
722 1778 758 1834 ad
778 1779 977 1848 accipiendum

129 1874 289 1933 accesserit.
312 1871 365 1939 Qui
386 1871 463 1927 enim
480 1869 636 1925 manducat
646 1876 673 1924 et
693 1868 765 1923 bibit
782 1867 910 1937 indigue,
933 1858 992 1922 se!

129 1964 258 2021 cundum
275 1961 421 2033 judicium
440 1959 595 2014 manducat
610 1965 637 2013 et
662 1956 742 2012 bibit.
765 1957 834 2012 Item
851 1970 857 2010 :
874 1956 978 2011 Omnia

129 2058 319 2118 sacramenta,
345 2063 411 2104 eum
435 2047 529 2104 obsint
557 2046 676 2117 indigne
692 2046 893 2113 tractantibus,
916 2060 978 2114 pro-

130 2150 199 2199 sunt
223 2144 318 2196 tamen
339 2152 387 2208 per
411 2151 458 2193 ecs
487 2136 572 2205 digne
587 2134 780 2190 sumentibus.
796 2136 864 2188 Item
887 2149 893 2187 :
913 2133 976 2203 Spi-

128 2231 204 2287 ritus
227 2236 344 2285 sanctus
368 2227 396 2280 in
412 2225 546 2281 Ecclesiae
565 2223 716 2294 preposito
731 2223 776 2278 vel
791 2223 922 2278 ministro
937 2224 977 2278 sie

130 2320 215 2387 inest,
244 2325 287 2383 ut,
311 2316 334 2371 si
356 2315 439 2371 lletns
469 2328 525 2368 nun
552 2320 603 2379 est,
634 2318 769 2381 operetur
785 2325 835 2381 per
864 2326 929 2368 eum
949 2319 976 2367 et

128 2406 191 2478 eius
214 2404 371 2461 mercedem
395 2409 423 2457 et
441 2415 541 2457 eorum
558 2400 806 2470 regenerationem
825 2400 870 2456 vel
885 2400 974 2457 aedisr·

128 2496 279 2557 sationem,
297 2493 347 2562 qui
364 2504 415 2561 per
430 2504 497 2546 eum
519 2490 579 2545 slve
595 2497 801 2545 consecrantur
816 2490 876 2545 sive
890 2505 977 2546 cvan-

128 2583 297 2656 gelizantur.
315 2579 342 2636 st
368 2586 465 2635 autem
490 2578 573 2634 lictus
588 2585 639 2646 est,
656 2578 732 2633 deest
747 2578 864 2648 quidem
888 2578 976 2635 saluti

126 2673 198 2744 ejns.
228 2674 295 2726 ltem
322 2685 329 2724 τ
363 2668 511 2732 Quomodo
542 2666 680 2724 Catholici
721 2681 778 2722 non
817 2667 976 2723 clarificant

127 2762 230 2823 Deum,
247 2759 299 2831 qni
319 2765 500 2814 sacramenta
520 2758 584 2828 ejus
601 2764 659 2812 tam
675 2756 769 2812 debita
790 2761 975 2814 veneratione

127 2858 354 2922 prosequuntur,
373 2857 406 2904 ut
420 2847 506 2903 etiarn
526 2847 551 2902 si
574 2846 610 2901 ab
633 2846 761 2917 indignis
775 2854 895 2903 tractata
915 2847 973 2903 lne-

127 2941 194 3005 rint,
211 2940 266 2996 illis
281 2952 336 2995 sna
361 2936 544 3007 perversitate
568 2935 974 3001 damnatis‚illa1ntemerata

126 3028 276 3084 sanctitate
291 3038 461 3096 permanere
475 3022 694 3078 demonstrent?
713 3023 788 3077 Idem
812 3026 842 3077 in
864 3025 974 3091 dioloqo

126 3119 163 3173 cd
201 3120 402 3173 Petiltenum:
431 3116 571 3170 lllemento
599 3114 787 3169 sacramentis
820 3114 869 3169 Dei
900 3115 974 3170 nihil

126 3208 225 3265 obesse
253 3220 346 3262 mores
373 3203 536 3269 hominurn,
564 3201 688 3272 qnoilla
718 3202 761 3257 vel
781 3203 899 3258 omnino
916 3218 973 3259 non

125 3295 193 3363 sint,
209 3295 253 3350 vel
269 3294 367 3349 minus
386 3300 485 3348 sancta
499 3291 565 3346 sint.
584 3291 674 3346 ltem:
693 3290 807 3347 Gratias
820 3306 884 3362 ago,
902 3293 973 3362 qnia

126 3383 240 3439 tandem
256 3382 404 3438 confessus
420 3395 450 3436 es
466 3395 547 3450 posse
567 3380 662 3436 valere
678 3379 845 3436 invocatum
866 3395 972 3437 nornen

125 3471 231 3528 Christi
246 3472 282 3526 ad
299 3471 424 3526 aliorum
441 3470 574 3536 salutem,
595 3469 681 3524 etiam
698 3469 722 3525 si
740 3482 757 3524 a
776 3470 973 3538 peccatoribus

126 3560 284 3616 invocetur.
305 3560 380 3616 ltine
406 3574 476 3629 ergo
497 3557 635 3628 intellige,
659 3572 711 3613 cur
743 3559 849 3615 Christi
868 3574 973 3616 nornen

124 3648 286 3717 invocatur,
303 3664 360 3704 non
376 3648 610 3705 abessealiorum
630 3648 717 3703 saluti
737 3656 852 3717 peccata
867 3649 971 3705 aliena.

125 3739 200 3794 Idem
228 3741 258 3793 t'n
284 3739 354 3794 libro
381 3738 567 3804 Quaestionum
585 3737 688 3792 Veteris
719 3739 902 3791 Testamenti:
920 3737 972 3793 Di-

123 3835 203 3885 ctum
220 3836 262 3885 est
277 3827 311 3883 de
327 3828 506 3898 nequissimo
522 3824 631 3896 caipha
647 3840 653 3879 :
670 3828 828 3880 iterantem
843 3831 972 3881 osernet-

1032 1605 1215 1664 convinoitnr
1229 1605 1410 1661 criminosus.

1404 1691 1506 1750 Cllill.

1032 1781 1107 1849 Quod
1123 1786 1213 1840 misso
1231 1789 1294 1840 ente
1320 1785 1415 1839 horem
1442 1786 1550 1839 tertiam
1577 1798 1632 1839 non
1661 1786 1701 1839 sit
1723 1782 1866 1840 celebrando
1897 1806 1901 1839 ε

1272 1857 1328 1910 nisi
1341 1856 1479 1921 innotuit,
1494 1860 1519 1910 et
1530 1860 1634 1910 contro.
1897 1849 1900 1868 '

1070 1963 1246 2031 Telesphorus
1276 1966 1407 2032 septimus
1431 1978 1447 2015 u
1474 1963 1554 2017 Petro
1581 1963 1612 2016 in
1639 1961 1777 2016 Decretolt'
1799 1975 1864 2017 aad:
1897 1976 1900 1985 ·

1031 2055 1117 2109 llocte
1140 2067 1208 2108 vero
1238 2061 1338 2108 sancta
1369 2049 1529 2107 nativitatis
1550 2049 1668 2106 Domini
1685 2048 1789 2108 missas
1805 2048 1865 2105 cele·
1896 2062 1899 2071 ·

1031 2144 1129 2209 hrent;
1147 2141 1268 2212 reliquis
1286 2155 1354 2197 vero
1385 2139 1564 2210 temporibus
1580 2140 1740 2195 missarum
1755 2138 1864 2195 celebra·

1031 2233 1122 2289 tiones
1142 2237 1207 2286 ante
1230 2229 1330 2284 horam
1347 2227 1403 2284 dici
1432 2228 1542 2284 tertiam
1570 2227 1692 2283 minime
1715 2235 1784 2284 sunt
1806 2226 1864 2283 cele-

1031 2321 1158 2379 brandae.
1175 2320 1250 2375 idem
1262 2321 1292 2373 in
1306 2318 1421 2388 epistole
1434 2333 1493 2386 cop.
1513 2317 1547 2370 vt
1563 2330 1570 2370 :
1586 2317 1742 2372 Missarum
1756 2315 1864 2372 celebra-

1031 2411 1123 2467 tiones
1149 2418 1216 2466 ante
1244 2410 1346 2464 horam
1366 2408 1423 2467 diei
1444 2406 1555 2463 tertiam
1572 2406 1693 2462 minime
1717 2414 1785 2463 sunt
1809 2405 1864 2462 cele

1031 2500 1159 2566 brandae,
1180 2499 1249 2568 qnia
1263 2498 1360 2553 eadem
1377 2497 1448 2552 bora
1463 2504 1490 2551 et
1509 2495 1648 2550 Dominus
1664 2494 1822 2551 crucifixus
1833 2500 1865 2550 est

1030 2597 1058 2645 et
1088 2603 1175 2658 snper
1194 2586 1335 2657 apostolos
1357 2585 1479 2655 Spiritus
1501 2592 1620 2640 sanctus
1638 2583 1819 2640 descendisse
1836 2581 1865 2637 le

1031 2678 1120 2750 gitur,
1142 2684 1262 2747 excepta
1288 2683 1370 2730 nocte
1391 2674 1566 2730 Nativitatis.
1596 2675 1641 2728 Ee
1672 2672 1757 2728 dictis
1781 2673 1864 2738 Aaou·

1030 2770 1098 2823 sttui
1114 2783 1120 2822 :
1137 2769 1173 2823 Et
1189 2767 1241 2822 hoe
1261 2764 1467 2822 attendendum
1483 2771 1534 2830 est,
1552 2770 1582 2817 ut
1597 2762 1696 2818 missae
1712 2761 1864 2831 peculiares,

992 2890 1014 2948 C
1031 2870 1097 2927 quaa
1112 2870 1162 2926 per
1176 2855 1237 2911 dies
1252 2853 1393 2910 solemnes
1412 2866 1429 2908 a
1448 2851 1645 2911 sacerdotibus
1661 2849 1748 2918 liunt,
1763 2863 1816 2906 non
1835 2849 1865 2903 ita

1031 2948 1060 3003 in
1091 2947 1205 3018 publico
1236 2945 1316 3009 hant,
1348 2952 1380 3001 nt
1408 2958 1458 3014 per
1487 2957 1536 2999 eas
1564 2942 1730 3011 populusa
1757 2938 1864 3012 publicis

1030 3037 1184 3092 missarum
1210 3034 1398 3098 solemnibus,
1434 3046 1500 3102 quae
1525 3031 1596 3086 bora
1628 3031 1715 3085 tertia
1739 3028 1897 3131 canonice

1029 3124 1113 3191 hunt,
1141 3125 1344 3189 abstrahatur;
1377 3120 1448 3192 quia
1476 3119 1617 3190 pessimus
1646 3133 1721 3174 usus
1736 3127 1778 3174 est
1799 3086 1897 3187 apnd;

1028 3214 1168 3285 quosdam
1198 3213 1226 3268 in
1249 3211 1406 3268 Dominicis
1430 3210 1533 3266 diebus
1560 3207 1673 3264 sivein
1700 3206 1896 3279 quibuslibet

1028 3302 1235 3359 festivitatibus
1264 3316 1330 3356 nrox
1346 3301 1463 3356 missam
1491 3289 1682 3362 celebrare,
1663 3296 1807 3366 quamvis,
1819 3294 1859 3350 etsi

1028 3406 1080 3463 pro
1094 3391 1237 3448 detunctis
1252 3391 1299 3457 sit,
1321 3403 1387 3446 eum
1410 3388 1561 3444 audientes
1588 3385 1758 3454 abscedant,
1784 3393 1860 3454 elpes

1028 3488 1119 3537 totum
1147 3481 1223 3538 diem
1252 3495 1269 3536 a
1292 3479 1385 3549 primo
1414 3492 1499 3533 mane
1518 3475 1650 3533 ebrietati
1664 3481 1694 3533 et
1708 3485 1858 3533 commmsa

1027 3570 1098 3627 tioni
1114 3571 1308 3641 potiusquam
1324 3569 1379 3625 Deo
1395 3567 1569 3624 deserviant

1377 3656 1521 3713 CXXII.

1097 3749 1173 3815 Quod
1182 3749 1305 3804 omnibus
1325 3750 1428 3818 nctph'e
1442 3761 1571 3801 concessae
1582 3746 1650 3808 sint,
1666 3748 1694 3800 et
1707 3748 1806 3802 contre
1894 3824 1897 3829 .

1063 3837 1167 3892 Paulus
1197 3838 1334 3907 apostolus
1359 3839 1390 3890 in
1414 3838 1503 3904 Epist.
1533 3834 1570 3889 od
1602 3835 1760 3891 Corinthios
1778 3837 1789 3892 l
1810 3833 1859 3902 [tlt.

123 3922 183 3987 ίΡδθ
200 3934 254 3973 ⁷2⁰⁷2
273 3921 323 3986 ⁰5²,
344 3917 393 3972 3θά
413 3933 474 3972 cum
488 3921 555 3971 0⁵⁸0!
570 3917 696 3984 porrtifec
720 3917 787 3970 antii
802 3916 890 3983 iltius,
904 3932 972 3985 lll0·
1028 3927 1053 3997 l]
1075 3943 1081 3982 :
1103 3926 1261 3997 Dequibus
1288 3933 1384 3982 antem
1403 3924 1559 3994 scripsistis
1586 3923 1683 3980 mibi:
1702 3925 1813 3981 Donum
1827 3925 1862 3976 est

122 4009 246 4077 dimitti
271 4008 360 4077 (1⁰0st
391 4021 432 4074 ¹¹,
463 4008 518 4077 dt).
542 4006 595 4061 Pes
619 4005 697 4076 <ll1⁰d
722 4004 892 4074 inlelligit&
911 4004 972 4073 Spi-
1026 4014 1134 4071 bomini
1163 4015 1313 4070 mulierem
1343 4029 1401 4070 non
1433 4021 1574 4083 tangere;
1607 4021 1731 4083 propter
1757 4010 1864 4068 tornica-

47 4101 50 4105 ’
123 4096 211 4152 flium
237 4105 369 4153 sancium
397 4094 603 4167 dssflsssalsslffll
629 4108 687 4149 110ss
713 4107 863 4163 lemnam
888 4093 970 4162 digni
1025 4104 1130 4161 tionem
1144 4113 1242 4161 autem
1264 4104 1570 4174 unusquisquesuam
1589 4102 1865 4160 uxorembabeatet

123 4194 174 4242 aut
201 4185 323 4257 indigni,
353 4186 401 4242 sed
433 4186 561 4241 ordinem
588 4183 759 4248 traditionis,
785 4190 816 4239 ut
836 4184 970 4253 quamvis
986 4164 1008 4219 ⁰
1024 4208 1210 4265 unaquaeqne
1236 4193 1333 4249 virum
1359 4207 1455 4249 suum.
1481 4193 1567 4246 Actus
1591 4193 1691 4261 pmmae
1717 4192 1791 4248 senis
1815 4190 1864 4246 sp.

123 4274 230 4346 aliquis
242 4275 308 4332 boni
324 4275 418 4331 meriti
445 4274 490 4341 sit,
507 4288 565 4329 non
581 4281 675 4328 tamen
691 4273 780 4342 possit
794 4272 968 4341 benedicere,
1022 4283 1110 4352 pleoni
1138 4299 1228 4353 pope,
1266 4298 1326 4352 cop.
1356 4282 1394 4336 111
1427 4297 1433 4336 :
1463 4281 1554 4337 Aliter
1580 4295 1610 4336 ω
1640 4280 1730 4338 habet
1757 4280 1866 4339 ortem.

122 4365 178 4421 nisi
198 4364 285 4421 tuerit
307 4364 467 4430 ordinatus,
485 4361 657 4419 ntolhcium
675 4361 802 4431 mysterii
824 4360 968 4418 exhibeat.
1024 4371 1096 4428 lium
1126 4370 1249 4428 001101150
1275 4370 1478 4438 aeclesiarum,
1508 4368 1592 4425 aliter
1613 4368 1664 4440 jus
1687 4377 1798 4426 sanem
1822 4368 1863 4424 lq>

121 4454 173 4510 Dei
188 4463 284 4511 autem
299 4460 341 4509 est
356 4452 491 4509 allectum
510 4452 639 4507 tribuere
655 4450 872 4507 benedictionis.
895 4451 970 4505 idem
1023 4475 1116 4517 1113„ae
1151 4459 1291 4516 Ecclesiae,
1329 4459 1403 4515 Nam
1436 4472 1537 4515 mrum
1559 4445 1735 4528 presbyteri,
1766 4453 1864 4516 dimon

121 4547 162 4600 De
185 4545 265 4599 ttttiao
290 4544 434 4613 baptisma,
465 4541 512 4596 tib.
541 4556 560 4596 ll
578 4557 584 4595 :
605 4540 691 4596 Aliud
719 4548 761 4596 est
786 4539 969 4596 nonhabet&
1024 4557 1110 4618 atque
1151 4546 1323 4604 subdiaconi
1359 4546 1541 4602 matrimonio
1570 4545 1762 4618 copulantur,
1797 4545 1864 4603 istim

122 4633 244 4704 aliquid·
269 4641 321 4689 ³11¹
335 4647 394 4687 ¹¹0ss
407 4632 474 4702 jure
502 4630 609 4686 habere
635 4629 678 4684 vol
704 4628 801 4685 ῙΗῙθῑῐθ
819 4643 968 4699 usurpare.
1024 4645 1120 4694 autem
1136 4636 1269 4693 Ecclesiae
1288 4635 1333 4692 vel
1354 4634 1574 4691 occidentalium
1590 4634 1696 4691 nullus
1721 4649 1740 4692 a
1759 4634 1863 4694 subdit·

122 4722 184 4778 Non
211 4722 307 4792 itaque
336 4721 398 4777 ideo
426 4734 483 4776 non
511 4727 579 4775 sunt
606 4725 785 4775 sacramenta
811 4717 917 4774 Christi
942 4726 970 4776 et
1024 4725 1221 4796 conisusque
1253 4724 1288 4779 ad
1318 4724 1485 4794 episcopum
1505 4722 1651 4803 licentiam
1678 4723 1793 4782 babent
1813 4735 1863 4780 noe

122 4811 317 4881 Ecclesiae3et
335 4812 370 4867 iis
395 4810 493 4867 illicite
509 4817 633 4866 utuntur
648 4823 705 4864 non
720 4808 846 4863 baeretici
862 4808 967 4873 solum,
1021 4813 1140 4885 jugium
1164 4813 1311 4870 sortiendi.
1336 4814 1387 4868 Leo
1420 4817 1514 4868 centro
1538 4814 1683 4880 epistelam
1715 4809 1862 4870 Niceten·

71 4905 74 4908 ⁴
122 4900 281 4957 sedetiam
308 4914 408 4956 omnes
441 4898 535 4969 iniqui
563 4907 590 4955 ct
608 4896 699 4966 impii.
729 4897 781 4953 Sed
806 4905 902 4953 tamen
929 4896 969 4953 illi

121 4989 286 5061 corrigendi
301 4997 351 5046 aut
366 4989 515 5059 puniendi,
536 4988 585 5044 illa
604 5002 672 5043 vero
688 4986 868 5059 agnoscenda
882 4993 909 5041 et
921 5000 967 5042 ve·

121 5080 252 5137 iteranda
266 5089 344 5136 sunt.
372 5079 501 5135 Nicotaus
526 5092 601 5146 popo
630 5077 667 5132 ud
690 5079 813 5132 consulta
835 5076 968 5143 Dulporo·

120 5182 193 5239 rum,
222 5185 282 5240 cap.
309 5168 384 5225 Llllll
406 5166 647 5239 :Qualiscunque
662 5167 699 5225 sit
720 5166 862 5235 sacerdos,
891 5179 967 5236 quae,

160 5361 216 5436 (all)
231 5363 321 5420 ldanr.
338 5377 344 5418 :
363 5367 493 5434 spectare.

160 5432 218 5504 (³0)
236 5434 329 5493 Densi
341 5435 411 5505 xlv,
427 5435 502 5491 696:
530 5432 717 5503 prosequitur.

1024 4903 1095 4959 hatis
1118 4923 1129 4959 :
1154 4902 1284 4959 Seriatim
1312 4909 1339 4959 et
1363 4909 1459 4972 aperte
1478 4915 1692 4972 prosequamur
1724 4903 1784 4975 (30)
1812 4910 1862 4971 qua

1023 4999 1123 5048 sancta
1155 4991 1286 5047 Romana
1312 4989 1441 5046 Ecclesia
1468 4989 1497 5044 in
1528 4989 1669 5061 gradibus
1704 4991 1861 5047 elericorum

1023 5081 1098 5151 agit;
1127 5080 1244 5136 clericos
1277 5080 1353 5134 enim
1376 5078 1517 5145 ostiarios,
1555 5078 1685 5145 lectores,
1717 5080 1862 5136 exorcisat

1023 5177 1050 5225 et
1075 5168 1231 5239 acolythos,
1259 5167 1284 5225 si
1300 5174 1383 5224 extra
1412 5175 1511 5224 votum
1540 5167 1595 5238 (31)
1610 5175 1640 5225 et
1660 5168 1796 5228 habiturn
1817 5177 1862 5222 me

1059 5360 1119 5432 tat)
1134 5358 1225 5418 blansi
1241 5374 1249 5417 ε
1264 5361 1405 5430 comitum,
1420 5358 1451 5417 in
1464 5358 1621 5431 margine:
1637 5361 1763 5419 solihan.
