3804 5962
598 183 788 289 carosum
807 225 843 283 ns
863 225 1110 284 nnnsmmon.
1693 227 1747 290 ree

79 360 113 411 m.
129 348 236 404 bocest
250 346 291 403 ita
309 354 342 405 ut
366 353 472 404 terram
497 361 556 404 non
584 347 742 419 contingat.
767 345 840 403 llam
856 344 880 400 Α
895 353 961 401 rant
973 353 1145 418 preparate
1158 361 1166 414 ;
1181 345 1242 402 sire
1262 345 1362 402 dulces
1383 352 1416 402 ut
1441 346 1575 417 llumlna,
1588 345 1650 404 sive
1664 346 1747 408 salse

79 436 178 493 rodum
197 450 264 493 cum
288 437 356 493 dicit
384 436 503 506 reptilia
526 444 610 493 terre
639 438 844 506 potiusquam
901 433 1074 491 utmarinae.

78 539 83 555 ·
98 532 217 592 terram,
234 524 359 594 prolecto
376 525 429 581 boc
442 532 469 582 et
496 525 570 581 istud
592 525 737 596 reptilium
754 538 846 595 genus
935 525 972 579 et
984 522 1065 578 vidit.
1081 524 1153 579 Nola
1167 522 1196 578 in
1212 523 1348 593 operibns
1370 520 1459 594 hujus
1486 523 1542 580 dici
1558 537 1747 597 nequaquam

79 623 150 671 tuter
172 614 366 681 distinguunt.
390 614 542 671 Nonnullae
558 628 626 670 aves
641 613 783 685 aquaticas
801 613 844 670 di·
900 612 930 668 in
953 611 1121 680 repetitione
1152 611 1305 668 creationis
1331 610 1459 681 ipsorum
1487 611 1561 668 dici:
1589 615 1623 668 Ut
1636 617 1744 679 foetum

79 716 102 758 tr
118 703 203 773 pedes
227 702 344 765 habere,
371 703 411 758 ila
434 703 640 773 posterioribus
666 703 845 760 adhaerentes
900 705 998 768 estate,
1010 700 1085 757 sicut
1099 700 1233 770 superius
1247 701 1277 756 in
1292 700 1418 756 secundo
1432 700 1487 755 die.
1505 700 1553 757 Vel
1580 715 1648 758 cum
1666 718 1742 772 pree·

80 805 229 862 quaquam
244 806 311 848 eum
327 790 383 848 illis
399 793 529 849 incedere
541 793 720 862 queant,sed
735 792 845 850 solum·
899 790 1044 846 misisset:
1081 791 1117 845 m
1144 790 1212 856 feeit
1231 791 1444 858 firmamentum,
1469 796 1535 857 etc,
1562 791 1746 860 postmodum

95 889 206 949 natare,
226 880 301 937 sicut
326 881 417 951 pisces
438 895 505 938 cum
524 879 659 952 pennulis
676 882 747 947 suis,
770 895 845 952 quas
899 879 1053 948 adjunxit:
1069 882 1095 933 el
1113 879 1218 946 sociem
1241 883 1280 933 est
1304 881 1355 945 ita,
1383 886 1522 949 tanquam
1547 891 1597 949 per
1621 880 1674 936 noc
1698 880 1745 937 in-

79 978 122 1026 cto
152 969 268 1037 reptiles
295 969 388 1040 magis
412 983 500 1040 uuam
522 970 684 1041 gressibiles
709 971 845 1027 dicendas
898 981 993 1024 nuens
1015 965 1095 1022 illam
1111 980 1255 1038 aquarum
1280 967 1451 1025 divisionem
1467 967 1505 1024 lta
1520 967 1549 1024 in
1575 976 1744 1039 perpetuum

79 1073 147 1115 mus.
166 1057 235 1126 Que
253 1072 321 1115 cum
347 1073 500 1130 nunquam
517 1059 546 1115 in
564 1066 674 1116 terram
697 1060 778 1116 exire
797 1059 845 1114 ri·
899 1069 1131 1127 permansuram.
1147 1055 1193 1112 Sic
1206 1063 1234 1112 et
1248 1055 1277 1112 in
1289 1055 1434 1113 creatione
1451 1056 1576 1113 bominis
1593 1065 1763 1128 postquam·

79 1160 132 1213 tur,
145 1144 286 1202 nonnulla
309 1145 431 1216 questio
452 1152 494 1202 est
512 1145 548 1201 de
571 1146 634 1202 ovis
647 1159 748 1202 earum
764 1159 844 1216 quo·
898 1144 990 1202 dixit:
1023 1145 1132 1202 Crescit
1160 1148 1233 1201 Deos
1264 1145 1409 1212 homiaem
1437 1152 1504 1212 etc..
1529 1146 1693 1217 subjunxit,
1711 1152 1747 1206 et

106 1247 141 1290 ea
160 1232 285 1303 loreant,
301 1247 338 1290 an
355 1234 450 1304 potius
465 1247 550 1305 aquae
576 1234 644 1305 lpse
667 1235 770 1291 talium
788 1245 843 1290 ova
897 1235 1002 1300 saelum
1022 1237 1062 1287 cst
1075 1235 1126 1287 ita.
1142 1231 1214 1289 Cum
1239 1247 1308 1305 ergo
1332 1232 1501 1304 ubicunque
1516 1234 1641 1292 dicitur:
1656 1240 1683 1291 et
1696 1236 1741 1303 to-

83 1321 244 1393 etpisctum
258 1330 391 1394 suscepta
413 1322 539 1393 quodam
555 1337 607 1380 suo
620 1323 681 1381 lotu
695 1324 844 1384 nivilieare
897 1324 1002 1376 clamas
1027 1323 1080 1387 ita,
1101 1322 1315 1391 perseverantia
1338 1322 1473 1394 quaedam
1490 1337 1610 1393 operum
1630 1322 1745 1396 signill-

79 1410 152 1467 iant.
898 1418 989 1474 cetur,
1016 1417 1049 1467 nt
1074 1409 1116 1466 sic
1140 1411 1246 1468 scilicet
1262 1419 1451 1482 permancant
1474 1411 1550 1469 sieut
1565 1413 1641 1470 lacta
1663 1418 1743 1479 suot,

79 1500 200 1557 melicii:
229 1500 278 1555 aab
302 1504 473 1571 firmamento
496 1500 564 1567 eceli,
590 1501 772 1559 intransitive
794 1503 843 1560 ri·
897 1511 1084 1569 nequaquam
1107 1497 1137 1555 iu
1152 1498 1299 1569 speciebus
1314 1500 1412 1556 arium
1436 1499 1465 1557 id
1490 1502 1567 1558 recle
1591 1500 1648 1557 diei
1663 1514 1745 1572 posse

85 1589 285 1660 accipiendum
296 1589 380 1659 quasi
390 1589 445 1645 sub
460 1588 725 1661 firmamentoquod
736 1592 842 1650 calum
859 1626 880 1681 B
897 1587 1022 1654 videtur,
1035 1601 1102 1645 curn
1118 1587 1249 1645 videlieet
1273 1587 1415 1645 nonnulla
1428 1590 1537 1660 specics
1550 1590 1580 1646 in
1594 1591 1635 1647 eis
1652 1603 1745 1661 quan·

79 1677 138 1735 icut
157 1677 345 1734 cumdieitur
372 1677 443 1736 urbs
469 1677 838 1747 llomae,lluviusl'iberis,
897 1676 993 1747 doque
1023 1690 1142 1747 prorsus
1173 1676 1303 1747 deperire
1330 1677 1434 1734 babeat
1461 1678 1536 1736 sicut
1564 1679 1599 1736 de
1615 1679 1745 1750 pboenlce

79 1779 129 1824 ura
157 1766 236 1834 salis,
271 1780 374 1836 corpus
405 1766 450 1823 vel
485 1766 609 1824 essentia
637 1767 751 1839 lapidis.
784 1771 842 1828 lloe
884 1765 1004 1837 legitur
1030 1780 1065 1822 ac
1094 1765 1212 1823 iormsse
1240 1766 1275 1823 de
1298 1766 1447 1824 nonnuliis
1470 1767 1536 1825 aliis
1558 1775 1615 1826 tam
1642 1770 1743 1827 atium

79 1870 92 1911 n
119 1855 345 1924 firmamentum,
370 1864 402 1914 ιιι
421 1857 555 1926 superius
572 1857 681 1913 dictum
702 1864 755 1926 est,
774 1859 840 1916 inde
896 1869 985 1927 quam
1014 1856 1135 1926 pscium
1150 1856 1308 1926 speciebus
1333 1856 1483 1931 contingit,
1502 1872 1569 1930 que
1592 1858 1629 1915 ad
1656 1872 1745 1930 opera

79 1945 225 2001 ominatur
247 1945 324 2016 quod
351 1946 436 2016 aquis
455 1945 657 2014 interpositum
680 1948 842 2017 superiores
895 1946 1039 2015 pertinent
1054 1944 1221 2016 hujusdiei.

79 2033 245 2089 retentando
271 2033 373 2100 drmet,
394 2042 427 2091 ut
454 2034 545 2090 relabi
565 2034 602 2091 ad
628 2034 841 2093 inierioresne·
932 2033 1138 2103 benedicitque.
1168 2033 1240 2091 Solis
1280 2033 1478 2093 animantibus
1515 2036 1579 2094 istis
1601 2050 1638 2093 ex
1666 2051 1745 2110 aqua

79 2131 102 2178 ιι
116 2122 162 2179 rel
183 2136 232 2179 eas
254 2137 385 2194 unquam
409 2124 587 2196 contingere.
609 2125 670 2181 Non
684 2140 754 2196 ergo
773 2140 841 2197 pro-
895 2122 1043 2193 productis
1073 2124 1148 2179 sicut
1171 2131 1198 2179 et
1227 2124 1411 2193 postmodum
1442 2124 1609 2182 hominibus
1638 2123 1743 2184 crealis

79 2211 286 2268 irmamentum
302 2212 409 2270 dicitur
423 2203 500 2285 quod
523 2212 608 2283 aquis
639 2214 763 2272 nubium
778 2229 842 2286 per·
896 2211 1076 2268 benedixisse
1091 2212 1168 2268 Deus
1193 2220 1381 2281 memoratur,
1404 2214 1487 2284 quasi
1503 2214 1633 2285 quadam
1648 2216 1743 2289 digni·

79 2315 111 2357 ,ιιι
128 2307 180 2366 est,
197 2300 245 2356 sed
266 2301 343 2370 quod
360 2315 478 2371 prorsus
497 2300 533 2357 ab
551 2303 636 2371 aquis
651 2316 779 2362 vacuum
792 2320 841 2362 su·
896 2308 953 2357 lale
966 2301 1126 2357 animantia
1141 2300 1194 2357 ista
1225 2300 1336 2358 homini
1360 2302 1599 2374 propinquarent,
1616 2305 1744 2375 quade

79 2397 155 2447 sest.
174 2392 247 2446 Ares
263 2404 331 2446 vero
352 2404 540 2462 nequaquam
565 2391 662 2448 volare
677 2405 728 2463 per
743 2392 841 2450 limna-
895 2388 944 2445 illo
970 2398 1108 2460 generata
1133 2397 1202 2446 sunt
1216 2389 1356 2447 elemento
1379 2390 1415 2447 de
1429 2405 1488 2461 quo
1502 2399 1529 2448 et
1556 2393 1686 2449 nomines
1700 2407 1744 2450 re·

79 2494 122 2536 rm
147 2486 276 2549 possunt,
310 2481 381 2550 quia
404 2494 505 2537 earum
536 2495 656 2552 corpora
684 2484 841 2541 sustentari
896 2477 1054 2549 generandi
1085 2486 1179 2534 erant.
1206 2479 1286 2536 Unde
1314 2487 1341 2536 et
1357 2479 1387 2536 in
1410 2493 1478 2536 arca
1503 2482 1663 2538 secundum
1680 2488 1743 2552 post

79 2581 107 2626 re
125 2569 187 2625 sine
201 2580 347 2640 aquarum
368 2569 548 2640 corpulentia
575 2585 766 2644 nequaquam
779 2587 841 2644 pos·
896 2566 1040 2622 bominem
1057 2565 1150 2622 locum
1165 2580 1233 2624 ares
1251 2567 1377 2624 tenuisse
1401 2582 1459 2624 non
1473 2569 1617 2625 immerite
1640 2569 1727 2627 viden

896 2661 954 2722 tur,
970 2654 1041 2724 quia
1055 2655 1186 2712 videlieet
1202 2655 1236 2712 de
1256 2655 1303 2712 illo
1330 2655 1405 2712 lacta
1419 2663 1488 2713 sunt
1500 2657 1640 2713 elemento
1663 2658 1742 2728 quod
1815 2652 1817 2661 '

79 2748 195 2816 coitque,
212 2760 248 2801 ex
265 2746 334 2815 ipsis
345 2746 479 2803 videlicet
494 2747 589 2817 aquis.
822 2752 825 2760 ·
895 2742 925 2798 in
942 2749 1121 2800 sacramento
1145 2743 1278 2812 baptismi
1301 2744 1395 2815 magis
1415 2745 1607 2801 necessarium
1635 2753 1742 2802 nostra

79 2835 157 2890 mom
172 2849 225 2903 pro
246 2841 303 2891 toto
323 2835 473 2891 animante
499 2837 579 2905 ponit
602 2851 639 2894 ex
660 2850 781 2908 corpore
799 2837 838 2894 si·
896 2838 968 2888 esset
986 2831 1083 2888 saluti.
1118 2831 1202 2888 Recte
1229 2846 1297 2904 ergo
1312 2832 1471 2889 benedictio
1487 2832 1535 2890 bei
1554 2834 1740 2890 screationi-

79 2923 225 2978 stenima
253 2931 413 2990 constante,
437 2923 527 2980 unius
564 2925 697 2981 videlicet
721 2925 838 2983 nomine
857 2895 879 2953 C
896 2922 951 2979 bus
965 2920 1108 2992 aquaticis
1132 2921 1256 2991 incepit,
1284 2934 1400 2978 eumer
1418 2920 1480 2983 noc.
1506 2922 1660 2979 utdictum
1685 2930 1738 2992 est,

101 3017 192 3066 totum
218 3012 472 3081 comprehendens.
495 3013 583 3069 lnma
604 3014 683 3086 quod
712 3021 740 3070 et
766 3014 834 3072 alibi
894 3011 1034 3067 elemento
1070 3019 1174 3066 nostrae
1201 3008 1304 3066 salutis
1340 3009 1497 3067 benedictio
1521 3009 1637 3066 initium
1665 3020 1740 3072 esset

79 3098 185 3154 lomilti
209 3101 327 3165 caimos,
358 3105 455 3155 celera
477 3100 616 3157 tolletibi.
640 3103 676 3158 Et
693 3116 837 3160 rursum:
894 3098 1072 3156 babiturain
1091 3097 1287 3156 remissionem
1308 3106 1490 3168 peccatorum
1514 3097 1649 3169 perlecta.
1671 3101 1739 3161 'l'ale
1789 3177 1790 3180 Ἴ

79 3189 134 3243 edit
151 3188 232 3243 Jacob
258 3190 289 3243 in
310 3191 459 3260 meppiam
492 3193 523 3246 in
552 3190 695 3247 animabus
727 3197 838 3262 septoc-
893 3198 935 3246 est
957 3202 1036 3260 ergo,
1061 3187 1208 3244 benedixit
1230 3189 1281 3256 eis,
1306 3194 1447 3259 tanquam
1466 3187 1490 3242 si
1505 3188 1620 3258 diceret,
1637 3197 1738 3261 typum

893 3277 1127 3335 sanetillcationis
1139 3277 1403 3350 regenerandorum
1418 3290 1455 3334 ex
1480 3289 1559 3350 aqua
1577 3277 1622 3335 rel
1638 3278 1738 3336 mulli·

79 3371 177 3422 entem.
203 3365 350 3423 subaudis
369 3367 413 3424 ¹ex
443 3381 473 3425 se
501 3381 561 3425 non
587 3383 625 3426 ex
648 3376 735 3438 terra,
764 3371 839 3429 sicut
892 3367 1162 3439 plicationiseorum
1186 3367 1400 3437 comparatione
1414 3366 1653 3425 circumcisorum
1676 3367 1737 3440 jam

79 3454 204 3511 ealdre
219 3455 358 3511 radicitus
374 3465 467 3513 terrae.
893 3464 963 3513 tunc
990 3455 1168 3527 providebat.
1189 3454 1376 3513 circumcisio
1402 3456 1519 3527 quippe,
1546 3457 1682 3528 quamvis
1708 3457 1736 3513 id

79 3545 293 3600 oemotooitem.
319 3545 362 3600 Ad
385 3544 575 3603 differentiam
591 3546 697 3604 scilicet
723 3555 838 3605 caetero·
892 3544 969 3616 quod
992 3545 1153 3615 baptismus
1181 3554 1300 3614 operata
1320 3543 1508 3602 essedicatur
1532 3545 1563 3601 in
1592 3544 1736 3602 remissio-

79 3632 338 3702 animaliumque
372 3643 448 3690 terra
478 3636 658 3704 postmodum
689 3637 835 3706 produxit,
892 3648 956 3689 nem
971 3641 1162 3704 peccatorum,
1181 3646 1238 3689 non
1263 3641 1359 3690 tamen
1387 3632 1462 3690 banc
1479 3633 1636 3690 ellicaciam
1653 3634 1737 3691 lntot

79 3720 187 3791 narius
201 3728 243 3776 est
256 3720 431 3777 elementum
446 3737 533 3792 quant
551 3737 637 3792 aqua.
651 3724 730 3780 Unde
744 3733 772 3781 et
783 3726 837 3782 ista
891 3721 1026 3779 babuisse
1048 3721 1141 3791 potuit
1166 3721 1195 3777 in
1219 3728 1291 3793 quot
1314 3715 1451 3792 baptismi
1479 3722 1574 3793 gratia
1598 3723 1735 3794 persistit,

79 3808 124 3867 uis
146 3809 285 3880 producta
300 3810 476 3867 naturaliter
499 3812 649 3868 mobili-ra
670 3820 698 3869 et
714 3812 836 3881 agiliora
890 3810 1035 3868 nonenim
1051 3809 1106 3865 nisi
1117 3823 1211 3866 mares
1230 3809 1524 3879 circumcidebantur,
1539 3820 1567 3868 et
1581 3812 1735 3871 solitudei

84 3912 154 3955 cum
182 3912 217 3954 er
245 3898 344 3954 leviori
369 3899 479 3955 scilicet
498 3900 638 3957 elemento
663 3902 832 3961 consistant.
890 3900 950 3958 sive
964 3897 1111 3970 proselyti.

79 3986 161 4043 lende
176 3985 247 4057 quid
269 3987 403 4056 superius
425 3987 531 4045 dixerit
556 3989 590 4045 de
613 3990 727 4059 plantis,
757 3993 835 4062 quod
924 3991 1031 4055 Dicens.
1059 3987 1089 4042 ld
1117 3985 1196 4057 apud
1218 4000 1247 4044 se
1270 3984 1427 4058 disponens
1451 3985 1528 4059 quod
1552 3986 1637 4044 uobis
1657 3994 1733 4059 post·

91 4087 142 4130 eas
169 4075 345 4146 germinarit
377 4090 410 4132 ac
437 4075 566 4146 protulit.
600 4078 639 4133 Ue
661 4079 836 4137 animalibus
888 4079 1007 4136 modum
1020 4075 1179 4133 exhiberet.

79 4161 177 4221 licitur
186 4163 391 4236 tantumqnod
406 4177 484 4235 aqua
498 4165 542 4222 vel
559 4172 636 4222 terra
650 4181 684 4223 ea
696 4169 873 4237 produxe-ll
925 4167 1041 4223 crescite
1064 4170 1090 4222 et
1115 4165 1318 4236 multiplicanti,
1348 4164 1402 4222 ltoc
1426 4171 1469 4223 est
1499 4177 1622 4222 numero
1655 4164 1733 4223 indl-

79 4265 108 4308 ιιι
127 4252 205 4322 qnod
228 4253 456 4324 germinaverit3
480 4254 658 4312 utvidelieet
686 4256 830 4327 innueret,
891 4255 1047 4312 viduorum
1071 4268 1130 4312 non
1167 4253 1331 4312 diversitate
1360 4255 1521 4325 specierum
1556 4263 1735 4314 crementum

79 4354 119 4397 on
145 4348 228 4397 terre
255 4340 393 4398 radicitus
420 4341 510 4399 allixa
534 4345 742 4414 vegetationem
769 4345 836 4405 inde
890 4345 1018 4415 accipite.
1030 4343 1093 4401 Non
1107 4345 1185 4402 enirn
1200 4344 1240 4399 ita
1253 4351 1295 4400 est
1305 4343 1521 4416 intelligendum
1541 4352 1574 4402 ut
1595 4346 1677 4417 prius
1704 4345 1735 4403 in

79 4434 133 4484 unt
148 4426 355 4499 sicutpiantae.
890 4432 989 4504 seipsis
1022 4438 1184 4490 crescerent
1215 4432 1307 4489 donec
1340 4431 1377 4488 ad
1414 4431 1567 4504 perlectam
1604 4433 1736 4491 venirent

79 4517 315 4586 mproduaerant
333 4519 455 4587 cqoeia
477 4518 578 4588 species
606 4532 683 4575 euos.
700 4519 745 4578 Sic
767 4536 835 4580 con·
889 4530 1077 4594 etatemque
1102 4533 1240 4595 generare
1268 4527 1394 4592 possent,
1416 4534 1483 4578 cum
1505 4521 1601 4578 statim
1627 4522 1734 4579 creatio

78 4607 213 4663 :creavit
228 4620 345 4663 omnem
359 4607 498 4670 animem,
517 4606 571 4664 boc
599 4614 640 4665 est
661 4623 746 4666 omne
770 4611 836 4668 ani·
890 4612 993 4669 talium
1019 4610 1144 4683 perlecta
1164 4609 1252 4667 luisse
1274 4609 1417 4667 credenda
1454 4610 1501 4679 sit,
1526 4610 1656 4682 alioquin
1682 4610 1735 4669 dio

79 4692 170 4749 ntale
191 4693 220 4750 in
244 4693 363 4765 speeies,
391 4707 426 4751 ac
447 4695 469 4751 si
496 4694 602 4751 diecret
619 4712 626 4751 :
646 4710 772 4767 omnem,
793 4700 837 4756 in·
890 4700 1041 4758 educanda
1054 4707 1129 4757 esset
1144 4707 1176 4757 ut
1190 4699 1226 4756 ad
1242 4698 1441 4770 perlectionem
1468 4699 1588 4756 veniret.
1613 4698 1735 4767 Quodsi

79 4821 87 4847 ‚
115 4781 277 4838 secundum
304 4782 438 4852 speeiem,
464 4797 521 4838 non
547 4784 707 4843 secundum
734 4801 836 4846 nume-
890 4788 1046 4845 deavibus
1067 4801 1186 4860 quoque
1208 4787 1416 4859 intelligamus,
1442 4801 1501 4845 non
1521 4786 1735 4860 lacileapparet

79 4866 192 4942 Quippe
202 4884 259 4925 non
270 4870 368 4926 omnia
382 4870 535 4928 individua
545 4872 650 4930 barum
661 4875 834 4945 specierum,
891 4877 1176 4935 undealimentorum
1192 4876 1353 4946 acciperent
1368 4877 1588 4935 nutrimentum.

79 4957 293 5030 ngulaespecies
308 4966 367 5016 tam
394 4960 494 5016 arium
522 4974 611 5032 quam
627 4963 749 5032 piscium
765 4972 837 5023 tunc
925 4967 1043 5036 lleplcte.
1064 4966 1180 5023 lloeest
1200 4972 1344 5036 quantum
1360 4965 1430 5024 satis
1454 4965 1491 5023 sit
1513 4965 1550 5022 ad
1569 4965 1736 5026 boclrncti-

79 5053 190 5103 esunt.
220 5046 301 5104 Unde
337 5055 365 5104 et
401 5048 646 5121 insequentibus
676 5066 742 5109 cum
769 5052 838 5112 dicit
891 5054 983 5112 liceto.

98 5135 275 5205 requievisse
289 5136 326 5193 ab
354 5136 432 5193 omni
450 5152 536 5209 opere
556 5152 620 5206 suo,
636 5152 694 5196 non
715 5139 750 5197 de
767 5141 839 5199 indi·
925 5143 1023 5213 Aquas
1046 5147 1142 5199 maris.
1166 5142 1238 5202 Cum
1267 5149 1364 5201 lamen
1391 5150 1419 5201 et
1442 5157 1527 5215 aque
1542 5142 1651 5203 '‘dulees
1676 5153 1736 5205 tam

79 5224 268 5294 tspeelerum
301 5224 529 5296 multiplicandis
552 5234 595 5283 est
624 5228 837 5301 accipiendum,
891 5232 983 5305 pisces
1006 5231 1134 5288 habeant
1165 5245 1255 5304 qnam
1285 5233 1425 5290 volucres.
1448 5231 1502 5290 Sed
1530 5241 1642 5292 constat
1665 5234 1738 5307 quia

79 5326 86 5366 t
109 5313 225 5369 naturis
245 5317 407 5384 specierum
425 5316 484 5387 iam
507 5318 675 5387 preparatis
696 5318 731 5373 ad
754 5334 836 5389 qua·
891 5321 985 5378 omnis
999 5321 1184 5392 congregatio
1198 5334 1344 5391 aquarum
1360 5329 1417 5379 tant
1433 5321 1509 5380 salsa
1536 5337 1626 5395 quam
1644 5324 1738 5383 dulcis

79 5401 258 5471 postmodum
284 5403 350 5461 inde
375 5405 563 5475 procreanda.
582 5404 670 5473 Quom
695 5407 837 5479 meduac-
892 5408 1104 5475 merebimur,
1130 5418 1158 5467 et
1185 5424 1286 5469 omnes
1304 5424 1390 5484 aque
1409 5425 1447 5470 ex
1461 5411 1536 5471 mari
1550 5414 1736 5486 proveniunt.

79 5489 112 5549 ld
140 5498 185 5550 est
207 5490 347 5565 adquam
370 5494 586 5564 producendam
599 5496 660 5570 jam
674 5511 760 5572 aque
775 5498 837 5558 lue·
893 5498 948 5560 Ubi
963 5498 1085 5573 etquotl
1099 5498 1157 5558 ait:
1171 5499 1451 5560 campidoctore
1471 5505 1556 5576 ctpeu
1570 5504 1737 5571 ιιιιιιιιιιιιι,
