3736 5962
74 130 165 200 ΓΜ
557 127 660 186 PETRI
677 127 867 187 demeum
885 127 961 186 ΟΡΡ.
981 125 1074 188 elus
1091 127 1139 186 tv.
1155 155 1190 169 ·-
1210 124 1383 185 CARNINA.

104 260 190 321 -Vos
214 262 334 330 quoque
357 255 485 322 obsecro,
510 257 622 310 sorores
639 252 803 311 karissima
824 244 995 326 Christoque
1023 253 1134 322 dicatae,
1162 265 1288 324 quarum
1314 250 1351 323 (t)
1376 248 1518 308 maxime
1543 246 1690 320 precibus
1711 249 1746 306 bu

93 356 249 419 aggressus
266 355 342 405 sum,
373 347 538 397 vestrarum
565 338 714 411 adjungite
737 339 918 398 devotionem
932 342 1118 412 {orationum
1146 341 1225 399 illius
1248 353 1392 398 memores
1417 337 1600 396 beatissimi
1620 336 1756 409 legislatori

90 433 157 506 plus
175 431 286 490 orando
311 442 401 501 quam
429 427 553 499 populus
574 427 667 498 potuit
693 428 733 499 (2)
761 428 935 488 dimicando.
959 433 995 489 Et
1016 439 1049 489 ut
1067 432 1216 489 caritatem
1240 437 1364 488 vestram
1385 429 1416 485 in
1443 428 1635 485 orationum
1657 429 1729 498 copia
1761 494 1764 498 ,

92 522 251 587 inveniam,
272 524 389 589 pensate
417 516 570 587 diligenter
594 529 683 587 quam
718 517 869 590 prodigam
895 529 990 579 vestra
1018 520 1118 594 petitio
1146 529 1275 578 nostram
1310 518 1416 576 babeat
1454 517 1655 575 tacultatem.
1685 518 1744 575 bun

91 609 197 667 dlvinae
213 607 313 680 gratiae
340 605 441 662 laudes
469 618 522 675 pro
551 605 641 661 nostri
670 603 808 677 ingenioli
834 608 872 680 (3)
898 613 1036 682 prosequi
1059 610 1251 679 studeremus,
1282 610 1359 680 quod
1381 607 1417 664 de
1444 613 1569 664 ornatu
1590 604 1673 663 deest
1693 606 1752 679 eloq

91 695 378 770 recompensavimus
405 694 582 765 hymnorum
609 694 807 763 multitudine,
832 696 957 771 singulis
977 700 1111 758 videlicet
1135 699 1321 772 singularum
1352 695 1612 755 sollemnitatum
1642 703 1758 753 nocturn

90 785 170 858 prios
189 790 392 856 componentes
407 782 541 854 hymnos,
556 797 651 856 quum
667 798 745 842 unus
759 784 938 845 solummodo
954 789 1110 862 bucusque¹
1129 789 1257 862 hymnus
1284 788 1314 844 in
1339 786 1421 845 testis
1439 800 1582 860 quoque
1598 785 1678 844 sicut
1694 785 1721 842 in

94 878 253 931 nocturnos
268 872 485 944 precineretur.

125 961 267 1027 Quattuor
278 961 377 1032 itaque
392 959 515 1031 hymnos
533 957 657 1030 singuiis
674 956 881 1019 festivitatibus
895 977 930 1020 ea
956 967 1067 1024 ratione
1092 966 1282 1035 decrevimus,
1299 971 1332 1022 ut
1358 964 1392 1021 in
1407 977 1618 1036 unoquoque
1645 962 1727 1020 triun
1746 979 1759 1019 r

89 1064 196 1109 norum
216 1048 354 1121 proprius
369 1048 538 1105 decantetur
568 1047 704 1118 hymnus,
731 1055 759 1105 et
777 1049 914 1108 laudibus
928 1052 1049 1123 insuper
1073 1054 1227 1111 matutinis
1249 1068 1307 1111 non
1330 1051 1406 1111 desit
1431 1067 1533 1111 suus.
1568 1053 1621 1110 Ex
1645 1052 1740 1124 quibus

90 1145 231 1212 quattuor
250 1136 442 1206 instituimus,
472 1139 506 1193 ut
518 1136 577 1193 duo
594 1136 624 1192 iu
643 1135 746 1206 vigilia
764 1150 816 1207 pro
840 1153 900 1196 uno
915 1142 1132 1214 conjungantur
1145 1141 1253 1213 bymno
1268 1149 1296 1199 et
1307 1141 1367 1199 duo
1381 1141 1512 1214 reliqui
1525 1139 1670 1198 similiter
1686 1140 1720 1196 ad

89 1229 152 1300 ipso
166 1227 212 1286 die
230 1227 363 1286 sollemni
382 1225 550 1293 recitentur,
566 1232 618 1282 aut
643 1227 683 1283 ita
699 1226 761 1283 bini
789 1237 816 1285 et
832 1230 893 1286 bini
908 1230 938 1287 in
957 1228 1081 1300 singulis
1099 1231 1227 1301 vesperis
1241 1229 1429 1299 dividantur,
1445 1237 1488 1287 ut
1507 1244 1588 1287 cum
1608 1229 1718 1287 duobus
1727 1229 1774 1299 pr'r'

87 1315 206 1390 psalmis
220 1329 308 1386 unus,
338 1323 367 1373 et
397 1328 466 1372 cum
500 1312 618 1372 duobus
645 1314 766 1386 reliquis
795 1318 870 1375 alius
896 1318 1074 1375 decantetur.
1091 1319 1131 1375 De
1144 1332 1231 1376 cruce
1257 1325 1355 1376 autem
1381 1318 1538 1389 memini,
1567 1319 1701 1391 quinque

94 1412 164 1463 sunt
178 1404 281 1476 hymni
295 1418 423 1476 quorum
446 1403 560 1474 primus
583 1402 707 1474 singuiis
722 1414 908 1477 preponatur
922 1405 1011 1475 boris,
1028 1407 1157 1464 invitans
1180 1407 1328 1465 diaconem
1343 1421 1478 1465 crucem
1507 1407 1552 1465 de
1564 1407 1657 1466 altari
1673 1407 1775 1464 tolleret

89 1494 183 1552 medio
209 1493 289 1552 chori
304 1491 407 1551 afferre
422 1498 509 1562 atque
529 1490 637 1548 ibidem
660 1505 724 1548 eam
748 1493 832 1564 quasi
848 1494 1035 1552 adorandam
1054 1509 1089 1554 ac
1106 1495 1290 1555 salutandam
1305 1503 1456 1568 statuere,
1475 1496 1575 1557 utin
1594 1498 1662 1572 ejus
1680 1508 1767 1570 quoqu

91 1582 185 1644 sentia
200 1589 259 1643 tota
272 1594 324 1655 per
339 1580 469 1655 singulas
480 1578 567 1639 boras
587 1589 744 1653 peragatur
759 1581 947 1642 sollemnitas.

176 1810 556 1873 teissim·
757 1810 1001 1954 stripitu
1356 1810 1728 1945 successuro

138 2027 177 2073 m
200 1911 422 2072 mmwfix‘m
439 2020 580 2068 mm
756 1954 874 2078 INecspe
889 1969 943 2011 sua
962 1924 1080 2014 traudes
1356 1953 1528 2018 Quamvis
1558 1958 1588 2030 9)
1605 1929 1746 2030 una'preer

583 2046 590 2061 ·
781 2031 837 2081 ete
856 2033 1074 2096 presumentes.
1356 2025 1446 2083 Reos
1461 2027 1545 2085 abso
1560 2037 1659 2088 vente.

158 2112 236 2169 Deus
254 2111 305 2170 liei
321 2110 456 2176 verbum,

154 2184 232 2240 Petri
244 2181 283 2255 (4)
299 2190 485 2248 coeternum,

153 2255 236 2311 biens
251 2267 288 2311 ex
303 2255 361 2309 beo
376 2259 446 2309 nata

154 2324 219 2382 Non
233 2332 329 2381 creata
339 2321 389 2395 (5).

757 2150 812 2207 Per
827 2152 1020 2228 telleiiactus
1353 2156 1452 2216 Aure
1471 2162 1539 2288 (ΝΞ)
1559 2162 1674 2233 quippe
1686 2160 1758 2215 mauu

753 2222 797 2277 Ad
813 2231 919 2279 nosest
934 2223 1099 2295 descensus,
1355 2228 1512 2301 Quidqui
1551 2232 1709 2304 postulabis
1720 2234 1763 2300 (ιι)

754 2291 808 2347 Per
821 2299 850 2374 ¹te
865 2294 1117 2352 conscendendum
1353 2302 1455 2369 Apud
1474 2309 1547 2358 tam
1569 2304 1721 2375 benignum

753 2362 893 2420 Nobrsest
905 2365 942 2421 ad
956 2365 1063 2437 ipsum.
1353 2370 1561 2442 impetrabis
1577 2381 1689 2432 natum.

154 2448 209 2576 legi
219 2462 311 2591 {iffi
323 2444 571 2589 {Zpffiatmugndus’
754 2485 806 2540 Pes
821 2492 847 2540 ¹⁰
863 2485 1049 2556 seducamur,
1352 2500 1514 2560 Sanctam
1531 2512 1662 2562 matrem
1672 2504 1751 2574 justus

153 2590 235 2651 Votis
250 2590 469 2661 supplicantum
480 2587 518 2659 (o)
753 2554 1044 2682 Quirefroutemur,
1350 2572 1426 2629 Non
1444 2574 1594 2634 offendet
1613 2584 1704 2642 natus,

154 2661 274 2719 pnoende
286 2675 444 2719 servorum,
752 2626 822 2695 EJUS
836 2639 853 2680 ³
881 2640 936 2683 ¹¹0⁸
949 2632 1062 2697 il0fi²ffl
1351 2643 1418 2700 Nec
1432 2645 1542 2703 terent
1559 2648 1706 2718 repulsam

752 2695 835 2752 Etad
849 2709 917 2754 eum
931 2706 1070 2756 nostram.
1351 2714 1430 2772 Tuae
1441 2730 1560 2787 preces
1571 2719 1675 2776 ullam.

751 2817 803 2875 (lui
818 2818 855 2874 sit
865 2825 893 2876 et
906 2820 982 2876 trino

751 2888 858 2960 Perpes
873 2891 965 2947 bonor
980 2891 1049 2962 Deo,

751 2960 797 3016 Ex
812 2975 881 3030 quo,
893 2975 944 3032 per
958 2976 1044 3033 quem
1059 2971 1176 3033 cuncte,

752 3032 785 3087 ln
801 3046 859 3115 quo
871 3042 939 3088 sunt
952 3040 1059 3090 creata.

153 3121 222 3179 Esto
237 3108 322 3178 nobis
336 3125 434 3185 natus,
1033 3113 1129 3173 Anu.

152 3193 220 3273 Esto
234 3190 318 3249 nobis
332 3202 443 3260 passus,
458 3256 463 3267 Ι
1346 3192 1459 3251 Preces
1477 3195 1686 3268 subplicantis

151 3261 270 3329 (1111(1)8
284 3274 365 3331 ⁵901ss
378 3257 480 3313 ⁸³¹¹1¹¹⁵
925 3235 991 3292 m·
1345 3263 1414 3321 Non
1430 3275 1640 3339 contempnet
1654 3264 1750 3325 matris

150 3333 183 3388 ln
199 3341 324 3402 utroque
338 3328 431 3384 uobis.
745 3352 783 3396 gp
797 3351 905 3396 rippas
919 3353 1166 3404 regnamus,
1346 3334 1407 3399 Qui
1422 3350 1545 3407 parere
1561 3339 1642 3409 patri

150 3453 192 3511 Ne
210 3453 246 3509 sit
266 3452 303 3523 (7)
318 3449 397 3506 nasci
409 3461 530 3517 vanum,
748 3446 836 3502 llater
851 3445 1009 3504 salvatoris
1344 3407 1434 3464 mm
1450 3408 1527 3467 sm
1546 3409 1651 3467 mm·

150 3524 189 3581 Ne
203 3524 240 3580 sit
255 3524 290 3594 (8)
306 3522 365 3592 pati
377 3533 502 3600 cassum,
749 3517 821 3575 Vide
834 3516 906 3588 quid
920 3518 1039 3588 dicaris,
1344 3533 1400 3594 eui
1413 3537 1467 3595 sit·

149 3595 208 3653 Nec
222 3594 341 3652 insultet
360 3593 448 3649 bostis
747 3590 837 3645 Pensa
850 3588 1028 3658 singularem

149 3665 237 3726 Nobis
249 3665 280 3723 iu
295 3672 322 3722 te
336 3662 405 3720 fisis.
745 3657 878 3717 Nominis
891 3660 1042 3718 bonorem.

271 3891 447 3952 COllllUNE
466 3888 732 3948 teosronoltttrt.
879 3910 882 3915 ·
1083 3889 1191 3961 Perpes
1204 3887 1295 3960 gloria
1308 3886 1369 3959 regi
1384 3890 1520 3959 perpeti,

460 3979 542 4035 (ΧΠ,
1087 3962 1280 4018 Exercituum
1294 3956 1407 4017 Christo
1420 3960 1572 4034 principi,

1089 4031 1167 4090 Petri
1181 4030 1290 4104 pariter
1300 4036 1329 4087 et
1343 4028 1484 4100 Spiritui.

153 2784 248 2841 ludes
257 2790 356 2841 noster
367 2782 490 2851 Christe,

152 2855 248 2913 Nostri
259 2855 403 2922 miserere,

156 2927 277 2998 Ignosce
288 2940 368 2982 nunc
381 2924 485 2991 bonus,

153 2998 193 3054 Ne
207 2996 401 3067 condempnes
407 2995 515 3066 justus.

1349 2847 1466 2907 Virtus
1480 2851 1663 2909 sanctitatis

1349 2920 1389 2977 Et
1406 2929 1556 2992 potestas
1574 2921 1679 2980 matris

1350 2989 1654 3064 Quantumcunque
1667 3000 1776 3060 meguid

1347 3060 1556 3122 obtinebunt
1571 3065 1692 3122 donum.

256 4087 287 4128 lii
303 4086 313 4128 1
327 4083 471 4128 uocrbutto
485 4082 521 4127 ΕΤ
536 4080 574 4125 ΔΙ)
588 4080 742 4125 VESPERAS·

184 4160 338 4234 Apostoliei
352 4160 468 4216 culmen
482 4157 592 4215 ordinis

183 4233 272 4291 Novis
281 4238 390 4289 recreat
405 4229 550 4286 mundum
569 4226 694 4299 gaudiis,
1353 4203 1456 4261 LXIII·

184 4304 276 4370 Quem
289 4303 412 4361 exilarat
427 4300 505 4358 testis
519 4300 636 4356 annuis.
1142 4309 1173 4351 ut
1194 4309 1216 4351 u
1234 4306 1376 4352 socruuuo
1403 4307 1440 4350 rr
1460 4306 1506 4353 eo
1522 4309 1685 4356 vssrmas.

1647 4118 1735 4178 Am

79 4384 82 4393 ’
182 4407 218 4465 ili
229 4406 423 4536 Simsigniieri
438 4411 508 4462 sunt
524 4401 663 4470 Ecclesiae,
1085 4399 1341 4471 Apostolicisrecte
1353 4397 1501 4457 laudibus

179 4481 214 4536 ln
249 4478 374 4534 ominica
393 4476 480 4533 duces
495 4475 564 4543 acie,
1083 4469 1202 4528 Cunctis
1216 4471 1328 4527 intonat
1341 4469 1475 4526 mundus
1490 4474 1639 4543 partibus

180 4550 250 4607 Post
264 4548 317 4605 bos
326 4548 479 4604 martirum
494 4546 558 4602 laus
572 4542 690 4601 militie.
1082 4542 1138 4599 Per
1151 4555 1225 4613 quos
1239 4541 1351 4599 cunctis
1365 4548 1408 4598 est
1420 4540 1509 4599 Deus
1517 4546 1672 4618 cognitus.

179 4657 340 4725 Tamquam
355 4652 462 4724 pedites
476 4649 568 4708 sancti
582 4648 697 4721 reliqui,
1081 4646 1166 4718 Apud
1182 4645 1269 4704 lsrael
1282 4653 1383 4704 notum
1398 4653 1502 4713 antea,

179 4725 367 4783 abstinentias
380 4724 473 4794 longe
488 4721 586 4789 dediti,
1080 4717 1191 4775 Nomen
1202 4717 1317 4774 Domini
1334 4717 1462 4773 nuncad
1479 4719 1590 4777 omnia

178 4797 242 4855 Non
256 4795 396 4853 deliciunt
409 4793 510 4852 castris
527 4791 652 4849 Domini.
1082 4788 1139 4845 Per
1153 4788 1206 4845 bos
1221 4788 1328 4861 prodiit
1342 4787 1400 4861 (13)
1415 4790 1527 4848 mundi
1536 4789 1675 4851 climata.

106 4961 128 5031 (t
158 4959 204 5017 Sic
216 4958 284 5017 Cod.
300 4956 340 5015 Cl.
358 4971 382 5013 v.
405 4955 512 5015 Cousin
520 4953 610 5012 edidit
625 4967 740 5025 quorum
1021 4945 1048 5020 d)
1062 4945 1131 5006 (lod.
1147 4948 1376 5018 supplicantium.

105 5035 131 5096 (t
155 5031 224 5089 Cod.
238 5031 352 5101 populis
364 5031 456 5099 potuit
1019 5018 1154 5148 7-8ὲῦοά.
1169 5021 1270 5076 Nescit.

104 5103 144 5176 (3)
161 5103 215 5159 Hic
233 5116 291 5159 vox
316 5101 416 5172 aliqua
443 5099 541 5167 deest;
563 5098 664 5153 virtute
691 5093 808 5151 videtur
833 5107 871 5160 c.,
886 5106 916 5149 v.
1008 5089 1044 5161 (9)
1083 5089 1101 5146 Ι.
1117 5104 1146 5148 v.
1164 5088 1270 5149 Cousm
1283 5089 1475 5159 ediditortcnt
1489 5108 1554 5153 coe.

67 5173 174 5233 cousin
188 5189 196 5244 ;
212 5172 349 5245 equidem
370 5171 467 5243 potius
490 5168 662 5227 crediderim
686 5169 838 5239 parcitate,
862 5166 918 5220 im·
1008 5160 1066 5232 (id)
1081 5159 1127 5218 Sic
1140 5159 1209 5219 Cod.
1220 5162 1302 5218 Forte
1316 5177 1372 5221 ore.

69 5246 224 5313 hostilitate,
236 5253 291 5302 etc.
1021 5235 1049 5287 ll
1079 5230 1146 5290 Cod.
1165 5232 1327 5289 Postutobit.

115 5318 133 5370 t
161 5317 202 5374 Cl.
217 5330 247 5372 v.
268 5314 376 5373 Cousin
390 5312 479 5370 edidit
492 5315 584 5369 Pater.
1020 5305 1050 5358 ts
1074 5301 1143 5361 Cod.
1156 5303 1309 5361 maledtit'.

113 5388 129 5440 5
160 5381 878 5458 siceou.legendun1torte:Nonaoteucreata
1020 5375 1050 5430 l³
1077 5373 1145 5432 Cod.
1160 5373 1294 5446 prodigit.
