3804 5962
358 229 538 289 expostulo
558 229 594 284 ΙΝ
615 225 723 284 EPIST.
744 225 847 283 ruunt
866 226 913 281 AB
933 221 1015 281 ΗΘΜ.
1035 252 1069 263 -
1083 221 1148 277 utu.
1169 220 1218 278 111.
1319 252 1330 269 x
1610 218 1661 274 898

79 354 195 412 tacentia
207 352 313 410 dicitur
335 352 497 418 oculorum,
518 362 674 421 perquam
699 348 799 405 visati
815 353 1006 414 tussanetus,
1031 345 1083 416 qui
1098 351 1140 401 est
1165 343 1226 400 vita
1238 341 1402 400 animarum
1417 341 1488 412 qnia
1500 353 1583 397 amor
1602 347 1663 407 ost;

81 457 155 511 mus,
177 449 205 498 et
230 442 362 499 similiter
390 442 446 498 dici
473 447 563 511 potest
592 447 762 495 caeterorum
817 435 880 492 ideo
895 436 942 492 ier
960 434 1049 505 hujus
1078 432 1203 503 spiritus
1219 432 1265 488 tex
1280 430 1388 488 amoris
1410 430 1517 487 dieitur
1530 429 1604 486 iiiios
1617 444 1663 500 ge

79 545 124 601 un,
150 531 311 588 secundum
340 529 473 586 videlicet
494 542 549 585 sua
571 526 710 584 exercitia
734 527 763 581 in
817 537 933 592 nerans,
949 537 1007 580 non
1023 536 1121 579 servos
1144 521 1355 592 constringens,
1372 519 1400 576 id
1409 518 1662 591 estErangeiinm,

79 620 317 690 tvotuptatious.
334 618 415 685 Quod
435 631 504 674 vero
518 618 631 688 repetit,
652 631 711 685 qua
725 619 765 670 est
818 612 897 683 quod
926 619 1018 669 totum
1043 611 1184 667 charitate
1215 609 1352 666 refertum
1390 615 1442 665 εει.
1476 608 1555 664 Unde
1584 615 1612 664 et
1628 608 1666 664 ad

79 712 99 766 is
114 712 190 776 meis,
206 709 242 765 ad
261 707 473 779 exagerandam
487 705 765 776 etamptinsnostrae
819 700 966 758 Christum
995 699 1112 766 dieitur,
1140 698 1244 768 diffusa
1257 702 1298 753 est
1321 701 1415 765 pratia
1438 700 1467 751 ia
1490 696 1571 753 latiis
1598 700 1665 761 teis,

102 798 361 855 commendandam
407 795 603 853 infirmitatem
637 800 765 851 nostram
819 789 890 861 quia
905 796 964 846 tota
978 790 1041 861 ejus
1070 788 1237 858 praedicatio
1254 786 1394 843 charitato
1408 785 1494 856 piena
1508 791 1560 842 εει.
1582 785 1664 843 Unde

92 888 162 959 qnia
182 893 252 958 quot
267 885 396 941 membra
423 884 576 947 habemus,
596 890 637 940 tot
656 883 714 940 iere
735 882 765 937 in
820 885 847 936 ει
863 878 986 949 Spiritus
1015 876 1157 948 apostolos
1175 875 1287 946 replens
1309 873 1438 943 scientia,
1465 874 1540 931 sicut
1561 873 1665 944 promi

89 976 200 1049 jugiter
222 976 400 1032 sustinemus
418 981 446 1030 et
470 972 701 1043 inseparabiliter
716 984 766 1027 no·
820 976 896 1025 serat
909 967 997 1023 Filius
1011 966 1122 1023 dicens:
1136 967 1185 1022 itte
1203 981 1249 1020 aas
1269 964 1482 1019 docebitamaia.
1494 962 1562 1030 Quae
1578 962 1666 1019 etiam

79 1079 127 1122 sos
147 1071 305 1135 portamus.
321 1062 401 1120 Unde
414 1062 597 1119 vehementer
611 1061 767 1119 exterritus
821 1056 952 1115 doctrina
971 1054 1160 1126 significatur,
1175 1068 1242 1110 cum
1255 1052 1371 1122 dicitur,
1387 1053 1479 1119 factas
1497 1056 1538 1107 est
1556 1057 1667 1123 repente

92 1153 245 1209 exclamat.
821 1145 856 1202 de
873 1143 938 1201 caeto
960 1158 1054 1212 sonus,
1070 1142 1099 1199 id
1126 1150 1169 1199 est
1188 1156 1282 1199 sermo
1301 1140 1500 1213 intelligentie
1514 1141 1608 1199 iaetus
1626 1143 1667 1198 eis

85 1259 133 1313 ego
159 1243 245 1311 tomo,
268 1240 409 1298 subaudis
436 1253 538 1297 revera
558 1253 634 1306 sum,
656 1237 708 1309 qui
727 1243 768 1293 tot
821 1249 872 1306 per
893 1232 1111 1302 inspirationem
1128 1231 1156 1287 in
1185 1239 1290 1298 mente,
1317 1230 1417 1287 merito
1446 1229 1476 1285 in
1493 1229 1597 1301 iigneis
1620 1230 1666 1287 de

80 1333 111 1388 in
135 1331 197 1402 ipso
211 1345 330 1403 corpore
354 1330 437 1386 modo
460 1329 668 1385 circumsessus
691 1340 766 1393 sum,
822 1329 999 1380 monstratus
1025 1328 1068 1378 est
1081 1320 1202 1393 linguis,
1216 1334 1284 1377 cum
1312 1333 1412 1376 eorum
1433 1317 1540 1375 scilicet
1559 1318 1668 1390 linguae

80 1420 240 1496 temperius
255 1420 328 1484 dixi,
346 1433 363 1475 a
378 1420 486 1489 meipso
504 1432 568 1474 snm
584 1416 768 1473 venundatus
822 1412 894 1471 nihii
931 1411 988 1468 nisi
1019 1410 1170 1467 charitatis
1206 1413 1347 1467 terrorem
1390 1415 1486 1465 essent
1532 1409 1670 1479 praedica·

79 1525 96 1567 s
110 1511 243 1577 traditus,
261 1524 312 1565 nee
323 1509 384 1580 jam
400 1521 449 1579 per
461 1521 506 1563 me
516 1506 553 1563 ab
564 1506 618 1561 hac
629 1503 768 1561 servitute
823 1509 908 1560 turae.

79 1614 169 1657 ossum
190 1605 241 1655 aut
251 1599 364 1655 redimi.
384 1598 420 1653 Et
435 1595 505 1668 quia
519 1597 559 1652 ita
573 1601 624 1662 est,
650 1593 714 1659 Quis
727 1608 769 1648 ate
859 1592 929 1648 Nam
949 1588 1031 1660 qaod.
1056 1587 1184 1660 Exponit
1197 1588 1341 1660 quomodo
1365 1587 1394 1644 in
1415 1587 1528 1646 Christo
1546 1587 1584 1644 sit
1598 1587 1669 1645 libe-

92 1689 122 1746 id
158 1696 200 1745 est
242 1687 309 1758 quis
341 1687 396 1743 erit
432 1695 490 1742 tam
524 1693 624 1756 potens
653 1691 681 1741 et
709 1691 768 1740 tam
785 1700 806 1754 g
823 1685 941 1737 intusa
972 1678 1033 1750 iege
1053 1677 1172 1749 peccati.
1206 1679 1274 1735 Nam
1295 1679 1366 1732 Deus
1390 1680 1482 1747 Pater,
1511 1676 1539 1734 id
1560 1684 1604 1735 est
1622 1677 1669 1733 di·

85 1776 167 1846 mihi,
194 1784 226 1833 ut
246 1791 290 1832 me
311 1775 409 1832 liberet
429 1791 446 1830 a
473 1790 586 1845 corpore
608 1777 703 1829 martis
722 1773 771 1826 itu-
825 1768 901 1826 vinae
920 1769 1054 1839 potentie
1067 1767 1201 1839 majestas
1222 1768 1299 1822 misit
1307 1767 1409 1822 Filium
1428 1781 1508 1823 taum
1523 1770 1554 1822 in
1569 1768 1669 1822 simiti-

91 1868 131 1925 ita
153 1880 244 1937 prono
258 1873 286 1921 et
302 1872 463 1936 praeparato
488 1864 524 1919 ad
542 1861 772 1919 interficiendam
825 1857 946 1914 tudinem
960 1859 1053 1913 earnis
1065 1858 1180 1928 peceati,
1196 1855 1222 1912 id
1238 1863 1280 1912 εει
1293 1863 1464 1913 coaeternam
1486 1856 1540 1912 sibi
1555 1856 1669 1927 sapien·

90 1970 127 2013 ne
160 1954 301 2022 carnales,
337 1953 444 2010 scilieet
474 1952 673 2023 suggestiones
702 1950 772 2008 mihi
826 1947 897 2004 tiam
913 1946 978 2004 iecit
998 1945 1148 2002 humiliari
1167 1944 1312 2016 usquead
1330 1944 1555 2016 assumptionem
1579 1946 1670 2016 passi-

79 2053 115 2114 ιι,
142 2053 169 2101 ει
195 2045 279 2101 cedat
306 2043 426 2113 spiritus
454 2041 546 2107 carni,
578 2042 607 2097 id
633 2048 675 2098 est
700 2040 773 2098 ratio
825 2035 933 2094 biiiset
957 2034 1086 2092 mortalis
1110 2033 1243 2102 hominis,
1270 2034 1309 2090 ita
1329 2041 1362 2090 ut
1389 2048 1440 2104 per
1469 2047 1582 2104 poenam
1606 2048 1672 2105 pec-

79 2134 186 2192 tumbat
199 2141 226 2190 ει
246 2133 405 2189 consentiat
428 2130 580 2201 voluptati.
598 2130 696 2186 Gratia
713 2132 772 2198 Dei,
827 2124 883 2181 cati
897 2124 945 2181 cui
959 2123 1136 2195 subjacebat,
1161 2122 1220 2193 ipsa
1243 2122 1329 2178 etiam
1353 2134 1470 2179 carnem
1503 2123 1623 2193 peceati,
1644 2122 1672 2179 id
1743 2173 1745 2176 ,

79 2239 109 2282 ιιι
142 2223 199 2290 lex,
220 2237 279 2279 nou
299 2221 421 2292 proprie
441 2220 527 2288 vires,
554 2233 613 2276 non
637 2219 774 2291 quaelibet
827 2221 869 2271 εει
889 2214 919 2270 in
946 2220 1060 2284 peceato
1076 2220 1244 2284 conceptam
1269 2211 1375 2269 habero
1401 2211 1559 2269 videretur.
1585 2214 1622 2267 m
1640 2212 1674 2267 de

79 2312 105 2369 td
121 2311 370 2370 divinabeneticia
392 2310 482 2391 gratis
498 2308 581 2365 nohis
601 2309 772 2379 pertesum,
824 2307 945 2374 peccato,
967 2301 996 2358 id
1020 2309 1063 2358 εει
1088 2300 1123 2358 de
1148 2313 1233 2371 poena
1264 2300 1381 2370 peccati,
1405 2313 1495 2370 quarn
1514 2314 1566 2371 pro
1589 2300 1674 2357 nobis

81 2408 205 2458 retorem
220 2399 322 2456 mundi
340 2397 451 2454 coliata.
466 2397 539 2453 Cum
558 2403 655 2452 autem
675 2395 774 2453 suadit
827 2400 966 2458 sustinuit
979 2399 1010 2456 in
1024 2411 1120 2466 carne,
1132 2398 1162 2455 id
1172 2405 1214 2455 εει
1225 2397 1254 2455 in
1269 2397 1480 2455 humanitatem
1495 2405 1672 2469 assumptam

103 2498 131 2546 et
150 2489 307 2545 Dominum
323 2493 455 2544 nostrum
470 2485 626 2556 potentian
640 2492 668 2540 et
689 2482 774 2555 jusu-
827 2503 886 2546 non
907 2488 1067 2546 meandum
1091 2486 1281 2555 divinitatem,
1291 2487 1440 2543 damnavit
1464 2491 1615 2558 paccatum,
1641 2488 1670 2545 io

79 2596 85 2635 t
115 2578 229 2636 saltare
260 2583 359 2648 queat,
388 2589 441 2631 110⁸
470 2571 604 2630 ⁰⁵1011dii·
642 2571 775 2628 Christus
827 2585 994 2648 estpoenam
1009 2576 1117 2647 peccati
1131 2588 1149 2632 a
1163 2575 1246 2632 nobis
1260 2575 1393 2643 remouit,
1417 2589 1477 2645 qua
1495 2576 1582 2632 etiam
1601 2575 1673 2647 justi

79 2666 148 2724 dest
162 2672 281 2734 unctus,
309 2663 419 2736 regiam
438 2675 527 2734 quam
542 2660 638 2728 habet,
654 2667 776 2730 potesta·
828 2665 1003 2724 tenebantur
1023 2672 1117 2734 antea,
1142 2671 1170 2720 et
1191 2664 1276 2720 cretos
1300 2663 1423 2734 aperuit.
1451 2665 1486 2720 Ut
1510 2663 1675 2734 iustificatia

79 2755 149 2813 imit.
166 2755 238 2811 Cum
253 2767 322 2811 vero
344 2753 394 2820 ait,
410 2750 567 2807 Dominum
581 2757 713 2805 nostrum
726 2749 777 2820 jus
830 2754 907 2824 teau.
923 2754 986 2811 Non
1001 2753 1070 2810 dicit
1095 2765 1183 2822 opera
1197 2750 1279 2823 legis,
1294 2765 1361 2823 quae
1385 2764 1575 2823 nequaquam
1592 2753 1675 2824 justi·

80 2851 107 2902 et
118 2845 147 2901 in
162 2843 245 2901 nobis
255 2850 395 2914 tanquam
409 2839 501 2897 servis
513 2839 574 2895 suis
589 2837 774 2905 demonstrat,
792 2860 814 2918 G
831 2843 927 2912 fleant,
944 2841 994 2900 sed
1015 2841 1093 2914 quod
1109 2841 1156 2898 tex
1172 2839 1302 2912 precipit
1317 2840 1353 2897 de
1366 2839 1412 2897 his
1430 2854 1496 2911 qua
1512 2841 1549 2897 ad
1567 2841 1674 2912 justiti-

79 2939 139 2990 uste
162 2930 320 2988 ud01niuio
343 2928 452 3000 uetusti
477 2927 538 2984 sive
557 2925 663 2983 diaboii
687 2925 775 2997 possit
829 2932 969 2989 cationum
984 2931 1116 3000 attinent,
1138 2931 1200 2987 sine
1226 2929 1336 3001 quibus
1354 2928 1515 3000 justificare
1532 2944 1591 2987 non
1615 2944 1677 3001 pos·

79 3031 83 3078 t
104 3034 121 3077 a
139 3019 305 3091 captivitate
330 3017 622 3089 praedictatauquam
644 3029 712 3072 suos
726 3029 775 3071 re·
828 3035 939 3090 sumus,
955 3019 1030 3078 sicut
1051 3027 1094 3077 est
1111 3018 1163 3076 Dei
1185 3026 1213 3076 et
1233 3017 1358 3105 proximi
1378 3018 1607 3092 charitas,quam
1629 3018 1676 3076 lox

79 3111 165 3179 igitur
188 3125 245 3178 eqo.
279 3105 519 3177 Quandoquidem
543 3119 593 3176 per
622 3104 773 3173 rationem,
828 3107 1027 3179 imperiectam
1049 3106 1127 3175 iacit,
1147 3105 1222 3162 siout
1244 3118 1335 3175 supra
1350 3104 1528 3172 monuimus,
1559 3106 1608 3163 sed
1625 3120 1677 3177 per

79 3213 86 3254 t
114 3206 165 3267 εει,
182 3198 292 3254 bonum
309 3197 387 3268 quod
410 3197 456 3254 ion
479 3195 608 3266 precipit
632 3194 711 3260 voto,
727 3192 776 3250 sed
828 3195 976 3255 christum
1000 3195 1029 3250 in
1048 3195 1132 3252 nobis
1153 3193 1312 3264 perficitur.
1329 3195 1365 3251 ut
1387 3194 1442 3252 hoc
1461 3202 1504 3253 εει
1524 3195 1602 3267 quod
1624 3195 1674 3264 ait,

78 3290 140 3339 tum
150 3281 228 3353 qnod
238 3280 351 3336 habitat
367 3280 397 3335 in
412 3293 499 3337 carno
510 3291 572 3335 mea
583 3277 692 3334 malum
707 3291 774 3348 ope·
828 3289 861 3340 ut
887 3286 1007 3340 ananias
1033 3286 1083 3339 Dei
1108 3288 1135 3339 et
1147 3285 1280 3354 proaimi,
1297 3296 1386 3356 quam
1411 3283 1459 3341 lex
1487 3284 1626 3357 praecipit,
1647 3285 1678 3341 iu

80 3375 212 3439 emente,
235 3370 263 3425 id
291 3376 333 3426 εει
362 3369 473 3426 ratione
491 3369 587 3425 servio
611 3369 667 3439 legi
689 3367 774 3423 Dei...
829 3373 912 3431 nobis
935 3372 1060 3444 perfecta
1074 3386 1127 3429 nos
1143 3372 1325 3444 justificaret.
1345 3374 1444 3444 Ipsum
1469 3373 1578 3445 quippe
1598 3373 1678 3430 Chri-

82 3460 213 3517 videiieet
229 3459 265 3514 ad
289 3456 483 3515 obediendum
503 3457 529 3513 ei
549 3471 601 3527 per
622 3455 774 3513 rationem·
829 3469 907 3520 stum
931 3470 1072 3534 unquam
1089 3463 1177 3518 Deum
1202 3461 1298 3532 ipsum
1325 3461 1492 3533 proximum
1508 3477 1576 3521 vere
1600 3462 1677 3519 didi-

84 3552 144 3621 ipso
163 3563 260 3617 earne,
288 3548 316 3604 id
345 3555 386 3604 cst
415 3547 541 3604 earnalis
562 3545 702 3603 desiderio
725 3560 775 3600 vu·
829 3564 907 3623 gere,
938 3564 1088 3608 summum
1113 3549 1186 3607 iliud
1200 3549 1382 3619 beneficium,
1399 3552 1479 3622 quod
1497 3551 1581 3609 nobis
1596 3552 1677 3608 exhi-

79 3638 252 3706 stimulante,
276 3638 364 3692 serata
379 3638 431 3706 [θεῖ’
444 3638 558 3708 peccati,
580 3635 607 3692 iti
622 3641 663 3691 0⁵¹
678 3635 776 3705 uritis
829 3640 892 3699 buit
921 3639 1082 3711 competiit:
1099 3637 1180 3711 quod
1203 3646 1246 3696 est
1267 3639 1298 3694 in
1319 3639 1402 3696 nobis
1421 3648 1570 3710 peccatum
1597 3641 1678 3698 dam·

79 3729 170 3786 tentiae
216 3725 450 3799 suggestionibus
489 3724 574 3796 quasi
619 3723 675 3796 legi
710 3723 776 3780 obe·
828 3744 909 3798 nare,
933 3729 962 3785 id
987 3736 1029 3786 est
1056 3735 1168 3785 reatum
1197 3742 1313 3785 omnem
1334 3734 1362 3785 ει
1385 3728 1500 3798 cuipam
1528 3730 1677 3788 destruere

829 3833 880 3890 per
901 3817 1072 3874 charitatem
1091 3816 1198 3872 euhoe
1223 3830 1336 3872 summo
1358 3816 1508 3875 beneflcio.
1524 3816 1605 3884 Quod
1630 3832 1678 3875 vo·

245 3939 361 3996 CAPUT
381 3938 455 3996 vffl‘
829 3907 903 3974 rius,
922 3905 1028 3977 inquit,
1044 3904 1170 3960 hahetur
1184 3903 1263 3974 apud
1274 3904 1396 3972 Graecos,
1411 3920 1464 3976 pro
1483 3909 1590 3975 peecata
1601 3905 1677 3962 dam-

829 3999 897 4052 naui
920 3998 1063 4067 peccatum
1090 3996 1148 4065 ipse
1180 3994 1270 4049 testie
1293 4008 1345 4064 pro
1370 3999 1478 4064 peccato
1500 3995 1602 4061 suetus.
1627 3997 1681 4053 Per

79 4098 136 4151 epo.
162 4081 236 4149 Quia
260 4081 452 4149 videliacum
475 4079 583 4137 dietum
606 4087 657 4150 εει,
682 4082 777 4153 gratia
830 4087 907 4144 hanc
923 4083 1046 4141 hostiam
1061 4082 1157 4140 carnis
1180 4097 1245 4154 qnae
1262 4083 1369 4140 dicitur
1384 4096 1435 4154 pro
1454 4091 1582 4154 peccato,
1597 4083 1679 4140 dam-

79 4171 212 4228 iitristum
232 4185 300 4227 suos
314 4170 425 4239 liberat,
442 4183 511 4241 ergo
532 4171 573 4224 uit
591 4169 777 4227 damnationis
793 4213 816 4268 D
833 4172 925 4240 navit,
942 4170 971 4227 id
999 4178 1042 4227 εει
1065 4169 1170 4227 delevit
1197 4177 1359 4240 peccatum,
1383 4170 1454 4242 quia
1481 4169 1678 4229 remissionem

79 4267 141 4329 etc,
158 4261 187 4317 id
208 4259 316 4331 estqui
341 4259 371 4314 in
398 4260 451 4316 hoc
471 4259 692 4329 superaedificati
707 4269 776 4317 sunt
832 4275 950 4335 quoqne
964 4266 1147 4332 peecatorum
1174 4260 1256 4318 nobis
1276 4259 1464 4333 insanguine
1493 4275 1558 4329 suo,
1585 4268 1613 4320 et
1634 4275 1680 4319 re·

79 4356 129 4405 tto.
158 4347 306 4416 Quomodo
332 4354 430 4404 autern
457 4347 510 4404 hos
532 4361 705 4418 cognoscere
724 4363 775 4405 ra·
828 4349 1074 4416 conciliationem,
1091 4358 1227 4419 operatus
1248 4358 1299 4406 εει.
1322 4349 1369 4406 Vei
1385 4348 1420 4406 de
1446 4358 1562 4420 peceato
1585 4351 1681 4408 adia-

79 4437 241 4494 eterminat.
269 4437 324 4501 Qui
347 4436 480 4493 videlieet
498 4451 552 4491 aaa
572 4436 713 4492 ambutant
735 4453 777 4493 se·
831 4439 896 4499 boio
914 4438 961 4496 vei
988 4451 1006 4494 a
1029 4437 1136 4494 iudaeis
1159 4439 1188 4493 in
1202 4451 1232 4494 se
1260 4438 1421 4507 commisso,
1436 4437 1588 4495 damnarit
1615 4453 1681 4510 pec·

79 4541 191 4595 minem,
219 4526 305 4582 idest
326 4525 484 4596 siquando
507 4539 557 4595 per
580 4525 778 4584 infirmitatem
830 4535 929 4586 catum
944 4527 975 4584 in
1001 4525 1095 4593 nohis,
1121 4528 1153 4584 ut
1177 4525 1287 4582 dictum
1312 4533 1365 4594 εει,
1394 4527 1478 4584 maiis
1502 4527 1590 4584 etiam
1612 4528 1682 4599 ipsis

83 4629 172 4687 quam
190 4614 340 4681 labuntur,
361 4615 437 4671 sicut
449 4613 514 4670 tecit
540 4613 642 4671 Petrus
656 4622 792 4674 mortem.
832 4617 939 4687 optime
950 4623 1044 4685 utem,
1061 4620 1088 4672 et
1102 4615 1133 4671 in
1152 4614 1260 4671 honum
1275 4623 1455 4672 convertens.
1469 4617 1532 4675 Duo
1546 4615 1595 4673 illa
1616 4631 1683 4688 quae

79 4718 239 4775 orpoream,
267 4718 328 4759 non
367 4709 555 4774 perseverant
586 4710 649 4774 post
673 4718 778 4761 concu-
831 4707 978 4779 premissa
993 4712 1063 4763 sunt
1078 4705 1115 4761 ad
1144 4704 1202 4760 duo
1226 4705 1377 4777 supposita
1398 4713 1467 4763 sunt
1486 4706 1635 4764 referenda
1655 4713 1683 4763 ει

79 4807 85 4849 t
104 4807 173 4850 suas
187 4793 281 4849 eundo
302 4792 336 4848 de
354 4791 424 4848 vitio
438 4791 469 4847 in
492 4792 607 4849 vitium.
628 4791 687 4848 Lex
701 4793 779 4850 enim
814 4780 1005 4866 'copulanda
1021 4793 1066 4850 Ad
1077 4793 1131 4850 hoc
1142 4791 1259 4865 quidem
1271 4793 1349 4864 quod
1363 4794 1414 4861 ait,
1432 4795 1464 4849 de
1475 4800 1586 4866 peceato
1604 4796 1680 4852 dam-

79 4883 191 4954 tgratia
209 4882 259 4938 Dei
280 4880 414 4938 liberabit
429 4895 497 4937 eum
508 4894 559 4960 per
582 4880 779 4949 Christum,ct
831 4884 909 4939 navit
944 4886 1095 4954 peccatum,
1119 4881 1191 4937 iiiud
1218 4880 1371 4953 subjungit
1399 4883 1478 4954 qnod
1510 4883 1683 4954 impossibiie

91 4970 120 5027 id
136 4970 185 5026 fiat
198 4985 278 5027 nunc
292 4971 393 5042 aperit,
412 4971 483 5042 quia
499 4970 545 5027 tex
562 4969 681 5041 spiritus
700 4970 777 5040 rita,
831 4980 894 5030 erat
910 4971 966 5044 legi
992 4970 1099 5028 seilicet
1108 4970 1247 5027 damnare
1261 4969 1306 5027 vol
1326 4970 1439 5028 auterre
1460 4980 1620 5042 peceatum.
1641 4973 1683 5030 dd

79 5059 253 5118 :charitatis
275 5067 303 5116 et
325 5059 416 5116 divini
442 5059 547 5115 amoris
571 5060 667 5130 potius
690 5072 779 5131 quam
832 5062 904 5120 iilud
928 5074 997 5119 vero
1022 5059 1101 5132 quod
1120 5059 1265 5124 subditur,
1280 5064 1312 5115 et
1323 5060 1486 5130 justificatio
1501 5062 1568 5130 tegis
1586 5063 1682 5133 impte-

79 5150 147 5207 sicnt
162 5157 236 5206 erat·
250 5147 296 5205 lex
312 5157 406 5216 vetus,
422 5153 452 5203 iu
474 5148 667 5217 christetem,
688 5147 717 5204 id
737 5154 779 5205 εει
846 5157 932 5220 retur,
949 5149 1021 5207 titud
1032 5157 1073 5206 εει
1084 5148 1305 5215 annectendum,
1318 5148 1348 5204 in
1367 5163 1425 5220 quo
1443 5149 1610 5207 infirmatur
1623 5150 1684 5221 ipsa

79 5238 162 5295 nobis
178 5237 285 5293 dataet
311 5237 453 5305 exhibita,
469 5236 664 5294 liberabitmc
680 5250 698 5293 a
717 5236 780 5309 iege
833 5240 891 5309 lex,
915 5238 1023 5296 scilicet
1056 5251 1107 5309 per
1133 5251 1259 5306 carnem,
1295 5237 1324 5293 id
1356 5245 1399 5295 ost
1430 5238 1595 5296 habendam
1622 5239 1683 5310 ple·

79 5335 95 5386 ι
117 5328 180 5384 ideo
198 5327 307 5392 mortis,
328 5327 356 5382 id
379 5335 454 5384 esta
478 5326 627 5397 praeceptis
643 5325 688 5384 rel
712 5342 780 5401 sug·
834 5342 902 5386 nam
925 5336 953 5384 et
966 5327 1120 5398 perfectam
1144 5325 1380 5398 justificationem
1412 5326 1459 5385 lex
1474 5328 1592 5387 indrma
1611 5327 1677 5398 tuit,

79 5430 112 5475 us
140 5415 266 5474 carnaiis
292 5414 542 5486 concupiscentiae,
566 5428 603 5472 ne
616 5413 657 5473 eis
673 5415 781 5475 scilicet
833 5423 949 5491 propter
967 5415 1113 5476 carnalem
1134 5415 1275 5488 populum
1289 5415 1338 5474 oui
1363 5416 1431 5476 dota
1455 5417 1521 5492 init,
1546 5425 1683 5491 utsupra
1752 5406 1759 5417 ”

79 5503 138 5566 ndo
169 5504 312 5565 obediam.
332 5503 455 5577 Spiritus
478 5505 555 5576 vitae,
578 5503 608 5566 id
631 5513 674 5565 est
693 5504 781 5580 Spiri-
834 5505 1022 5576 ostendimus,
1052 5506 1087 5567 da
1121 5503 1335 5580 imperfectione
1378 5507 1583 5569 mandatorum
1616 5506 1682 5580 ejus
