3804 5962
374 200 533 261 nannetis
551 201 758 262 THEOLOGIAE
777 202 1007 266 cnulstihum.
1021 236 1058 252 -
1070 208 1264 269 amantio.

297 475 644 647 PETRI
707 476 1337 655 ABAELARDI

79 747 1631 1076 HEOLOGIAEEHTERQRISTIANAE.

79 1129 153 1188 tibus
178 1144 246 1187 mss.
272 1131 489 1188 monasteriis:
515 1130 721 1187 Emmerammi
745 1131 982 1201 neumanensis,
1002 1131 1034 1188 in
1048 1132 1203 1190 biliotheea
1226 1134 1323 1192 aulica
1345 1135 1509 1195 blonacensi
1523 1138 1689 1209 asservatis,

170 1201 283 1271 primns
297 1202 384 1259 edidit
408 1203 487 1258 Frid.
501 1203 590 1259 llenr.
607 1201 785 1268 iiheinwald,
801 1201 950 1274 theologiae
965 1210 992 1260 et
1011 1204 1200 1275 philosophiae
1219 1205 1329 1275 doctor,
1344 1214 1411 1273 etc„
1426 1208 1458 1265 in

332 1273 497 1332 collectione
510 1273 558 1330 eni
574 1274 675 1330 titulus
691 1288 698 1328 ε
714 1273 901 1328 Anecdotaud
913 1275 1056 1331 historiam
1079 1277 1289 1333 ecclesiasticum

439 1348 625 1416 pertinentia,
642 1344 787 1416 particula
801 1346 837 1413 ll,
852 1345 978 1403 berolini
993 1348 1070 1418 teth,
1085 1346 1186 1420 ιιι-80.)

632 1541 996 1709 PRAEFATIO.

79 1797 158 1856 nium
174 1794 367 1868 theologicum
386 1795 466 1868 quod
485 1796 516 1852 in
531 1796 604 1854 urbe
619 1793 782 1853 Monacensi
797 1795 822 1851 A
837 1794 951 1867 gnitum
965 1794 1031 1864 luit,
1053 1802 1150 1853 tamen
1165 1794 1263 1867 quoad
1284 1796 1347 1868 ejus
1365 1795 1425 1855 scio
1437 1795 1469 1856 in
1483 1795 1617 1857 notitiam
1637 1814 1689 1859 cas·

79 1869 197 1941 msigere
237 1868 366 1940 contigit,
409 1868 536 1924 aulicam
570 1867 784 1934 bibliothecam,
839 1873 969 1925 tenorum
983 1865 1183 1939 theologorum
1193 1882 1251 1925 non
1282 1868 1404 1926 ervenit.

79 1955 99 1998 n
132 1944 312 2008 ceterarum,
350 1938 506 2009 saepissime
545 1937 730 2009 frequentavi
758 1945 786 1995 et
875 1938 961 1995 Liber
983 1938 1067 1995 modo
1094 1938 1188 1995 dictus
1211 1881 1392 1997 proflantem
1421 1940 1689 2001 limmeramnensis

79 2027 92 2068 u
123 2025 181 2067 non
215 2024 291 2067 nova
322 2018 349 2066 et
380 2009 553 2081 cognitionis
574 2018 602 2066 et
628 2009 785 2092 voluptatis
840 2008 958 2065 titulum
979 2008 1075 2079 gerit:
1100 2011 1174 2064 Petri
1192 2009 1507 2068 Abaebrdisententiae.
1531 2012 1690 2071 llaeintri-

79 2081 233 2140 recessione
258 2080 340 2137 redii.
363 2080 551 2136 Libentissme
574 2086 671 2136 autem
696 2094 726 2135 in
746 2081 784 2137 le·
840 2080 921 2151 ginta
936 2087 1042 2149 septem
1062 2079 1156 2149 capita
1188 2080 1325 2151 disposita
1337 2089 1415 2138 snut.
1434 2083 1466 2139 ln
1485 2082 1607 2156 legendo
1626 2085 1690 2156 pri-

80 2160 90 2209 t
122 2152 280 2223 relegendis
308 2151 486 2207 bibliothecae
513 2151 541 2207 S.
575 2152 784 2219 Emmeramni‚
840 2151 990 2220 mocaplte
1022 2163 1216 2222 permagnum
1238 2153 1341 2224 utique
1368 2166 1541 2211 eonsensum
1556 2157 1688 2212 eumin-

79 2223 200 2281 bonensi
230 2222 401 2279 monasterio
428 2222 455 2277 S.
480 2223 683 2279 Emmeramno
706 2223 785 2277 dedi·
840 2222 1009 2278 traductione
1045 2221 1190 2278 Abalardi
1229 2222 1285 2295 (73)
1323 2222 1555 2283 animadvertere
1585 2225 1653 2284 licet
1680 2242 1688 2282 ι

90 2302 299 2365 transportatur,
321 2293 404 2350 libris
428 2302 561 2349 versatus
576 2308 651 2349 suni.
671 2293 787 2349 Praeter·
839 2292 936 2363 priora
959 2292 1048 2349 verba
1064 2306 1181 2362 prorsus
1199 2293 1300 2351 eadem
1312 2294 1381 2367 (74).
1398 2295 1495 2367 Usque
1510 2295 1547 2353 ad
1562 2296 1689 2354 mediam

84 2365 239 2438 quodeam
262 2365 343 2421 vario
366 2364 539 2433 scripturum
559 2364 786 2435 theologicorum
839 2364 941 2434 capitis
968 2365 999 2418 l5
1030 2367 1141 2434 partem
1170 2363 1224 2436 (75)
1263 2364 1353 2436 hujus
1381 2380 1537 2424 censensus
1569 2367 1690 2440 vestigia

79 2437 219 2508 praecipue
239 2444 335 2492 autem
356 2434 438 2490 libris
464 2436 499 2490 ad
521 2434 689 2491 historicam
710 2436 787 2492 theo·
840 2434 1039 2503 inveniuntur,
1061 2434 1100 2490 ita
1117 2442 1214 2491 tamen
1229 2443 1261 2492 ut
1286 2436 1383 2506 capita
1404 2439 1468 2492 l-l5
1483 2438 1534 2495 lib.
1550 2453 1568 2492 r.
1599 2439 1690 2494 lamo·

79 2507 281 2579 spectantibus,
306 2505 535 2576 splendidissime
558 2513 728 2562 exornatam
743 2505 784 2577 vi·
841 2505 977 2561 ductionis
994 2506 1024 2561 in
1053 2506 1145 2576 capite
1175 2506 1237 2561 l-ll
1266 2506 1372 2563 codicis
1386 2508 1477 2565 nostri
1492 2522 1550 2566 uon
1566 2508 1603 2566 ad
1623 2522 1691 2567 rer·

79 2592 129 2636 rna
152 2592 268 2650 qnoque
295 2576 434 2648 praesidia,
465 2576 501 2632 ad
534 2577 697 2633 interiorem
721 2577 787 2647 eius
841 2576 911 2632 bum
940 2590 1085 2646 expressa,
1106 2577 1352 2645 quemadmodum
1369 2579 1388 2633 ii
1415 2578 1524 2649 opinati
1547 2586 1617 2636 snut
1636 2579 1689 2651 qui

92 2649 287 2720 perveniendi,
318 2650 357 2704 ita
377 2655 544 2717 comparata
566 2655 660 2716 erant,
676 2655 708 2704 ut
723 2651 785 2703 stn-
841 2647 932 2704 obiter
947 2646 1000 2704 hos
1013 2646 1100 2703 libros
1111 2647 1271 2718 inspexisse
1284 2648 1431 2716 videntur,
1443 2649 1581 2721 reperias,
1596 2664 1691 2721 quan·

81 2736 131 2776 nm
155 2721 185 2776 in
204 2720 264 2777 dies
288 2726 444 2791 augeretur
467 2726 494 2774 et
512 2719 726 2775 accenderetur.
742 2718 787 2773 Li·
841 2731 929 2789 qnam
944 2718 1028 2774 vario
1042 2717 1126 2774 modo
1140 2718 1214 2775 inter
1235 2733 1265 2774 se
1283 2719 1468 2775 conveniant.
1483 2720 1553 2786 Quae
1576 2727 1691 2791 preter-

79 2792 101 2847 li
124 2798 206 2864 grato
228 2790 324 2846 animo
350 2790 516 2845 memoriam
540 2790 596 2845 viri
620 2790 654 2845 de
678 2790 732 2845 bac
756 2788 784 2844 S.
840 2804 876 2845 ea
895 2789 924 2844 in
946 2788 1153 2845 Introductione
1176 2789 1293 2858 adsunt,
1328 2803 1386 2846 non
1407 2791 1533 2861 amplius
1555 2798 1690 2849 accurate

79 2865 136 2919 mni
165 2860 339 2918 bibliotheca
371 2860 549 2915 meritissimi
573 2867 710 2930 repetere,
734 2859 786 2930 qui
841 2859 889 2917 sed
910 2861 993 2916 modo
1016 2859 1195 2924 summatim,
1225 2859 1266 2915 ita
1282 2866 1315 2916 ut
1339 2867 1367 2916 et
1388 2861 1475 2918 rerba
1503 2869 1532 2919 et
1553 2861 1614 2932 ipsa
1639 2875 1692 2918 ar-

88 2931 221 2990 ordinata
248 2931 396 3057 egregium
423 2931 587 3001 catalogum
611 2931 784 3002 composuit,
841 2930 1021 3001 gumentatio
1033 2944 1150 3000 prorsus
1160 2929 1305 2997 ffiherant,
1324 2930 1415 2988 relata
1428 2938 1507 2989 sunt.
1520 2931 1617 2990 iilum
1627 2946 1691 2989 ora·
1724 2974 1730 2987 .

89 3004 228 3060 anecdota
245 3002 311 3058 addi
335 3002 356 3057 it
371 3009 459 3071 atque
483 3002 591 3059 notitiis
606 3001 729 3073 egregiis
749 3001 785 3056 ad
841 3001 928 3057 tionis
955 3002 985 3057 in
1012 3001 1169 3058 introduct.
1201 3002 1219 3058 l.
1247 3018 1289 3069 ιιι,
1305 3016 1330 3058 ο.
1359 3004 1385 3072 l,
1403 3002 1498 3060 media
1511 3003 1541 3060 iu
1554 3018 1585 3061 re
1600 3002 1691 3061 abru-

861 3079 922 3128 tum
937 3086 997 3129 esse
1012 3079 1133 3129 constat.
1156 3072 1258 3130 Noster
1275 3080 1372 3130 autem
1394 3074 1485 3131 codex
1509 3077 1659 3132 materiam
1674 3087 1692 3131 a

79 3144 280 3204 :clomannnm
308 3143 473 3209 Saultlium,
500 3143 623 3200 coenobii
654 3143 785 3200 hatisbn·
840 3087 925 3200 ιΙ))εοῑιο
960 3143 990 3199 in
1027 3144 1229 3201 introductione
1256 3150 1405 3201 tractatam
1438 3144 1561 3203 ulterius
1593 3159 1692 3216 perse·

79 3216 236 3273 nonachum
261 3214 291 3286 (†
309 3213 385 3286 leot)
405 3213 452 3270 eui
468 3228 557 3284 quiam
578 3214 703 3270 multum
720 3228 787 3270 cnm
844 3214 960 3286 quenda
985 3228 1051 3271 cum
1067 3228 1101 3270 ea
1120 3228 1185 3286 qnae
1198 3215 1233 3271 de
1261 3214 1407 3272 attributis
1431 3215 1482 3273 liei
1506 3217 1536 3273 in
1560 3216 1691 3273 Introdu-

95 3288 220 3345 historiae
241 3299 345 3357 genere
363 3285 481 3341 debeam
499 3293 563 3341 tum
586 3286 615 3339 in
630 3284 684 3341 h0c
697 3285 787 3355 potis·
844 3288 932 3341 ctione
947 3285 1158 3352 desiderantur,
1184 3285 1298 3357 adjicit,
1320 3294 1381 3344 tum
1405 3285 1476 3344 alias
1490 3301 1608 3361 quoque
1622 3287 1690 3360 dog·

81 3358 177 3427 abore,
192 3358 227 3414 de
242 3371 301 3428 quo
315 3357 411 3413 statim
428 3354 546 3412 uberius
560 3355 694 3412 dicturus
708 3370 786 3422 snm,
842 3357 962 3412 matteas
981 3357 1155 3428 questiones
1166 3356 1293 3426 attingit.

79 3445 93 3486 ο
124 3436 153 3486 et
177 3428 359 3499 persentisco.
394 3426 509 3483 Novum
545 3425 671 3496 prolecto
698 3426 728 3481 in
754 3440 787 3482 eo
879 3427 945 3483 ilaec
974 3427 1004 3483 in
1026 3427 1201 3501 uniuersum
1234 3428 1269 3484 de
1308 3435 1479 3500 argumento
1505 3428 1614 3486 codicis
1638 3442 1691 3487 no·

79 3500 138 3556 inm
161 3497 288 3570 improbi
305 3498 383 3553 illius
411 3496 529 3565 laboris,
554 3494 788 3567 enjusexempla
843 3499 894 3553 stri
923 3497 1046 3570 ejusque
1082 3499 1220 3556 relatione
1246 3498 1282 3554 ad
1305 3500 1535 3556 introductionem
1558 3500 1692 3573 magistri

79 3578 145 3628 istra
166 3567 335 3641 quaerimus,
352 3576 418 3624 ante
441 3568 538 3625 oeulos
560 3567 713 3636 habemus,
729 3581 787 3637 quo
843 3568 929 3624 Petri.

78 3643 193 3698 inorum
214 3641 283 3696 ordo
304 3639 496 3696 saluberrima
515 3639 625 3695 ratione
639 3638 788 3709 quondam
878 3640 941 3695 lam
957 3645 1066 3707 autem,
1082 3646 1115 3696 ut
1129 3639 1291 3704 videamus.
1309 3654 1367 3711 qno
1377 3640 1444 3711 jura
1459 3640 1507 3697 bic
1524 3639 1596 3699 liber
1609 3641 1690 3700 Aba·

79 3711 162 3778 luxit,
177 3711 360 3775 sustentavit,
376 3710 498 3779 adjuvit.
843 3708 1181 3781 lardovindicaripossit,
1194 3717 1260 3766 ante
1270 3711 1692 3781 omniaquaestioproponenda

80 3784 192 3841 bulanti
217 3782 288 3837 mihi
308 3782 384 3837 hanc
408 3780 610 3836 bibliothecam
630 3778 662 3835 in
687 3777 788 3835 oculos
843 3794 904 3836 esse
918 3779 1043 3847 videtur,
1060 3795 1132 3837 num
1145 3781 1211 3839 libri
1227 3781 1381 3837 cn'nsdam
1391 3781 1595 3837 Sententiarum
1608 3781 1692 3839 abm-

79 3862 127 3911 unt
147 3853 257 3911 codices
280 3853 411 3924 quidam,
433 3854 607 3922 inquorum
629 3849 721 3906 trente
736 3865 786 3906 uo·
843 3850 925 3908 lardo
944 3851 1062 3921 ascripti
1090 3852 1213 3923 vestigia
1237 3797 1371 3910 abeleni
1398 3859 1525 3922 tempore
1552 3851 1597 3908 vel
1612 3852 1692 3923 apud

78 3927 84 3981 i
111 3924 177 3996 legi,
202 3924 280 3994 qnod
308 3935 461 3993 utinquam
494 3936 552 3978 non
574 3921 638 3977 sine
661 3920 788 3990 quodam
843 3936 921 3988 euni,
935 3920 981 3977 vel
995 3923 1072 3991 apud
1088 3921 1177 3979 alium
1192 3923 1299 3988 virum,
1315 3924 1379 3993 ejus
1394 3930 1519 3992 tempore
1532 3923 1690 3992 viventem,

78 3997 111 4052 iae
134 4010 221 4052 sensu
242 3995 389 4051 exaudivi.
412 3994 526 4062 inspexi
550 4006 599 4047 eos
621 3993 788 4048 accuratius
843 3992 978 4062 indagari
991 3993 1123 4064 possint?
1140 3997 1235 4065 Atque
1257 3994 1297 4049 ita
1313 3993 1438 4063 prolecto
1455 4001 1507 4051 est.
1528 3993 1693 4052 &suardus

81 4067 170 4123 olere
190 4065 359 4135 tripudiati,
377 4066 485 4119 cunrin
512 4077 604 4119 unum
632 4063 702 4118 mihi
720 4062 789 4118 inci·
843 4064 921 4121 enim
951 4063 1178 4120 Claraevallensis
1205 4066 1235 4121 in
1264 4064 1439 4136 quibusdam
1469 4063 1596 4136 epistolis
1618 4064 1693 4122 inter

80 4151 155 4207 erar,
173 4139 259 4208 enjus
278 4142 485 4208 argumentum
495 4134 520 4190 si
540 4147 598 4190 non
611 4133 695 4203 plane
710 4133 787 4190 inco·
844 4135 904 4192 alia
914 4135 1058 4192 abaelardi
1072 4135 1180 4206 scripta
1194 4136 1281 4193 etiam
1293 4136 1408 4192 bibrum
1421 4135 1624 4192 Sententiarum
1634 4135 1691 4207 (tt)

80 3075 189 3133 ruriam
212 3073 422 3143 pertinentibus
438 3072 519 3144 larga
534 3086 623 3128 manu
637 3073 784 3128 iustruxit.
801 3080 823 3135 Β

79 4292 148 4348 ipra,
165 4277 218 4334 col.
233 4279 313 4332 eit-t
323 4280 382 4334 llo.
842 4292 910 4334 rum
924 4279 995 4349 ejus,
1020 4291 1074 4334 nec
1088 4293 1145 4335 nou
1162 4287 1189 4336 et
1213 4278 1295 4336 illum
1310 4279 1363 4350 qui
1384 4276 1564 4347 inscribitur,
1578 4278 1652 4336 Scito
1667 4284 1693 4336 te

79 4363 109 4405 ac
122 4364 159 4405 ex
178 4362 208 4405 re
228 4350 420 4414 hlabillunius,
445 4347 497 4418 qni
512 4347 640 4404 codicem
656 4355 787 4404 nostrum
843 4351 961 4418 ipsum:
988 4356 1015 4406 et
1037 4350 1259 4408 animadvertite
1285 4357 1403 4422 quantae
1424 4356 1453 4406 et
1467 4349 1507 4407 ibt
1530 4350 1693 4421 sylvescant

79 4434 155 4490 eper
169 4421 321 4475 bavariam
348 4420 422 4475 iacto
437 4420 537 4499 ¹obiter
559 4426 673 4475 tantum
698 4420 791 4488 inspe-
807 4395 828 4452 ⁰
844 4427 952 4501 segetes
970 4420 1187 4492 sacrilegiorum
1211 4430 1301 4493 atque
1321 4435 1465 4487 errorum,
1493 4421 1566 4492 qnid
1586 4420 1692 4479 sentiat

79 4491 253 4546 calcedonem
282 4491 357 4546 Petri
381 4499 408 4546 et
426 4489 531 4546 hhrurn
548 4499 679 4545 nostrum
697 4505 789 4546 unum
845 4491 881 4546 de
904 4505 1002 4547 anima
1025 4492 1141 4558 Christi,
1162 4493 1197 4548 de
1220 4506 1342 4563 persona
1362 4492 1479 4559 Christi,
1501 4493 1536 4549 de
1551 4491 1692 4549 descensu

79 4577 133 4632 que
157 4577 218 4618 esse
247 4561 369 4632 collegit.
396 4561 475 4627 Quod
507 4574 575 4616 uero
603 4560 790 4621 hlabillunius
846 4559 952 4619 Christi
968 4563 1002 4619 ad
1028 4563 1143 4629 interos,
1177 4562 1212 4619 de
1231 4570 1412 4620 sacramento
1431 4562 1591 4629 altaris,de
1611 4570 1691 4633 pote·

79 4649 105 4687 re
129 4635 297 4698 Gemanica,
317 4646 345 4702 p.
375 4635 417 4702 itt)
437 4640 633 4700 proposuerat,
661 4639 792 4688 auctores
846 4639 918 4689 state
943 4633 1053 4704 ligandi
1076 4641 1164 4704 atque
1183 4633 1323 4700 solvendi,
1346 4634 1381 4690 de
1403 4634 1446 4689 ori
1469 4634 1538 4690 inali
1562 4639 1690 4704 peccato,

86 4703 233 4760 litterariae
257 4704 401 4758 Gallorum
419 4704 448 4757 in
468 4701 716 4758 dissertationibus
741 4717 791 4759 sn·
845 4704 880 4759 de
919 4718 1010 4761 conon
1033 4704 1167 4768 isceutiis,
1203 4704 1237 4761 de
1275 4713 1389 4775 peccato
1415 4649 1620 4770 delectationis,
1657 4703 1693 4761 de

79 4784 138 4830 net
153 4777 260 4843 scripta
274 4773 418 4830 hbaelardi
435 4773 570 4828 coniectis
586 4779 689 4829 temere
706 4787 791 4843 repe·
846 4781 960 4843 peccato
972 4719 1156 4842 inirprmitatis
1180 4774 1214 4831 de
1230 4783 1344 4845 peccato
1364 4776 1545 4845 ignorantia,
1561 4776 1693 4847 deopere

79 4847 177 4900 listoire
192 4847 276 4899 litter.
305 4846 338 4899 de
353 4845 381 4898 lu
408 4846 519 4908 dronae,
538 4850 559 4898 t.
587 4844 651 4909 xil,
682 4858 708 4912 p.
728 4846 788 4900 tle.
846 4846 964 4914 peceati,
992 4847 1026 4902 de
1045 4846 1194 4902 voluntate
1216 4846 1353 4916 peccandi
1369 4845 1418 4901 rel.
1437 4866 1448 4895 ι
1464 4875 1499 4888 -
1513 4844 1557 4916 Ei.
1579 4860 1624 4916 ep.
1641 4847 1692 4903 iiii

91 4930 209 4987 quoque
228 4916 360 4972 Andreas
383 4915 579 4978 Quercctanns
596 4913 651 4984 ibn
676 4915 789 4983 diesne)
845 4915 881 4971 ad
908 4917 1106 4973 innocentium
1136 4930 1241 4987 papam
1257 4932 1264 4972 :
1279 4937 1295 4968 n
1324 4916 1492 4987 ligatorium
1524 4925 1628 4973 nostrae
1647 4931 1690 4974 re·

79 4987 150 5056 Opp.
171 4986 273 5053 abael,
299 4995 326 5042 et
349 4986 546 5053 hlabillunius,
560 4986 665 5040 hartel.
681 4986 742 5040 ord.
757 4984 787 5042 S.
844 4987 1025 5057 demptionis,
1041 4988 1116 5044 sient
1130 4989 1160 5044 in
1185 4988 1257 5044 libro
1271 4988 1397 5059 quodam
1418 4990 1622 5044 Sententiarum
1645 4986 1693 5114 ip·

83 5058 140 5124 .ll,
162 5072 187 5127 p.
206 5061 267 5112 357.
844 5057 904 5113 sius
925 5066 953 5113 et
976 5058 1043 5114 item
1064 5059 1093 5114 in
1113 5058 1241 5130 quadam
1269 5061 1332 5130 elus
1358 5059 1536 5129 expositione
1562 5058 1693 5141 Epistoae

79 5128 165 5196 trud,
178 5141 278 5197 supra,
291 5127 344 5185 col.
366 5126 428 5182 98l.
844 5128 880 5183 ad
912 5129 1055 5185 Rornanos
1073 5129 1139 5199 legi,
1168 5130 1339 5187 temerarius
1361 5138 1505 5187 scrutator
1532 5129 1692 5202 magestatis
1719 5196 1726 5207 ι

108 5199 245 5255 heroardi
259 5199 342 5269 epist.
378 5201 437 5256 l88.
456 5197 492 5252 ed
514 5197 661 5268 episcopos
678 5202 705 5252 et
724 5210 788 5252 ear·
844 5199 1025 5269 aggrediens,
1049 5199 1079 5255 in
1097 5203 1157 5270 ipso
1173 5200 1269 5257 statim
1299 5215 1358 5260 sum
1382 5199 1587 5270 disputationis
1608 5214 1692 5258 enor-

82 5271 268 5341 euriaetopp.
299 5271 343 5326 ed.
374 5269 481 5326 hlabill.
512 5276 532 5325 t.
558 5269 709 5346 ipati)
728 5269 786 5339 lie·
843 5269 890 5325 die
916 5269 1173 5329 ecclesiasticorum
1198 5286 1288 5328 unam
1310 5271 1441 5328 omnium
1457 5273 1491 5328 de
1507 5272 1561 5328 hac
1577 5286 1608 5329 re
1620 5271 1692 5329 dicit

79 5340 264 5413 Cblillllll]:
285 5364 294 5391 ι
314 5341 421 5410 Legite,
448 5341 470 5395 si
493 5338 595 5408 placet,
617 5339 725 5394 lilirum
738 5341 787 5394 Pe·
843 5355 905 5396 esse
919 5343 1090 5398 sententiam
1105 5350 1132 5399 et
1160 5344 1251 5413 ipsam
1279 5343 1359 5414 ponit
1373 5356 1408 5399 ac
1422 5344 1533 5414 spernit
1546 5350 1574 5400 et
1588 5343 1693 5415 gloria-

80 5413 154 5479 ardi‚
171 5427 257 5483 quem
280 5412 347 5467 dicit
361 5410 532 5481 Tlreologiao,
548 5411 584 5465 ad
600 5424 721 5466 monium
747 5418 789 5466 est
845 5418 891 5468 tur
907 5427 936 5468 se
951 5413 1056 5470 hahere
1075 5412 1232 5472 meliorem.
1251 5434 1265 5464 r

79 5483 206 5555 -Legite
229 5490 257 5540 et
283 5484 384 5551 alium,
405 5496 492 5554 quern
511 5482 606 5537 dieunt
629 5481 789 5538 Sententia-
