3804 5962
131 216 183 273 939
396 214 501 272 Pli'l'iil
520 213 705 272 ABAELARDI
726 215 804 271 OPP.
825 216 913 273 PARS
933 215 982 273 lli.
995 243 1031 258 -
1042 217 1262 277 riinonootoa
1280 219 1323 275 ΕΤ
1343 219 1606 280 ruinosorfltoa.
1827 227 1884 282 oto

129 347 311 423 experientia
324 350 522 422 voluptatum,
540 347 625 420 quasi
645 346 772 419 quadam
790 347 899 418 saporis
913 346 976 405 dul·
992 348 1017 402 Α
1031 349 1109 404 enim
1130 346 1167 403 ad
1201 348 1419 408 aedificationem
1454 349 1596 422 loquitur,
1612 355 1663 408 aut
1686 348 1814 409 docendo
1831 347 1883 406 ali·

130 438 231 495 cedine
246 437 332 496 illecti
348 437 425 495 maia
450 439 512 509 ipsa
528 446 714 511 cognoscunt.
741 439 772 493 in
789 451 848 509 qua
860 437 976 509 quidem
1032 436 1113 507 quid,
1141 445 1192 494 aut
1210 439 1391 497 exhortando
1410 438 1520 510 aliquid
1535 439 1675 512 loquitur.
1692 437 1739 496 Sic
1751 451 1879 509 expone:

129 526 311 597 experientia
335 527 437 584 sobriae
452 534 479 583 et
503 526 629 584 honestae
651 527 717 584 vitae
742 527 879 584 terminos
894 541 977 584 erce·
1032 524 1096 582 Sive
1109 526 1263 597 quidocet,
1284 528 1390 585 scilieet
1411 528 1552 585 rationem
1575 526 1880 596 decimacionem

130 615 215 682 dunt,
229 615 301 672 dum
313 615 512 687 voluptatibus
526 617 588 674 suis
610 617 731 688 turpiter
745 616 919 674 inserviunt.
943 619 978 671 Et
1032 613 1068 669 sit
1084 613 1261 685 discernens,
1284 617 1394 674 scilicet
1410 624 1554 687 quantum
1575 618 1661 686 valet,
1687 632 1755 688 quae
1770 615 1881 688 quihus

129 706 291 775 unicuique,
316 705 425 764 scilicet
449 714 593 775 nostrum,
623 708 677 764 hoc
696 707 789 778 ipsum
804 707 877 774 dieo,
894 705 921 761 id
938 712 978 763 est
1033 704 1198 761 hominibus
1235 706 1435 777 persuadenda
1473 706 1541 774 sint,
1573 707 1647 764 sicut
1685 715 1713 764 ει
1738 706 1878 774 docenda,

129 807 189 852 non
215 796 281 866 plns
308 809 417 866 sapere,
433 803 486 853 ete.
517 796 594 851 Sicut
613 798 684 852 Deus
708 796 804 851 diuisit
823 810 978 851 mensurum
1029 794 1116 865 juxta
1133 794 1204 851 illud
1224 795 1379 852 Veritatis:
1402 797 1492 852 Nolite
1519 801 1644 852 sanctum
1671 796 1738 852 dore
1754 795 1879 861 cortibus,

126 883 202 954 fidei,
227 883 257 940 id
280 892 323 942 est
347 893 433 956 prout
459 885 549 942 credit
577 885 741 942 laciendum
768 900 841 956 εεεε,
863 886 904 942 ita
924 885 979 941 hoc
1032 886 1246 953 aequemittctis
1260 887 1429 954 margaritus
1452 889 1515 940 oute
1529 901 1626 955 porcos
1642 883 1751 957 (dotti.
1772 899 1824 954 vu,
1840 885 1879 956 b).

126 971 255 1045 impleat.
275 975 353 1031 Sicut
378 970 460 1043 euim,
486 989 519 1031 ac
534 975 558 1031 si
580 974 687 1047 aliquis
701 982 864 1046 quaereret:
890 974 978 1029 Estne
1032 972 1084 1039 Qui
1107 973 1214 1042 tribuit,
1244 974 1273 1029 id
1298 981 1340 1031 est
1365 988 1419 1030 sua
1443 974 1569 1046 largitur
1583 975 1744 1046 egentibus,
1766 975 1880 1030 iasim-

126 1063 158 1122 in
184 1064 357 1122 discretione
382 1065 450 1123 boni
473 1073 501 1122 et
520 1066 589 1123 mali
605 1065 719 1122 diversa
744 1063 919 1122 existimatio
935 1063 977 1120 in·
1030 1065 1163 1134 plicitate,
1179 1063 1301 1121 subaudi
1331 1063 1358 1120 id
1373 1063 1468 1133 iaciat,
1486 1064 1569 1120 idest
1584 1079 1643 1121 non
1664 1063 1810 1136 duplicem
1841 1061 1881 1119 ibi

126 1152 285 1212 fidelibus?
300 1155 462 1228 Respondet
483 1154 638 1226 Apostolus
662 1155 741 1226 quod
757 1162 808 1218 est,
825 1153 875 1211 sed
895 1153 979 1210 etdi·
1032 1153 1138 1209 habeat
1173 1153 1370 1216 intentionem,
1407 1160 1464 1208 tam
1494 1165 1545 1222 pro
1581 1151 1731 1223 temporali
1770 1151 1879 1209 scilicet

126 1243 204 1302 vinee
223 1244 325 1316 gratiae
346 1245 422 1301 dona
452 1245 481 1301 in
511 1246 551 1303 eis
575 1253 644 1302 sunt
667 1244 794 1314 diversa,
818 1251 845 1301 ει
868 1244 922 1300 hoc
936 1252 979 1301 est
1033 1252 1123 1311 quam
1144 1246 1252 1295 eterna
1274 1238 1517 1295 remuneratione.
1544 1239 1624 1304 Quod
1644 1247 1672 1296 et
1695 1238 1764 1296 alibi
1784 1238 1882 1311 prohi-

127 1331 206 1404 quod
230 1333 403 1404 competenti
431 1332 621 1391 similitudine
646 1333 834 1396 demonstrat,
864 1333 976 1390 dicens:
1033 1328 1080 1385 bet
1097 1329 1235 1385 Dominus
1250 1327 1368 1384 dicens:
1385 1330 1534 1395 demseris
1558 1330 1764 1399 eleemosynam,
1778 1329 1882 1384 aesciot

127 1421 177 1478 Sia
198 1423 270 1476 euim
296 1426 390 1478 elaea
411 1423 532 1479 eumdem
560 1428 651 1479 actum
680 1423 789 1490 bobert,
806 1422 835 1479 iti
862 1428 978 1478 estnon
1032 1419 1149 1473 sinistro
1178 1422 1226 1471 tuo
1247 1416 1316 1486 quid
1337 1419 1425 1484 faciut
1440 1417 1555 1473 deutero
1573 1423 1621 1473 tuo
1644 1418 1753 1492 (Marta.
1782 1432 1821 1488 vr,
1839 1417 1878 1488 2).

127 1597 324 1657 diversitatem
348 1600 378 1657 in
402 1614 462 1658 uno
487 1615 606 1675 corpore
627 1602 740 1658 Christo
763 1608 792 1659 et
817 1601 847 1656 in
870 1600 978 1657 eisdem
1033 1595 1204 1663 intentione,
1231 1599 1263 1651 ut
1282 1595 1414 1653 videlicet
1434 1596 1621 1670 eleemosyna
1635 1611 1696 1654 suae
1718 1591 1807 1654 lineui
1822 1604 1880 1655 tam

127 1689 315 1746 moramentis
329 1690 407 1747 uniti
423 1703 536 1747 sumus.
993 1700 1015 1758 tt
1032 1684 1063 1743 in
1077 1701 1107 1743 se
1124 1700 1215 1758 quam
1239 1686 1269 1742 in
1294 1686 1350 1742 Deo
1373 1688 1540 1756 constituat,
1566 1687 1615 1743 sed
1635 1685 1838 1744 tantummodo
1851 1686 1880 1743 in

161 1778 242 1834 Alter
269 1779 382 1833 atterius
400 1780 530 1849 membre,
547 1779 633 1837 idest
661 1779 826 1851 supplentes
849 1778 976 1837 ollicium
1032 1776 1100 1842 Deo,
1121 1775 1166 1833 vel
1182 1776 1223 1833 ita
1246 1783 1279 1832 ut
1304 1790 1362 1832 non
1391 1775 1485 1833 dolose
1509 1776 1537 1831 id
1562 1776 1658 1844 iaciat,
1693 1775 1768 1834 siout
1792 1776 1879 1849 hypo·

126 1882 215 1926 sunm
240 1881 292 1938 pro
324 1869 423 1938 altero,
451 1875 479 1926 et
508 1867 535 1925 ei
566 1867 803 1926 administrantes
830 1869 908 1941 quod
925 1870 977 1925 iste
1031 1865 1110 1922 crite
1126 1865 1245 1933 iaciunt,
1265 1865 1317 1936 qui
1337 1865 1416 1922 aliud
1436 1864 1575 1922 simulant
1600 1878 1688 1938 quam
1716 1865 1876 1930 intendant,

127 1956 248 2029 implere
271 1971 331 2015 non
345 1964 448 2028 potest.
469 1957 552 2015 Tune
565 1958 644 2016 enim
669 1957 771 2016 oculus
787 1959 871 2031 quasi
888 1972 974 2016 mem·
1031 1968 1096 2011 cum
1112 1969 1141 2013 se
1159 1954 1292 2011 videlicet
1314 1962 1430 2026 propter
1457 1956 1548 2012 Deum
1576 1955 1606 2012 id
1635 1955 1730 2012 lacere
1755 1955 1876 2029 tingant,

125 2044 214 2104 hrum
236 2059 342 2104 manus
359 2045 496 2116 edicitur,
512 2062 580 2104 cum
594 2048 693 2106 visum
717 2047 929 2115 subministrat,
943 2054 976 2104 nt
1032 2044 1109 2115 quod
1124 2043 1217 2117 magis
1237 2052 1353 2117 propter
1377 2044 1535 2101 humanam
1560 2043 1682 2117 gloriam
1708 2051 1813 2117 agunt,
1833 2044 1878 2102 vel

126 2132 178 2191 illa
192 2136 305 2207 operari
315 2144 414 2208 queat,
434 2145 462 2195 et
477 2137 827 2210 similiterunusquisque
846 2136 975 2194 ridellum
1031 2135 1107 2192 sicut
1121 2135 1230 2191 iaciunt
1246 2134 1297 2205 qui
1320 2133 1433 2205 aliquid
1452 2132 1621 2207 largiuntur
1637 2133 1736 2199 alicui,
1752 2133 1879 2207 amplius

125 2223 236 2283 donum
257 2227 359 2298 gratiae
385 2226 463 2298 quod
488 2227 575 2284 habet
605 2227 636 2284 iu
660 2228 784 2285 aiterum
811 2227 976 2284 ministrare
1030 2224 1097 2281 inde
1111 2238 1141 2280 se
1155 2230 1319 2294 recepturos
1333 2230 1490 2294 sperantes,
1516 2238 1545 2280 se
1570 2223 1597 2280 id
1621 2238 1659 2281 en
1680 2223 1875 2281 charitatela-

124 2311 218 2384 debet,
235 2322 268 2372 ut
291 2314 420 2373 maxime
437 2315 492 2372 sibi
505 2316 630 2374 invicem
645 2317 787 2373 charitate
804 2316 976 2388 colligentur
1030 2327 1092 2370 cere
1119 2312 1268 2380 simulant,
1300 2313 1376 2383 quod
1401 2326 1438 2369 ex
1463 2312 1620 2384 cupiditate
1651 2313 1747 2385 potius
1770 2319 1872 2386 agunt.

123 2401 223 2462 fideles
237 2418 304 2462 cum
330 2405 386 2462 sibi
412 2405 540 2463 vicissim
559 2407 749 2475 subveniunt,
771 2414 799 2463 et
814 2405 973 2477 unusquis·
1030 2403 1083 2470 Qui
1091 2418 1152 2473 pra
1172 2402 1247 2470 otiis,
1266 2401 1294 2458 id
1313 2408 1354 2458 εει
1378 2401 1490 2472 praelati
1514 2401 1604 2459 vicem
1626 2402 1710 2474 gerit,
1736 2403 1767 2458 ia
1780 2403 1877 2460 soltici-

124 2506 183 2565 que
197 2492 323 2551 alterum
341 2507 403 2551 esse
432 2496 623 2568 recognoscit.
652 2495 741 2568 Dixit,
764 2494 875 2567 singuli
902 2495 975 2551 alter
1031 2494 1133 2560 tudine,
1150 2492 1290 2549 subaudis
1319 2491 1424 2563 presit,
1448 2505 1550 2549 eorum
1574 2491 1681 2551 scilicet
1695 2491 1780 2550 lucra
1796 2506 1874 2565 que·

124 2581 242 2640 alterius
263 2583 404 2654 membra,
432 2585 482 2642 sed
518 2587 620 2642 merito
650 2586 723 2657 quia
752 2585 877 2641 bubmtes
899 2585 975 2641 dona
1029 2583 1232 2653 rendopotius
1251 2595 1339 2653 quam
1363 2595 1425 2638 sua.
1450 2582 1489 2638 lle
1518 2595 1577 2653 qua
1594 2583 1711 2654 quidem
1731 2581 1873 2640 sollicitu-

124 2670 239 2730 diversa
257 2674 359 2746 gratiae
381 2675 433 2733 Dei
458 2673 516 2732 illis
538 2675 657 2733 collatae.
687 2677 756 2742 Quae
774 2676 870 2734 statim
899 2675 974 2732 dona
1028 2672 1096 2728 dine
1118 2671 1303 2743 praelatorum
1325 2685 1394 2743 erga
1421 2670 1552 2729 subditos
1571 2670 1705 2744 Salomon
1730 2671 1873 2741 admonet,

9 2822 14 2832 ..
123 2761 285 2821 subdividit
301 2763 411 2822 dicens:
429 2765 492 2821 Sive
502 2767 689 2836 prophetiam,
701 2765 808 2823 scilieet
824 2765 972 2836 habentes,
1028 2762 1126 2818 dicens
1146 2762 1221 2817 :Fili
1235 2765 1283 2830 mi,
1311 2763 1337 2816 si
1364 2761 1543 2831 spoponderis
1567 2778 1617 2832 pro
1647 2763 1732 2818 amieo
1760 2766 1816 2826 tao,
1832 2760 1874 2817 de

124 2849 154 2908 ld
168 2860 210 2910 cst
224 2854 347 2926 gratiam
363 2854 585 2926 interpretandi,
601 2855 629 2910 id
646 2862 688 2912 est
702 2854 866 2925 exponendi
882 2853 972 2911 verba
1027 2854 1116 2923 peisti
1134 2851 1210 2922 apud
1237 2856 1395 2906 retroneum
1423 2867 1534 2906 murrum
1559 2856 1644 2921 tuam,
1667 2851 1834 2922 illaqueatus
1848 2866 1875 2908 es

122 2939 232 2998 divina.
257 2943 338 2999 Unde
362 2950 389 3000 et
417 2944 453 2999 ad
477 2943 640 3001 corinthios
658 2943 728 2999 dicit
745 2945 834 3000 :Nom
847 2946 896 3013 qui
907 2959 971 3013 pro·
1027 2942 1115 2998 uerbis
1130 2942 1250 3009 orissui,
1270 2947 1296 2996 et
1319 2946 1415 3011 coptus
1434 2957 1461 2996 es
1473 2943 1597 3012 propriis
1618 2941 1787 2998 sermonibus
1807 2943 1871 2997 tuis.

121 3030 218 3102 pbetot
232 3032 386 3088 bominibus
421 3033 542 3103 loquitur
569 3032 607 3087 od
634 3033 842 3101 aedificationem
871 3031 896 3103 (i
910 3034 970 3090 cor.
988 3057 1010 3115 G
1026 3033 1079 3088 Fue
1106 3047 1168 3101 erpo
1195 3031 1269 3103 quod
1288 3031 1357 3098 dico,
1380 3031 1421 3100 lili
1440 3032 1488 3098 uti,
1517 3036 1544 3086 et
1577 3034 1747 3101 temetipsum
1776 3030 1871 3099 libero,

124 3132 186 3190 xiv,
207 3122 247 3193 3),
275 3120 422 3177 secuudum
452 3123 585 3176 rationem
606 3121 681 3192 fidei.
714 3121 896 3193 Prophetiam
921 3121 970 3178 ha·
1027 3124 1095 3193 quia
1108 3121 1232 3177 incidisti
1254 3124 1284 3175 in
1309 3136 1421 3176 murram
1441 3122 1572 3191 proicimi.
1597 3122 1871 3188 discurreremus,

121 3207 170 3266 bet
185 3210 235 3281 qui
257 3209 288 3265 in
314 3222 368 3265 sua
391 3209 595 3279 predicatione
618 3209 780 3266 seeundum
811 3209 865 3266 hoe
892 3211 972 3282 qnod
1026 3213 1129 3267 suscito
1158 3214 1275 3266 amicum
1307 3216 1394 3266 tuum.
1433 3213 1473 3268 Ne
1504 3211 1611 3267 dederis
1639 3228 1764 3268 sommum
1790 3212 1870 3269 acidis

121 3297 214 3356 eredit
248 3296 432 3355 auditoribus
473 3312 534 3355 esse
563 3299 769 3367 necessarium,
801 3300 891 3357 verba
918 3314 972 3356 sua
1027 3303 1099 3372 tuis3
1132 3316 1165 3356 ue
1193 3301 1340 3356 dormitent
1363 3300 1503 3371 palpebre
1532 3307 1585 3356 tuae
1609 3300 1700 3372 (Pron.
1731 3316 1773 3372 vr,
1805 3301 1867 3373 l-l).

120 3383 300 3452 moderatur,
328 3392 357 3442 et
385 3385 457 3456 quid
486 3387 533 3442 hie
560 3387 620 3443 sive
658 3386 714 3443 illis
738 3401 790 3458 pro
814 3388 971 3458 capacitate
1061 3390 1113 3457 Qui
1131 3391 1283 3454 miseretur,
1318 3390 1348 3446 id
1370 3397 1413 3446 est
1440 3388 1562 3462 ignoscit
1586 3390 1825 3462 delinquentibus
1842 3390 1869 3448 in

118 3485 220 3530 eornm
246 3472 399 3544 praedicari
417 3482 546 3545 oporteat
572 3476 719 3542 discernit,
748 3485 781 3533 ut
814 3478 899 3534 modo
926 3477 971 3535 lac
1024 3494 1064 3548 se,
1086 3478 1169 3537 laetus
1191 3487 1218 3536 et
1244 3479 1306 3535 siue
1325 3478 1403 3534 omni
1429 3492 1550 3535 rancore
1579 3479 1669 3536 animi
1691 3480 1747 3537 hoe
1774 3479 1867 3550 laciat,

118 3559 262 3633 parvulis,
292 3561 375 3618 modo
403 3561 529 3620 solidum
563 3565 661 3621 cibum
691 3564 854 3636 maioribus
882 3565 968 3622 mini·
1023 3584 1081 3627 non
1096 3569 1325 3627 erubescentiam
1341 3567 1446 3624 inierat
1460 3570 1621 3640 poenitenti,
1643 3584 1737 3641 neque
1754 3569 1798 3628 illi
1811 3578 1868 3629 tur·

119 3654 200 3718 stret,
225 3648 300 3707 siam
324 3658 352 3708 et
377 3650 437 3723 ipse
462 3652 572 3710 Paulus
600 3653 637 3709 ad
665 3654 779 3711 eosdem
807 3654 970 3711 Corinthios
1023 3660 1098 3731 piter
1126 3666 1276 3731 peccatum
1306 3672 1393 3715 suum
1424 3657 1634 3730 improperans,
1665 3659 1751 3730 quasi
1782 3659 1868 3733 magis

118 3739 247 3797 scribens
260 3740 377 3814 proprio
398 3741 480 3799 docet
501 3743 643 3814 exemplo.
659 3742 752 3810 Quam
768 3743 887 3815 quidem
903 3757 970 3816 apo·
1023 3749 1132 3806 tristem
1143 3763 1173 3806 εε
1187 3747 1318 3805 ostendat
1331 3746 1365 3803 de
1381 3747 1497 3818 propria
1513 3747 1617 3805 laesura
1633 3762 1724 3820 quam
1748 3749 1866 3809 hilarem

118 3828 257 3886 stolorum
285 3829 488 3888 discretionem
519 3831 672 3888 Psalmista
699 3833 876 3903 previdebat
902 3848 968 3890 cum
1022 3838 1057 3896 de
1085 3838 1273 3896 conversione
1310 3837 1476 3908 peccatoris.
1506 3839 1627 3903 Ditectro,
1662 3838 1806 3898 subaudis
1834 3839 1867 3898 sit

118 3914 229 3975 diceret
245 3933 253 3972 ε
269 3918 654 3989 iliesdieieructotverbum,
670 3924 760 3975 etuoc
779 3920 969 3976 noctiiadr'cut
1022 3927 1221 3997 immutabilis,
1250 3940 1329 3994 vera,
1353 3941 1411 3983 nort
1441 3927 1590 3996 simulata,
1615 3928 1690 3985 sicut
1708 3928 1782 3986 aiibi
1801 3929 1867 3988 seri-

116 4007 259 4062 sm'entium
273 4009 356 4078 (Prot.
372 4023 453 4076 xvur,
470 4011 508 4080 3),
525 4008 593 4066 Tale
607 4015 649 4065 εει
660 4023 730 4081 ergo
744 4009 904 4067 secundum
920 4023 968 4066 ra·
1021 4022 1104 4089 ptum
1126 4026 1189 4075 est:
1217 4016 1318 4086 Fittott,
1349 4032 1403 4071 nou
1423 4016 1571 4086 diligemus
1586 4018 1666 4074 uerbo
1696 4035 1786 4086 aeque
1813 4022 1867 4078 ta-

116 4094 225 4153 tionem
237 4095 303 4153 lidei
318 4111 388 4166 sure,
401 4098 466 4154 acsi
479 4097 632 4165 diceretur,
645 4099 806 4155 secundum
820 4098 966 4157 discretio·
1021 4123 1086 4178 gua,
1107 4107 1156 4163 sed
1181 4122 1259 4177 opere
1286 4111 1312 4161 et
1339 4107 1455 4161 ueritate
1483 4106 1572 4178 (Joua.
1600 4123 1640 4176 ut,
1663 4109 1719 4179 lb).
1745 4109 1867 4167 Odimtes

115 4197 184 4240 nem
201 4199 290 4256 quam
318 4200 348 4242 se
370 4186 462 4242 credit
491 4185 606 4250 habere.
634 4186 686 4243 ubi
701 4185 773 4243 forle
787 4186 812 4242 si
826 4189 966 4245 erraverit
1020 4195 1098 4263 vitia,
1128 4196 1294 4252 udbarmtes
1314 4194 1482 4275 virtutibus,
1500 4197 1543 4252 vel
1566 4197 1730 4255 recedentes
1747 4213 1866 4259 conver·

115 4271 244 4330 charitas
257 4274 320 4346 ejus
340 4274 536 4346 ignoraniiam
547 4289 610 4331 eam
624 4282 756 4332 exctlSiti.
771 4277 834 4333 Sive
848 4279 966 4333 minisie·
1020 4290 1130 4344 satione
1155 4301 1205 4343 seu
1237 4284 1406 4342 moribusa
1432 4299 1566 4355 perverso
1593 4286 1720 4356 homine,
1752 4297 1783 4347 «ῃ
1808 4289 1866 4346 imi.

113 4363 187 4419 mum
202 4366 232 4418 iu
251 4365 446 4421 ministrando.
468 4365 520 4423 Per
539 4366 598 4423 haec
620 4366 718 4422 omnia
730 4367 964 4424 subaudiendum
981 4343 1004 4402 ὓ
1019 4383 1113 4435 tantas
1126 4376 1246 4442 bonum,
1262 4374 1440 4432 attendentes
1455 4375 1533 4446 quod
1554 4376 1696 4449 scriptum
1719 4384 1788 4436 est:
1807 4381 1867 4439 cum

112 4459 157 4510 est
183 4454 346 4511 secundum
370 4454 511 4512 rationem
541 4455 617 4526 fidei,
651 4464 684 4513 ut
711 4455 843 4514 videlicet
867 4457 965 4515 omnia
1019 4472 1112 4524 sancto
1128 4471 1238 4521 sauctus
1255 4467 1319 4532 eris,
1333 4472 1386 4522 etc.
1401 4465 1435 4535 til
1450 4466 1516 4534 iter.
1533 4479 1605 4533 nvn,
1620 4467 1677 4538 26).
1700 4467 1865 4529 charitatem

113 4540 236 4601 discrete
259 4543 411 4614 iaciamus,
432 4547 593 4602 secundum
616 4544 694 4617 quod
714 4544 881 4603 iaciendum
903 4562 964 4604 esse
1018 4554 1258 4626 fraternitatem
1277 4560 1319 4611 est
1348 4552 1468 4610 affectus
1491 4553 1624 4611 iraternae
1652 4555 1809 4617 charitatis
1829 4559 1866 4616 iu

111 4632 269 4691 eredimus.
302 4633 495 4691 Ministerium
517 4635 587 4691 dicit
610 4635 770 4709 corporalis
792 4637 961 4708 operisollr·
1019 4646 1111 4704 vicem
1129 4652 1305 4712 exercentes,
1340 4650 1373 4700 ut
1396 4644 1602 4715 unusquisque
1632 4644 1699 4702 aliis
1727 4653 1865 4722 tanquam

110 4719 200 4792 cium,
218 4721 350 4780 sieutest
379 4723 482 4780 suendi
510 4723 555 4780 vel
579 4722 753 4779 fabricandi.
771 4724 962 4783 Ministerium
1017 4735 1101 4793 tratri
1133 4734 1298 4802 subveniat,
1322 4739 1350 4790 ει
1380 4735 1436 4790 beo
1464 4740 1606 4805 tanquam
1633 4734 1712 4792 Patri
1739 4737 1863 4797 obediat

110 4809 198 4870 habel
211 4812 243 4869 iss
257 4812 449 4872 minislfflssd⁰
470 4811 543 4883 biiii,
562 4813 614 4883 ‘lui
640 4812 707 4870 ¹¹¹stss
727 4814 865 4885 majorem
881 4815 960 4873 utili-
1015 4826 1080 4886 Non
1100 4825 1194 4882 solum
1213 4825 1248 4881 de
1275 4822 1398 4880 utilitate
1421 4822 1635 4894 proximorum,
1649 4838 1754 4883 verum
1781 4828 1864 4887 etism

111 4907 198 4960 ‘illim
213 4901 339 4961 ²¹10i11m
369 4917 459 4975 quam
484 4902 629 4974 imbriam
659 4903 775 4975 quaerit,
797 4904 872 4962 sicui
887 4904 962 4962 idem
1016 4917 1052 4975 de
1081 4916 1190 4972 honore
1208 4913 1338 4985 ipsorum
1364 4912 1575 4983 providendum
1595 4914 1739 4984 admonet,
1756 4915 1863 4987 diceus,

110 4992 262 5062 apostotus
290 4993 360 5051 alibi
380 4993 443 5049 ³¹1³
469 4994 551 5050 Nm
582 4993 656 5062 llwd
680 5009 759 5048 suum
778 4998 818 5050 eil
845 4999 959 5063 awai,
1015 5007 1124 5075 bonore,
1142 5004 1248 5061 scilicet
1274 5002 1345 5060 alter
1367 5001 1502 5070 alterum,
1529 5003 1637 5061 scilicet
1657 5008 1860 5076 preveniemus,

110 5083 161 5139 ”d
175 5083 251 5155 quod
262 5083 376 5138 “limiti
392 5080 417 5156 (i
432 5085 492 5138 θοι·
509 5095 540 5148 ¹,
557 5082 614 5155 24).
1015 5097 1045 5155 id
1060 5105 1102 5155 εει
1122 5095 1196 5152 inter
1211 5109 1261 5152 vos
1275 5094 1329 5150 hoe
1344 5092 1536 5164 providentes,
1562 5100 1595 5150 ut
1613 5109 1680 5151 cum
1714 5095 1795 5158 alius
1816 5110 1862 5159 voe

144 5172 266 5244 Silliii
280 5174 355 5229 ‘¹⁰⁶⁸‘
369 5175 399 5228 m
430 5174 563 5243 miliia,
592 5172 640 5242 iii,
670 5173 698 5230 id
714 5181 756 5231 0³⁸
780 5173 879 5232 d⁰00²i
892 5189 959 5247 (1¹1ae
1013 5185 1158 5245 honorare
1173 5184 1308 5253 voluerit,
1333 5197 1385 5240 vos
1398 5183 1480 5253 prius
1498 5197 1564 5240 cum
1588 5183 1746 5255 honoretis,
1769 5194 1800 5246 et
1818 5188 1860 5247 be

110 5258 236 5321 docenda
262 5264 364 5322 credil-
385 5263 522 5321 Similiter
543 5266 592 5332 itti
620 5264 792 5333 witimiro,
817 5264 847 5321 id
865 5264 958 5322 estad
1013 5275 1227 5348 nelrciumeJ'us
1240 5283 1371 5331 vestrum
1387 5273 1555 5343 praeveniat,
1572 5280 1605 5331 ut
1626 5275 1711 5345 qnasi
1734 5276 1860 5336 debitunt

107 5354 354 5425 Willidessdssffl·
376 5354 519 5425 ¹⁴⁰‘illitur
546 5355 705 5412 Secundum
727 5354 956 5423 iali⁰1¹0fflfldeis
1014 5364 1096 5423 vobis
1116 5364 1256 5422 reddatur
1268 5360 1365 5432 potius
1387 5374 1477 5432 quam
1503 5361 1659 5419 tribuatur.
1676 5363 1750 5422 Sunt
1766 5375 1860 5425 anton

108 5441 159 5515 qui
179 5444 360 5514 lif⁰ih⁰li³m
376 5445 612 5517 quamsuperius
627 5445 768 5502 inlellffll
783 5459 834 5516 i)er
852 5444 954 5502 ‘1⁰⁰1ii·
1012 5454 1065 5527 qui
1092 5453 1199 5510 nostris
1218 5465 1276 5508 non
1295 5455 1380 5524 egent
1401 5449 1556 5519 benetieiis,
1590 5452 1692 5524 etqui
1717 5451 1859 5530 megisti

105 5545 177 5593 nem
215 5539 244 5593 el
269 5532 499 5593 exhortationem
531 5547 593 5592 non
626 5534 787 5610 distinguit.
813 5534 954 5608 Quisquis
1011 5540 1194 5602 dilectionem
1207 5538 1317 5598 honore
1335 5548 1425 5610 quem
1445 5536 1570 5608 utilitate
1587 5537 1766 5602 trahuntur:
1783 5541 1856 5602 ideo·
