3804 5962
64 205 131 259 {5⁰³
822 202 876 258 sic
894 201 939 258 Er
956 201 1039 259 NON.
1740 201 1808 256 lbet

59 332 167 401 bonam,
182 345 245 386 nom
270 329 408 387 Periectio
431 330 539 402 qnippe
565 329 632 387 boni
656 336 709 397 εει,
724 337 757 386 ει
774 343 828 386 nce
843 329 903 399 ipsa
917 330 943 387 ll
957 343 1014 386 non
1030 320 1097 387 iecit
1116 331 1194 402 qnod
1213 331 1306 386 lacere
1320 344 1378 386 non
1394 329 1497 399 potuit,
1518 342 1640 385 summae
1664 328 1806 399 iniquita·

58 418 293 491 concupiscentia
311 421 420 489 peccati
439 418 476 477 sit
498 419 527 475 in
549 419 675 482 homine,
697 419 746 476 cui
775 418 904 489 quidem,
960 419 1036 475 ιιεει
1052 420 1235 490 injuriaeest3
1252 432 1399 488 emerge,
1415 416 1804 488 inquiunaparvulitenen-

58 507 177 581 qnando
209 508 282 564 benc
309 507 429 573 vivitur,
452 522 512 564 non
533 507 676 564 consentit
691 506 834 575 voluntas,
856 521 904 563 ve·
960 514 1008 563 tur
1022 509 1302 578 reituesponuetur,
1319 507 1390 577 quia
1403 505 1562 576 axorigine
1577 506 1641 577 ejus
1659 512 1806 575 tenentur,

57 605 222 655 rumtamen
252 611 311 652 non
338 596 450 666 perlicit
475 597 597 664 bonum,
620 596 691 668 quia
713 596 786 653 inest
809 595 906 652 adltuc
959 598 1087 669 quinon
1112 597 1176 653 lecit
1202 596 1280 666 quod
1304 592 1399 650 lacere
1422 594 1524 663 poluit,
1551 592 1683 649 divinum
1700 592 1809 651 scilicet

58 686 304 757 concupiscentia,
320 685 368 742 cni
391 692 536 757 repugnat
555 685 700 742 voluntas.
723 684 814 757 Cujus
837 698 904 741 con·
960 699 1074 743 servare
1090 685 1269 740 mandatum.
1295 683 1375 750 Quod
1391 689 1486 738 autem
1501 682 1574 746 dixi,
1595 681 1700 738 animae
1721 679 1805 751 qnid·

59 776 248 847 cupiscenttae
273 781 372 831 reatus
394 775 423 830 in
438 775 609 845 baptismate
627 774 774 843 solvitur;
790 774 839 831 sed
863 774 906 829 in·
960 775 1032 846 quid
1051 774 1172 841 iaciunt,
1195 773 1220 829 si
1241 781 1357 841 natura,
1382 786 1440 826 non
1461 770 1611 827 voluntate
1638 769 1760 838 iaciunt,
1777 769 1806 826 id

60 866 182 922 tirmitas
206 862 264 934 (19)
279 870 386 932 manet,
413 864 460 921 cui
476 863 527 934 qui
551 863 624 920 bene
645 862 757 934 prolicit
781 863 905 920 relucta·
958 869 1009 926 est,
1022 861 1046 919 si
1062 862 1151 918 libero
1165 869 1193 918 et
1220 861 1257 917 ad
1273 860 1437 916 laciendum
1452 866 1480 916 et
1495 859 1532 914 ad
1555 873 1615 915 non
1638 857 1806 916 laciendum

60 961 119 1012 tur.
135 954 287 1009 Peccatum
304 959 400 1008 autem
419 953 497 1023 quod
517 965 663 1023 nusquam
682 959 724 1009 εει
738 950 794 1007 nisi
810 951 840 1007 in
856 965 906 1006 vo·
960 959 1040 1008 motu
1053 951 1144 1007 animi
1164 957 1273 1016 carent,
1293 950 1318 1006 si
1334 949 1460 1019 denique
1483 946 1648 1004 abstinendi
1669 947 1706 1004 ab
1721 960 1807 1018 opero

58 1043 181 1109 luntate,
216 1040 289 1097 illud
320 1040 463 1111 praecipue
497 1040 734 1112 intelligendum·
746 1046 798 1109 est,
828 1039 907 1111 quod
959 1056 1012 1098 suo
1029 1048 1151 1112 potestas
1173 1039 1263 1095 nulla.
1273 1038 1452 1103 conceditur,
1468 1044 1617 1108 peccatum
1638 1050 1739 1093 eorum
1761 1042 1807 1093 te·

55 1131 138 1205 justa
154 1129 301 1186 damnatio
320 1137 474 1186 consecuta
489 1136 542 1185 εει.
566 1130 716 1186 ilocenim
736 1142 787 1199 per
812 1142 907 1185 unntn
960 1143 1028 1186 nere
1056 1143 1113 1185 non
1143 1143 1317 1198 possumus3
1344 1143 1402 1184 nou
1430 1125 1582 1198 perturbat
1609 1125 1644 1181 de
1674 1123 1806 1196 parvulis

59 1219 208 1277 hominem
227 1217 345 1274 intravit
363 1217 394 1273 in
422 1217 576 1283 mundum,
608 1231 780 1288 quanquam
803 1224 830 1273 et
853 1216 908 1272 boc
961 1217 1091 1289 quaestio,
1116 1217 1186 1287 qnia
1213 1231 1250 1273 ex
1271 1216 1352 1272 illius
1381 1214 1491 1285 origine
1518 1213 1558 1270 rei
1584 1219 1729 1280 tenentur,
1755 1212 1808 1283 qui

59 1314 302 1378 peccatumque
326 1307 506 1363 consentitur
520 1306 629 1376 peccati
654 1305 904 1376 eoncupiscentia,
960 1307 1110 1364 voluntate
1125 1306 1262 1375 peccavit,
1285 1304 1403 1375 quando
1422 1305 1448 1360 ει
1474 1303 1510 1360 ab
1538 1316 1624 1372 opere
1642 1300 1806 1358 abstinendi

58 1409 121 1454 non
135 1394 193 1452 nisi
214 1395 362 1452 voluntate
378 1395 578 1452 committitur.
602 1398 721 1466 Propter
735 1397 789 1453 hoc
812 1395 907 1451 etalio
961 1409 1076 1452 summa
1104 1401 1226 1466 potestas
1249 1401 1320 1450 erat.
1358 1394 1433 1449 idem
1465 1397 1496 1447 tn
1526 1391 1632 1447 ecdem:
1657 1390 1737 1457 Dico,
1761 1389 1806 1446 in-

56 1486 121 1544 loco
134 1484 215 1540 dixi:
231 1483 294 1541 Non
312 1483 403 1554 igitur
421 1484 476 1539 nisi
491 1485 640 1542 voluntate
655 1492 802 1555 peccatur.
815 1484 904 1539 Item:
962 1499 1062 1557 quam,
1075 1492 1223 1554 peccatum
1239 1498 1296 1540 non
1313 1498 1385 1550 εεεε,
1404 1483 1429 1538 ει
1445 1496 1502 1538 εοε
1517 1481 1634 1552 propria
1658 1479 1807 1537 voluntate

60 1573 241 1631 voluntatem
280 1571 401 1628 delinivi
432 1572 549 1629 dicens:
583 1573 721 1628 voluntas
747 1580 789 1629 est
816 1571 1118 1645 animiltpcccetur3
1146 1572 1196 1629 ubi
1219 1579 1367 1642 peccatum
1392 1570 1513 1642 intelligi
1536 1569 1621 1634 volui,
1645 1568 1724 1640 quod
1747 1582 1807 1625 non

59 1670 158 1720 motus
182 1668 302 1732 cogente
321 1661 402 1717 nullo
426 1662 463 1717 ad
478 1661 590 1732 aliquid
609 1663 654 1718 vel
674 1676 732 1718 non
755 1661 905 1718 admitten·
962 1670 1004 1721 est
1016 1664 1197 1731 etiampoena
1212 1660 1331 1731 peccati.
1345 1660 1418 1716 Nam
1431 1660 1466 1715 de
1484 1658 1534 1714 tali
1559 1671 1643 1729 poena
1662 1655 1724 1714 dixi
1737 1656 1806 1714 alibi

60 1750 133 1806 durn
156 1750 202 1806 vel
223 1748 452 1819 adipiscendum.
473 1748 555 1816 Quod
571 1749 681 1806 dictum
707 1757 749 1806 est
764 1750 806 1805 sic
824 1757 857 1805 nt
870 1749 907 1805 ad
962 1751 992 1808 ιε
1005 1751 1103 1807 eadem
1118 1749 1310 1820 disputatione
1324 1748 1401 1819 quod
1412 1747 1566 1804 dicendum
1581 1745 1645 1803 luit.

60 1835 125 1892 illos
150 1837 306 1893 referretur
338 1837 469 1904 intentio,
508 1838 559 1909 qui
601 1839 688 1908 primi
710 1839 741 1894 in
774 1838 907 1908 paradiso
1325 1836 1442 1894 cxxvi.

60 1923 191 1980 iecerunt
217 1924 346 1981 humano
374 1925 473 1996 generi
496 1926 637 1999 originem
662 1925 732 1982 mali
755 1927 836 1982 nullo
860 1941 904 1982 co·

60 2018 146 2082 gente
177 2011 331 2082 peccando,
364 2012 418 2068 boc
443 2020 485 2070 est
519 2013 609 2070 libera
642 2014 799 2083 voluntate,
836 2015 907 2085 quia

60 2099 183 2158 scientes
219 2108 318 2157 contra
353 2108 528 2171 preceptum
568 2102 707 2170 lecerunt,
732 2110 907 2160 attentator

60 2189 163 2258 euasit,
178 2203 238 2246 non
250 2189 352 2262 coegit.
375 2189 449 2246 Nam
464 2190 515 2261 qui
530 2192 662 2247 nesciens
687 2191 827 2261 peccavit,
848 2205 906 2248 non

63 2278 288 2349 incongruenter
302 2278 403 2334 nolens
417 2292 548 2348 peccasse
563 2279 620 2335 dici
645 2287 745 2349 potest,
770 2280 907 2351 quamvis

59 2373 88 2423 et
104 2365 164 2435 ipse
175 2366 253 2436 qnod
268 2365 397 2423 nesciens
417 2367 493 2434 lecit,
509 2366 608 2424 volens
628 2374 724 2424 tamen
743 2366 826 2438 iecit3
840 2384 906 2440 qna

60 2453 196 2511 voluntas
211 2455 314 2526 utique
329 2455 369 2512 sic
390 2455 509 2512 delinita
525 2464 585 2513 est:
606 2457 697 2512 animi
723 2464 829 2524 motus,
851 2467 904 2514 ete.

59 2542 104 2598 lta
123 2557 175 2599 nec
191 2543 246 2600 tale
260 2551 410 2614 peccatum
424 2543 486 2600 sine
501 2545 649 2602 voluntate
663 2560 725 2603 esso
738 2547 841 2616 potuit,
857 2548 906 2603 sed

59 2631 211 2688 voluntate
237 2630 315 2699 iacti,
337 2646 395 2688 non
417 2633 535 2703 pcccati.
565 2632 646 2700 Quod
674 2642 769 2692 tamen
797 2634 907 2692 laetum

60 2728 211 2791 peccatum
225 2719 297 2790 luit3
310 2720 364 2776 boe
376 2721 452 2776 enim
468 2721 643 2789 factumest,
660 2724 738 2793 quod
764 2723 826 2780 lteri
849 2737 906 2780 non

60 2808 172 2866 debuit.
186 2808 243 2877 Qui
273 2815 370 2866 autem
390 2809 483 2865 sciens
506 2818 613 2879 peccat,
637 2812 660 2867 ει
681 2819 772 2881 potest
795 2812 907 2883 cogenti

962 1925 1039 1992 Quod
1052 1927 1124 1982 idem
1137 1931 1277 1996 peccatum
1290 1941 1344 1981 oon
1359 1927 1545 1995 perturbetis
1559 1924 1602 1979 lo'c
1616 1927 1641 1979 et
1656 1925 1686 1978 in
1698 1924 1804 1990 tuturo.

999 2017 1128 2084 Origenes
1141 2030 1226 2083 super
1252 2016 1333 2070 Vetus
1351 2016 1560 2081 Testamentum,
1584 2013 1676 2067 homil.
1697 2010 1804 2069 XLIV:

961 2106 1055 2172 Homo,
1080 2104 1186 2174 inquit,
1206 2105 1231 2158 si
1246 2103 1420 2158 maledixerit
1447 2104 1542 2169 Deum,
1565 2102 1708 2172 peccatum
1731 2101 1804 2177 ⁸treci·

958 2193 1092 2263 piet.Qm‘
1109 2198 1199 2247 cutem
1214 2195 1338 2247 nominat
1367 2207 1462 2247 nomm
1484 2193 1603 2257 Domini,
1633 2193 1717 2244 morte
1745 2202 1804 2243 mo·

961 2285 1053 2336 riatur
1078 2281 1174 2354 (iecit.
1202 2295 1285 2349 xxrv,
1313 2281 1365 2352 lb).
1383 2281 1456 2344 Quid
1472 2287 1515 2336 est
1538 2278 1620 2336 ltoc‘l
1641 2279 1692 2349 qni
1717 2276 1807 2333 male·

963 2370 1070 2426 dixerit
1082 2370 1136 2442 (20)
1153 2371 1244 2427 [lenm
1259 2382 1317 2426 non
1332 2370 1418 2426 babet
1437 2381 1550 2439 prauam
1568 2367 1678 2434 mortis,
1690 2365 1740 2422 sed
1754 2365 1807 2436 qui

962 2459 1155 2515 nominaverit
1174 2473 1280 2515 nomen
1305 2458 1442 2514 Domini?
1458 2457 1559 2513 Nonne
1578 2455 1668 2512 multo
1688 2451 1807 2526 gravius

962 2554 1004 2603 est
1024 2547 1192 2604 maledicere
1212 2549 1303 2603 Deum
1323 2561 1412 2618 qnam
1433 2546 1593 2612 nominare,
1621 2540 1757 2614 quamvis
1777 2540 1808 2597 in

962 2651 1072 2694 vanum
1087 2632 1250 2693 nominasse
1266 2637 1402 2692 dicatur?
1425 2636 1513 2689 Item:
1530 2629 1737 2701 putantquod,
1754 2630 1808 2700 qui

963 2725 1107 2782 maledicit
1119 2738 1224 2780 nomen
1239 2724 1362 2791 Domini,
1377 2723 1472 2779 statim
1490 2721 1591 2792 puniri
1604 2719 1744 2785 debeant;
1759 2716 1807 2773 ille

962 2827 1030 2870 vero
1049 2813 1101 2884 qui
1115 2812 1278 2868 nominabit
1300 2825 1415 2876 nomen,
1432 2811 1484 2866 boc
1504 2816 1547 2865 est
1566 2806 1756 2878 superducet
1776 2806 1806 2862 in

60 2897 98 2954 ad
116 2903 269 2971 peccalum
285 2896 348 2952 sinc
369 2905 484 2967 peccato
503 2898 645 2967 resistere,
673 2914 725 2956 nec
748 2906 844 2957 tamen
865 2900 906 2956 la·
924 2918 946 2976 g
962 2914 1071 2957 vanum
1101 2899 1304 2967 nominaverit,
1329 2897 1456 2954 sulliciat
1477 2896 1619 2967 accepisse
1645 2901 1803 2965 peccatum.

59 2982 216 3056 ci'tntiquc
238 2985 466 3055 volenspeccat3
483 2987 624 3057 quoniam
639 2988 691 3058 qui
718 2995 810 3058 potest
835 2989 905 3045 resi·
961 2989 1014 3046 Sed
1056 2990 1152 3061 majus
1175 3002 1235 3044 csse
1266 2995 1426 3057 peccatum,
1468 2986 1499 3041 in
1525 2999 1585 3055 quo
1622 2981 1806 3040 maledicitur

58 3083 145 3143 stete,
156 3087 216 3130 non
229 3073 345 3145 cogitur
358 3075 468 3131 cedere.
490 3074 545 3141 Qui
559 3089 627 3132 vero
652 3078 764 3148 cogenti
789 3077 906 3147 cupidi·
959 3080 1046 3143 licus,
1062 3091 1151 3148 quarn
1166 3076 1197 3134 in
1213 3091 1272 3147 qno
1287 3076 1465 3142 nominatur,
1481 3073 1615 3131 dubitare
1629 3086 1688 3128 non
1702 3085 1807 3142 possu-

59 3161 113 3217 tati
139 3162 216 3219 bona
244 3162 393 3218 voluntate
417 3163 548 3219 resistere
575 3178 633 3219 non
659 3171 761 3235 potest,
787 3172 815 3222 ct
843 3164 905 3221 ideo
960 3181 1034 3224 mus.
1052 3166 1149 3222 Restat
1164 3172 1196 3221 ut
1210 3164 1397 3220 ostendamus
1414 3163 1503 3219 multo
1521 3160 1715 3232 essegravius
1729 3157 1803 3215 acci·

59 3250 128 3308 lacit
142 3259 242 3309 contra
260 3251 530 3323 preceptum31am
552 3252 606 3309 boc
619 3254 659 3309 ita
680 3262 830 3324 peccatum
853 3261 904 3320 est,
959 3269 1026 3326 pere
1041 3261 1189 3326 peccatum
1212 3262 1240 3310 et
1255 3253 1361 3308 babere
1376 3265 1474 3308 secum
1498 3264 1587 3321 qnam
1612 3256 1705 3306 morte
1730 3246 1806 3305 mul·

59 3338 145 3395 nteit
162 3337 249 3395 etiam
277 3351 364 3409 poena
393 3339 514 3411 peccati.
546 3340 725 3411 Quapropter
756 3349 905 3412 peccatum
958 3345 1040 3401 etari.
1057 3344 1130 3400 llors
1145 3357 1211 3415 qnae
1233 3356 1324 3412 poenae
1350 3354 1440 3397 eausa
1460 3338 1584 3396 infertur
1607 3352 1658 3409 pro
1679 3344 1804 3409 peccato,

59 3427 124 3485 eine
136 3425 285 3483 voluntate
299 3440 360 3483 εεεε
380 3441 438 3484 εοε
454 3442 536 3497 posse
549 3428 737 3486 verissimum
755 3437 807 3486 est.
820 3432 905 3488 ltem·
958 3431 1094 3503 purgatio
1108 3437 1151 3488 est
1166 3430 1273 3501 peccati
1286 3430 1377 3501 ipsius
1396 3442 1447 3499 pro
1462 3442 1523 3498 quo
1547 3427 1668 3499 jubetur
1691 3423 1804 3483 inlerri.

58 3527 118 3586 quc
135 3514 263 3571 delinitio
288 3516 488 3587 peccatique
515 3516 664 3573 diximus:
692 3526 839 3587 peecatum
864 3528 905 3577 εει
957 3520 1127 3577 absolvitur
1139 3533 1208 3590 ergo
1233 3527 1384 3589 peccatum
1406 3531 1455 3587 per
1477 3530 1593 3588 poenam
1613 3515 1726 3583 mortis,
1752 3528 1807 3571 nec

56 3603 194 3660 voluntas
222 3604 365 3661 retinendi
393 3604 439 3661 vel
467 3604 664 3676 consequendi
691 3608 770 3678 quod
792 3608 906 3679 J'ustitia
958 3616 1087 3680 superest
1103 3608 1217 3678 aliquid
1244 3620 1367 3677 quopro
1396 3606 1450 3662 hoc
1476 3604 1597 3661 crimine
1616 3603 1721 3676 judicii
1745 3603 1807 3660 dics

58 3699 136 3749 vetat
148 3699 177 3749 et
201 3692 279 3749 unde
299 3692 423 3749 liborum
445 3700 488 3749 est
508 3694 663 3762 abstinere,
684 3701 835 3764 propterca
859 3710 903 3753 ve·
957 3706 985 3755 ει
995 3711 1079 3768 poena
1091 3697 1192 3753 aeterni
1206 3695 1281 3766 ignis
1297 3695 1436 3751 inveniat.
1466 3695 1518 3754 Ubi
1534 3707 1602 3750 vero
1617 3693 1684 3763 quis
1704 3691 1806 3763 accipit

57 3793 126 3837 rum
147 3788 201 3848 εει,
227 3781 299 3853 quia
314 3781 341 3837 id
364 3781 516 3838 delinitum
540 3789 582 3838 est
605 3782 682 3852 quod
706 3784 905 3840 tantummodo
959 3793 1117 3858 peccatum,
1141 3792 1169 3840 ct
1195 3785 1279 3840 babet
1303 3783 1376 3839 illud
1399 3797 1497 3839 secum
1519 3786 1548 3839 et
1570 3787 1720 3852 permanet
1737 3794 1805 3837 oum

57 3875 209 3940 peccatum
232 3877 285 3935 εει,
301 3882 359 3925 non
379 3870 558 3941 quodetiam
584 3883 668 3940 poena
691 3871 809 3941 peccati.
830 3872 904 3929 Nam
958 3875 1029 3945 ipso,
1047 3888 1100 3930 nec
1115 3874 1213 3944 aliquo
1232 3871 1372 3942 supplicio
1389 3885 1529 3941 poenaqne
1544 3870 1687 3929 diluitur:
1703 3867 1806 3926 transit

55 3958 177 4029 quando
190 3958 246 4015 tale
260 3964 312 4026 est,
329 3965 362 4014 ut
376 3958 449 4014 idem
465 3957 502 4014 sit
516 3966 543 4014 ει
561 3972 646 4028 poena
669 3960 789 4028 peccati,
806 3973 902 4031 quan·
958 3978 1025 4020 oum
1042 3962 1089 4019 illo
1109 3961 1197 4018 etiam
1218 3967 1279 4031 post
1296 3967 1435 4031 mortem3
1451 3967 1480 4016 ει
1505 3959 1556 4029 εει
1572 3958 1619 4014 bic
1638 3956 1807 4028 temporalia

56 4052 176 4102 tumeat
191 4045 504 4116 quodvaletvoluntas
527 4047 583 4103 sub
605 4047 771 4104 dominante
794 4049 904 4119 cupidi·
957 4066 1015 4107 non
1035 4050 1180 4121 persolvit,
1207 4049 1246 4104 ibi
1260 4047 1397 4118 expendit
1411 4056 1519 4104 aterna
1543 4045 1693 4116 supplicia.
1719 4045 1806 4103 Vides

55 4141 125 4201 tate,
139 4133 281 4199 nisiiorte
294 4134 318 4188 ει
334 4135 382 4205 pia
400 4141 451 4202 εει,
468 4141 501 4190 ει
524 4140 585 4191 oret
609 4136 773 4193 auxilium!
792 4138 823 4192 ln
841 4145 901 4194 lan·
959 4154 1028 4212 ergo
1047 4141 1157 4210 quanto
1180 4137 1301 4209 gravius
1325 4136 1361 4193 sit
1383 4137 1512 4206 accipere
1539 4142 1688 4205 peccatum
1714 4147 1805 4206 quam

56 4231 122 4280 turn
136 4223 212 4279 enim
225 4222 317 4279 libera
330 4229 382 4291 εει,
406 4223 435 4277 ιε
451 4230 596 4294 quantum
618 4224 738 4280 liberata
757 4233 808 4294 εει,
829 4234 857 4283 ει
876 4226 906 4281 ιε
961 4235 1050 4285 morte
1065 4227 1217 4296 mulctari3
1236 4225 1283 4281 bic
1303 4224 1382 4281 enim
1398 4237 1475 4280 mors
1491 4237 1542 4293 pro
1564 4222 1693 4278 vindicte
1707 4220 1803 4288 datur,

55 4317 174 4368 tanturn
194 4309 358 4381 appellatur
373 4311 527 4378 voluntas;
544 4312 674 4383 alioquin
691 4320 749 4369 tam
763 4314 906 4384 cupiditas
960 4326 987 4373 et
1011 4317 1089 4387 apud
1103 4316 1215 4387 iustum
1243 4314 1371 4385 jndicem
1396 4311 1549 4369 Dominum
1574 4325 1632 4366 non
1655 4309 1806 4381 judicatur

53 4411 147 4470 qnam
162 4399 298 4456 voluntas
326 4399 441 4470 proprie
468 4402 669 4471 nuncupanda
696 4409 748 4458 εει.
776 4402 856 4470 Quod
881 4405 905 4458 ει
960 4406 1004 4462 bis
1030 4404 1217 4471 inidipsum,
1247 4403 1322 4459 sicut
1344 4401 1484 4471 propbeta
1501 4399 1575 4455 dixit
1597 4399 1723 4469 (Nabum.
1739 4414 1760 4465 1,
1775 4399 1803 4467 9,

52 4486 216 4559 quisquam
230 4487 299 4544 dicit
315 4488 402 4544 eliam
426 4488 518 4565 ipsam
537 4489 727 4560 cupiditatem
750 4491 821 4549 nihil
844 4506 906 4548 esse
958 4495 1034 4566 juxt.
1052 4492 1121 4565 nxx)
1134 4508 1142 4561 ;
1157 4493 1207 4548 εει
1232 4499 1402 4548 autemnon
1422 4497 1464 4546 est
1483 4488 1576 4546 soluta
1591 4487 1647 4560 (rt)
1665 4486 1804 4555 vindicta,

53 4575 139 4632 aliud
161 4588 249 4645 quam
276 4575 465 4644 voluntatem,
492 4578 541 4633 scd
570 4578 701 4635 vitiosam
732 4585 905 4657 peccatoque
959 4590 1108 4653 peccatum
1131 4588 1228 4638 manet
1248 4580 1363 4637 aeternis
1388 4579 1506 4650 ignibus
1526 4577 1713 4648 exigendam.
1737 4576 1802 4633 Pos-

53 4663 238 4733 εεειιεειειε,
265 4677 324 4720 εοε
349 4665 541 4722 resistendum
570 4672 622 4732 εει,
655 4680 709 4722 nec
736 4667 772 4725 de
798 4669 903 4736 verbis,
958 4685 1022 4726 sum
1040 4670 1093 4726 tibi
1122 4678 1206 4726 testes
1233 4683 1271 4725 ex
1303 4667 1411 4724 divinis
1442 4666 1641 4723 voluminibus
1669 4664 1805 4722 adbibere

53 4766 124 4810 curn
143 4766 189 4809 res
214 4760 334 4821 constet,
359 4755 555 4810 controversia
577 4762 619 4811 εει
644 4754 783 4812 iacienda.
808 4755 904 4812 Etiam
959 4759 1061 4816 liuben
1076 4766 1103 4815 ει
1116 4759 1221 4816 tudam
1237 4757 1385 4827 loquentes
1401 4756 1437 4811 ad
1455 4764 1565 4826 patrem
1588 4768 1675 4811 sunm
1697 4753 1799 4811 lecob.

53 4843 98 4898 sic
124 4842 202 4898 enim
234 4843 396 4899 ostenditur
427 4841 490 4899 sine
520 4843 669 4900 voluntate
701 4844 815 4901 nullum
844 4860 905 4902 esse
958 4848 1145 4905 cumveilent
1164 4846 1548 4919 Benjaminsecumduccre
1574 4844 1611 4900 ad
1632 4845 1802 4915 AEgyptum.

53 4937 207 5003 peccatum
232 4930 291 4987 sive
306 4931 336 4986 in
365 4944 451 5002 opere
478 4932 539 4988 sive
554 4932 583 4987 in
598 4933 719 5003 origine.
734 4935 821 4988 item:
851 4934 901 4993 Ro·
959 4938 1060 4994 Rubon
1089 4937 1206 5007 quidem
1226 4937 1265 4992 ita
1289 4934 1362 4991 dixit
1389 4934 1424 4990 ad
1455 4941 1583 5005 patrem:
1611 4931 1713 4987 Ambos
1733 4930 1804 5002 titios

52 5018 232 5088 spondemus
246 5025 381 5076 naturam
402 5019 432 5075 in
447 5019 492 5074 bis
511 5019 607 5076 verbis
631 5020 702 5076 meis
723 5034 767 5076 me
783 5020 904 5094 intelligi
959 5041 1029 5082 meos
1042 5026 1141 5089 occide,
1158 5026 1212 5080 atsi
1227 5025 1361 5080 redemero
1376 5023 1413 5077 ort
1430 5025 1455 5077 te
1467 5022 1611 5092 benjamin
1627 5020 1708 5093 (Gen.
1731 5033 1801 5087 xnu,

51 5106 182 5163 voluisse
194 5107 274 5163 illam
298 5121 364 5179 quae
388 5108 502 5177 proprie
517 5115 624 5164 natura
647 5108 763 5177 dicitur,
790 5098 904 5182 idque
959 5115 1014 5185 37).
1034 5114 1123 5170 ιεεεε
1138 5127 1205 5169 vero
1219 5113 1276 5168 ait:
1294 5114 1474 5168 Peccatorero
1489 5112 1517 5164 ia
1529 5114 1566 5176 te,
1588 5110 1644 5163 atsi
1664 5107 1799 5163 reducere

51 5194 119 5252 sinc
141 5195 211 5252 vitio
228 5197 318 5252 creati
348 5209 465 5253 snmus.
497 5196 533 5251 Et
563 5196 667 5253 iterum
698 5197 727 5254 in
761 5211 796 5255 eo
826 5201 904 5270 quod
959 5202 1275 5274 tibthen.xn1u,9l.
1301 5201 1389 5259 tacob
1412 5213 1488 5265 vero,
1514 5199 1606 5255 sciens
1626 5197 1716 5255 multo
1741 5210 1803 5254 εεεε

50 5283 168 5342 dictum
189 5291 232 5341 εει
255 5285 366 5355 peccati
392 5298 475 5343 reum
503 5284 594 5341 teneri
613 5299 803 5357 quemquam,
833 5288 904 5359 quia
958 5293 1076 5365 gravius
1089 5291 1167 5364 quod
1180 5291 1350 5362 promiserat
1369 5291 1468 5359 ludas,
1489 5288 1589 5346 lluben
1607 5287 1724 5360 quidem
1739 5300 1798 5345 noa

993 5417 1144 5489 (tilcous.
1166 5416 1276 5472 :solita

89 5409 137 5551 §tt
165 5409 275 5467 Monac.
292 5423 349 5466 om.
380 5409 704 5482 soluitursedinfirmos.

101 5482 138 5537 ao
163 5478 269 5539 ocum
286 5479 438 5539 maledicit.
