3736 5962
142 193 209 249 loct
407 185 508 243 PETRI
527 182 713 242 ABAELARDI
733 183 808 239 OPP.
829 179 919 238 PARS
937 179 985 235 lli.
1002 209 1034 220 -
1047 175 1270 234 rnedioclca
1289 174 1334 231 ΕΤ
1353 172 1621 232 ebriosorflrch.

138 318 251 394 phetias
269 315 409 388 loquitur,
423 319 475 370 aut
493 310 631 383 qualibet
646 322 753 382 magna
770 315 914 379 operatur,
929 318 988 362 non
1002 304 1028 361 A
1041 338 1112 389 mus,
1128 323 1254 377 inuocare
1281 318 1404 374 diuinam
1427 332 1513 389 opem,
1540 318 1598 371 nisi
1623 315 1709 388 ptam
1736 329 1760 369 n

141 410 196 467 hoc
209 407 246 464 ad
264 404 417 462 utilitatem
434 403 562 473 ipsorum
577 414 663 472 agere
685 398 794 470 quibus
818 396 911 455 utitur
925 405 987 453 tan·
1042 411 1106 465 ,tam
1127 412 1222 479 furo„
1260 415 1341 476 atqu,
1366 406 1537 479 implacatus
1570 408 1714 477 raptemur
1743 421 1760 459 n

141 510 230 570 (luam
245 492 395 561 ministris,
418 492 467 548 ὅθί]
485 490 580 561 polius
595 486 730 557 alimum·
749 501 822 558 (1⁰⁰⁵
846 486 987 542 instruere
1041 501 1114 557 Ecce
1128 506 1225 570 aperte
1242 512 1279 554 ex
1304 497 1349 553 his
1365 495 1461 552 verbis
1485 494 1612 551 Platonis
1627 490 1760 550 asseritur

139 599 190 658 per
206 586 274 641 istos
294 581 426 639 intendit.
456 577 510 647 Qui
540 585 568 635 et
596 591 648 647 per
676 576 811 649 indignos
841 574 986 630 ministros
1041 589 1120 646 hunc
1147 602 1209 643 esse
1237 584 1423 657 perempnis,
1454 590 1486 639 ut
1510 591 1569 639 tam
1594 581 1625 638 jn
1642 581 1760 638 maxime

140 675 240 747 graliae
255 686 315 729 suae
331 671 407 727 dona
426 683 484 725 non
499 668 643 733 deserens,
663 664 791 736 quotidie
805 669 987 720 sacramenta
1040 676 1169 732 minimis
1191 689 1258 746 (μω
1280 674 1393 746 agenda
1407 678 1476 728 sunl
1499 670 1633 727 divinum
1649 670 1760 726 invnoen

139 762 273 821 Ecclesiae
299 759 336 817 ad
362 757 573 815 invocationem
597 756 641 811 sui
657 752 783 810 nominis
797 750 986 823 spiritualiter
1039 762 1122 833 ptum,
1135 773 1164 821 eg
1175 778 1225 835 pm
1242 777 1355 821 summo
1368 760 1467 818 sumre
1477 768 1566 831 atquc
1577 758 1760 831 imptmnfflg

138 851 253 912 coniicit
281 851 312 906 iu
337 847 459 905 salutem
490 843 678 902 credentium.
695 843 986 911 Beneautemetper
1039 851 1101 908 inst
1117 848 1556 923 dimittaturnpuneoshannnt
1610 908 1617 918 .

106 943 107 946 ’
139 941 277 1012 indignos
292 938 352 995 sive
367 934 496 994 infideles
510 935 640 991 maxima
668 932 743 989 Deus
771 936 918 1001 operatur,
933 928 986 999 qui
1073 940 1264 1012 Quocunque
1291 941 1331 997 an
1358 938 1512 1009 ,apostotus
1536 936 1680 1009 quosnam
1703 934 1760 1008 nhil

138 1030 236 1086 Verbis
250 1027 325 1085 8⁸5¹st
341 1025 512 1097 limpidam
533 1023 630 1081 ‘¹⁰⁰³st
649 1023 742 1094 taum.
773 1034 847 1090 illle
868 1017 925 1091 2⁸),
949 1031 986 1074 ue
1039 1042 1105 1085 rum
1120 1039 1148 1087 et
1162 1029 1314 1102 gentilium
1333 1028 1518 1099 sapientium,
1534 1025 1590 1083 hoc
1612 1026 1690 1097 qnod
1714 1025 1760 1082 del

139 1119 162 1176 a
178 1131 227 1189 par
254 1120 513 1189 magnaeanum
536 1124 643 1185 magna
671 1116 849 1180 oneraretur,
870 1106 986 1164 virtuti·
1038 1118 1149 1175 caenns
1170 1118 1379 1190 intelligebant,
1407 1116 1460 1175 sut
1488 1115 1583 1187 portus
1612 1128 1702 1185 quam
1724 1113 1760 1170 oe

138 1207 193 1265 bus
209 1205 377 1276 meritisque
391 1202 543 1270 hominum
557 1200 651 1273 magis
662 1213 751 1271 quam
766 1197 873 1254 divinae
886 1196 985 1268 gratie
1039 1207 1139 1278 psisse,
1154 1215 1241 1278 atque
1261 1207 1329 1264 hinc
1353 1203 1494 1262 excaecari
1508 1202 1661 1274 meruisse,
1677 1203 1760 1273 pandi

137 1297 200 1354 haec
213 1294 420 1352 tribuerentur.
441 1290 601 1363 Nequando
629 1296 725 1345 tamen
745 1286 780 1344 de
811 1286 903 1343 salute
924 1299 986 1341 om·
1039 1308 1129 1364 quam
1144 1294 1244 1352 multis
1257 1293 1461 1364 imputandum
1476 1291 1602 1359 venetur,
1619 1290 1693 1347 stent
1706 1297 1733 1346 at
1745 1290 1761 1361 n

137 1384 221 1441 nium
235 1383 365 1455 desperet
392 1378 642 1452 pbilosophorum,
668 1383 720 1434 aut
741 1376 872 1434 omnium
895 1374 986 1432 vitam
1039 1383 1182 1454 pitunints
1194 1397 1279 1454 poena
1293 1396 1384 1455 qnam
1399 1387 1607 1452 consequenter
1622 1377 1751 1451 adjungit

137 1472 283 1530 existimet
304 1471 467 1542 reprobam,
493 1467 545 1540 qui
560 1466 739 1523 liomiuicam
758 1464 985 1522 incarnationem
1038 1474 1183 1541 Propterea
1204 1473 1321 1528 tradidit
1335 1473 1397 1526 ntes
1420 1473 1491 1526 nens
1507 1472 1537 1524 tn
1559 1472 1702 1540 pharaones
1728 1468 1760 1535 ipe

137 1568 355 1634 precesserunt,
386 1560 502 1616 beatum
523 1556 623 1614 audiat
649 1556 866 1625 Hieronymum,
894 1555 1238 1632 Evau-Btrt0m‚1,ne).
1264 1559 1299 1615 Ει
1322 1571 1464 1615 nnn-snm:
1494 1559 1621 1624 umenti,
1650 1556 1753 1627 inquit,

138 1651 246 1725 delium
267 1650 392 1706 Mbiihffli
411 1653 622 1718 0¹l⁰1¹⁰ss²⁹¹ssi
651 1643 692 1702 ²5²
710 1644 819 1715 quippe
847 1643 889 1699 810
910 1642 985 1697 imis
1039 1651 1125 1705 sculos
1151 1648 1352 1719 turpitudinem
1380 1651 1533 1717 operantes,
1556 1652 1610 1702 etc.
1633 1645 1760 1716 (ibid.,r

137 1749 241 1799 caetera
256 1739 312 1810 (ab)
327 1754 334 1793 :
349 1741 393 1794 lic
402 1754 431 1793 eo
440 1736 513 1807 quod
527 1737 615 1791 malus
629 1749 723 1790 seruus
736 1748 819 1788 ausus
833 1731 982 1787 sitdicere:
1039 1742 1095 1795 stat
1109 1738 1216 1810 quippe
1233 1735 1417 1807 philosophos
1432 1735 1555 1791 maxime
1570 1733 1751 1791 continenter

139 1852 153 1882 u
168 1832 247 1887 dietis
257 1829 303 1883 ubi
315 1844 369 1884 non
384 1826 535 1894 seminasti,
543 1831 567 1880 et
578 1839 725 1893 congregas
736 1822 784 1877 ubi
792 1838 846 1877 non
856 1823 985 1891 sparsisti
1038 1835 1126 1899 atque
1152 1828 1188 1883 nn
1202 1826 1408 1883 continentiam
1429 1834 1487 1881 tam
1512 1823 1627 1894 scriptis
1641 1836 1760 1895 quante

139 1918 249 1992 (naeth.
261 1932 333 1983 xxv,
354 1917 436 1986 24),ι
460 1915 645 1983 intelligamus
667 1913 748 1967 etiarn
764 1911 905 1981 gentilium
919 1911 982 1981 phi·
1038 1916 1145 1973 multas
1160 1915 1244 1972 nohis
1257 1913 1471 1971 exhortationes
1500 1911 1661 1983 reliquisse.
1692 1910 1745 1968 Sed

138 2009 310 2080 losephorum
333 2008 430 2063 bonam
462 2007 546 2060 citam
561 2006 680 2073 recipere
711 2004 801 2068 Deum.
828 2001 909 2056 aliter
937 2000 985 2054 hc·
1038 2004 1098 2061 sinc
1119 2003 1174 2061 lide
1194 2004 1308 2060 venturi
1323 2017 1371 2059 eos
1387 2001 1494 2059 salvari
1509 2015 1590 2072 posse
1611 2000 1760 2058 contradic

138 2098 198 2154 bere
220 2114 263 2154 eos
283 2100 331 2169 qui
354 2098 426 2167 inste
452 2101 479 2151 et
502 2095 583 2150 aliter
597 2107 639 2148 eos
662 2093 710 2163 qui
728 2091 830 2160 injuste
844 2094 940 2159 agunt
956 2088 984 2146 Si
1038 2093 1121 2150 modo
1145 2092 1172 2148 id
1201 2091 1387 2164 comprobare
1411 2091 1524 2162 poterit,
1549 2090 1628 2161 quod
1653 2090 1760 2147 insum

137 2187 215 2244 enim
230 2200 319 2256 supra
336 2186 458 2256 positam
481 2183 518 2240 ab
545 2181 680 2253 Apostolo
704 2193 823 2237 causam
850 2178 986 2235 discutia—
1037 2195 1095 2239 uon
1107 2180 1291 2251 crediderint,
1307 2195 1394 2252 quem
1412 2180 1499 2237 ctiam
1512 2193 1564 2250 per
1578 2179 1715 2252 gentilem
1734 2178 1760 2237 ie

137 2290 214 2344 mus,
230 2274 301 2347 quia
316 2274 447 2330 videlicet
473 2271 614 2342 quosdam
642 2283 744 2326 eorum
770 2275 833 2340 post
855 2267 983 2324 divinam
1038 2270 1127 2327 idest
1150 2270 1287 2340 Sibyllam
1311 2269 1402 2326 multo
1429 2268 1487 2325 lere
1502 2269 1632 2340 apertius
1646 2282 1760 2340 quam}

139 2377 229 2435 quam
253 2364 377 2419 assecuti
400 2368 469 2418 sunt
484 2359 627 2425 notitiam,
643 2358 674 2414 in
698 2357 853 2428 reprobum
867 2370 983 2412 mosum
1038 2372 1088 2415 nes
1113 2359 1267 2430 prophotas
1290 2358 1481 2415 vaticinatum
1510 2358 1659 2414 viderint?
1683 2360 1760 2430 degn

137 2451 212 2510 tradi
228 2450 401 2520 meminerit,
431 2463 497 2506 cum
527 2448 557 2504 in
581 2448 643 2505 suis
657 2446 764 2503 scilicet
782 2453 984 2502 evanescerent
1037 2447 1100 2504 ideo
1115 2448 1304 2505 astruendum
1328 2455 1371 2504 est
1397 2462 1446 2504 cos
1461 2447 1693 2508 incarnationem
1708 2446 1760 2503 Dor

138 2539 372 2613 cogitationibus,
402 2537 527 2594 dicentes
557 2551 587 2593 se
615 2550 675 2593 esse
702 2534 844 2606 sapientes
860 2537 946 2603 (llam.
962 2549 982 2604 1,
1038 2542 1134 2594 turem
1163 2550 1221 2592 uon
1244 2544 1434 2607 exspectasse,
1465 2543 1516 2592 aut
1533 2549 1593 2591 uon
1618 2534 1760 2592 credidiss

140 2633 172 2686 le
191 2638 219 2687 et
234 2629 319 2701 sepi,
336 2628 366 2685 id
387 2636 429 2685 est
456 2641 539 2684 suam
555 2625 726 2696 sapientiam
748 2623 862 2696 proprio
888 2624 984 2681 studio
1038 2625 1091 2682 hoc
1107 2625 1137 2680 in
1151 2624 1303 2695 scripturis
1320 2638 1422 2681 eorum
1448 2624 1566 2680 minime
1582 2624 1736 2694 reperitur,
1751 2638 1760 2681 t

136 2718 182 2777 vel
209 2717 326 2790 ingenio
354 2715 540 2786 ascribentes,
570 2728 628 2772 nou
657 2713 763 2771 divinae
780 2713 880 2785 gratie
909 2713 983 2770 dono
1037 2713 1155 2771 tortasse
1184 2714 1214 2770 iu
1243 2713 1378 2769 omnibus
1401 2727 1503 2770 eorum
1536 2712 1746 2784 prophetarum

137 2809 305 2875 tribuentes,
331 2807 508 2878 reperiemus
530 2819 578 2862 eos
601 2803 653 2876 qui
673 2802 812 2874 precipui
828 2802 982 2867 habentur,
1038 2802 1179 2875 ipsasatis
1200 2803 1236 2859 sit
1262 2816 1409 2874 expressa,
1425 2801 1524 2859 divino
1539 2802 1567 2858 id
1594 2801 1760 2872 disponente

136 2912 250 2956 omnem
267 2897 411 2968 precipue
425 2894 634 2965 philosophiam
654 2892 760 2948 divinae
775 2890 902 2948 tribuere
916 2905 980 2963 gra·
999 2865 1021 2922 C
1037 2891 1084 2960 lio,
1102 2901 1215 2967 utnon
1245 2890 1433 2963 quibuslibet,
1457 2898 1508 2947 aut
1526 2903 1576 2962 per
1603 2890 1749 2961 quoslibet

135 2986 300 3055 licenciati
317 2985 473 3047 Socratem,
495 2983 555 3038 sive
576 2981 732 3037 Platonem.
758 2980 901 3036 Socratem
917 2980 980 3052 qui·
1036 2981 1212 3038 revelaretur
1224 2995 1377 3046 arcanum,
1404 2980 1572 3037 cameriam
1592 2980 1715 3050 provida
1733 2979 1760 3037 di

135 3073 263 3144 dem,lib.
275 3071 497 3146 vrirbecivitate
507 3068 865 3139 Dei,beatusdugustiuus
875 3068 982 3126 talibus
1035 3071 1110 3128 tione
1121 3070 1304 3142 septuaginta
1319 3072 1490 3140 interpretes
1505 3071 1534 3126 in
1550 3069 1650 3126 multis
1667 3069 1760 3141 script

135 3163 216 3221 eliert
231 3161 380 3233 praeconiis
396 3160 451 3231 (27)
467 3159 611 3215 :Socrates
624 3160 757 3227 magister
771 3159 903 3225 Platonis,
919 3160 979 3213 uni·
1035 3159 1105 3217 iocis
1127 3173 1202 3230 quas
1216 3158 1428 3216 transferebant
1443 3159 1582 3229 scriptum
1609 3159 1659 3216 Dei
1684 3159 1759 3218 Filio

114 3234 241 3306 xeuersam
263 3247 467 3320 philosophiam
490 3247 527 3302 ad
542 3245 717 3313 rumpendas
732 3247 982 3316 componendasque
1036 3250 1151 3319 rientes,
1169 3252 1223 3306 hoc
1238 3249 1353 3320 penitus
1368 3251 1527 3321 praeterisse
1551 3263 1585 3305 ac
1612 3248 1760 3307 reticuisse

134 3355 220 3394 mores
235 3339 356 3406 caepisse
369 3341 602 3392 commemoratur.
617 3337 669 3390 Hic
682 3336 804 3390 animum
815 3335 933 3390 intendit
944 3336 982 3390 ad
1035 3345 1094 3406 tur,
1121 3354 1158 3396 ne
1188 3338 1359 3395 scandalum
1382 3339 1488 3395 scilicet
1513 3337 1680 3395 infidelibus
1702 3339 1761 3397 and

135 3427 183 3483 hoc
196 3427 268 3495 guod
279 3430 348 3482 esset
361 3427 517 3481 beateeoltte
529 3425 725 3491 necessarium,
738 3440 789 3495 prr
804 3441 886 3494 quam
897 3440 980 3479 unam
1035 3428 1127 3500 magis
1137 3436 1351 3485 commoverent
1370 3442 1460 3499 quam
1475 3426 1558 3484 fldem
1575 3435 1751 3485 astruerent.

134 3519 253 3572 omnium
267 3514 490 3586 philosophorum
503 3515 663 3591 invigilasse
671 3530 702 3568 ae
721 3514 858 3570 laborasse
871 3513 981 3569 videtur
1034 3518 1142 3589 quippe
1158 3517 1340 3588 philosophos
1361 3532 1428 3573 cum
1453 3517 1487 3574 de
1511 3516 1577 3584 diis,
1603 3531 1678 3587 quos
1691 3530 1760 3588 popt

133 3605 282 3662 industria.
316 3604 428 3661 Nolebai
457 3603 610 3659 immundos
639 3603 753 3658 terrenis
781 3603 979 3674 cupiditatibus
1034 3606 1202 3673 necabatur,
1227 3607 1379 3662 diversaa
1406 3606 1516 3663 caeteris
1545 3605 1694 3674 sentirent,
1721 3612 1751 3662 et

133 3698 238 3752 animos
260 3710 288 3749 se
301 3697 331 3748 in
346 3694 441 3749 diuina
455 3694 558 3759 coitari,
574 3692 794 3764 quandoquidem
808 3693 842 3747 ab
860 3695 899 3747 eis
918 3708 980 3748 eau-
1034 3696 1140 3768 populo
1156 3696 1184 3751 in
1201 3696 1256 3751 lide
1269 3695 1462 3762 dissentirent,
1486 3702 1564 3751 metu
1586 3702 1683 3751 tamen
1709 3709 1760 3752 con

132 3800 178 3841 sas
192 3800 283 3840 rerum
296 3783 407 3838 uidebat
418 3783 534 3848 inquiri,
551 3797 619 3852 quas
632 3785 740 3853 primas
753 3787 836 3850 atque
847 3796 977 3850 summas,
1033 3785 1198 3841 communia
1222 3798 1288 3841 cum
1308 3784 1365 3840 iilis
1393 3783 1499 3855 templa
1532 3791 1638 3851 tenere,
1654 3790 1682 3839 et
1705 3797 1760 3841 caer

131 3875 243 3929 nonnisi
265 3873 295 3927 in
318 3873 402 3926 unias
428 3874 483 3925 eim
513 3884 545 3926 aa
572 3872 672 3925 stemmi
694 3872 744 3925 Dei
766 3870 905 3926 uoluntate
922 3886 979 3926 esse
1032 3887 1133 3930 eorum
1148 3874 1294 3941 interesse,
1311 3887 1344 3929 ac
1368 3887 1397 3929 se
1416 3873 1524 3944 pariter
1541 3871 1709 3929 idololatras
1722 3872 1760 3928 sir

131 3960 267 4016 cedebat.
297 3960 373 4016 Unde
407 3963 433 4013 et
458 3973 513 4013 non
539 3973 584 4012 eos
614 3959 733 4029 putabat
761 3959 817 4013 nisi
843 3958 979 4014 mundata
1068 3962 1149 4019 Unde
1166 3962 1349 4035 Augustinus
1368 3963 1406 4018 lie
1427 3975 1497 4018 vera
1512 3961 1652 4032 religione
1667 3963 1753 4033 (28);

129 4055 222 4121 mente
244 4063 323 4120 posse
348 4047 547 4117 comprehendi,
578 4052 603 4102 et
627 4047 688 4103 ideo
718 4047 872 4117 purgandis
902 4047 976 4102 bonis
1033 4055 1082 4119 tes,
1111 4050 1215 4121 inquil,
1242 4066 1308 4121 quos
1334 4050 1509 4121 philosophos
1535 4055 1643 4119 vocant,
1672 4050 1760 4107 schola

129 4138 249 4193 rhombus
268 4139 332 4193 cite
352 4136 476 4192 censebat
502 4135 683 4191 instandum:
711 4141 743 4190 ut
762 4136 976 4206 deprimentibus
1033 4139 1098 4194 bant
1113 4139 1289 4206 dissidentes,
1305 4144 1330 4194 ei
1350 4141 1450 4210 templa
1477 4141 1641 4206 communia,
1668 4155 1725 4195 non
1752 4156 1760 4195 t

130 4224 292 4281 libidinibus
320 4229 484 4281 eaonerutus
521 4226 640 4295 animus,
674 4226 799 4280 naturali
828 4226 921 4294 cipere
948 4229 977 4280 in
992 4213 1015 4269 D
1028 4230 1143 4299 populos
1180 4229 1223 4284 uel
1258 4228 1409 4284 sacerdotes
1433 4229 1535 4283 latebat
1566 4228 1600 4283 de
1632 4229 1758 4299 ipsorum

128 4319 231 4370 aterna
253 4330 281 4370 se
308 4315 453 4383 attolleret,
478 4319 663 4384 naturamque
677 4315 874 4383 incorporalem
894 4319 978 4385 atque
1033 4317 1145 4372 deorum
1170 4333 1252 4387 quam
1282 4316 1392 4373 diense
1414 4320 1556 4373 sentirent.
1579 4316 1676 4373 Omnes
1705 4322 1760 4372 torn

127 4404 360 4460 incommutabilis
380 4403 502 4472 luminis,
528 4403 576 4457 ubi
589 4418 677 4459 eausa
700 4405 820 4458 omniurn
837 4404 976 4471 [actarum
1031 4406 1206 4462 sectatoribus
1228 4409 1285 4462 suis
1310 4407 1420 4462 diversa
1449 4411 1475 4461 et
1501 4405 1616 4461 aduersa
1639 4409 1760 4462 sentent

129 4498 292 4550 naturarum
314 4493 450 4549 stabiliter
469 4494 613 4561 uniuntur,
641 4493 827 4562 intelligentie
852 4496 977 4563 puritate
1030 4510 1111 4551 sacra
1149 4497 1300 4551 communia
1332 4496 1408 4552 nullo
1440 4495 1602 4568 prohibente
1642 4495 1760 4551 omitia

127 4584 302 4653 conspiceret.
323 4583 349 4639 A
373 4581 490 4639 Platone
505 4596 624 4656 quoque
642 4582 672 4638 in
696 4583 790 4652 primo
818 4583 857 4638 lle
886 4597 975 4652 repu-
1029 4588 1100 4639 certe
1127 4585 1200 4640 illud
1216 4588 1285 4641 satis
1304 4592 1437 4653 mantum
1455 4584 1525 4641 mihi
1542 4585 1662 4652 uidetur,
1678 4589 1760 4656 oport

127 4670 203 4729 blica
217 4684 369 4743 personam
386 4671 511 4728 Socratis
533 4678 561 4728 et
587 4671 707 4728 rhimaei
732 4671 886 4727 inducente
905 4671 973 4727 scri·
1029 4688 1072 4728 eos
1090 4675 1121 4729 in
1143 4675 1273 4743 religione
1299 4677 1449 4746 suscepisse
1474 4690 1538 4730 cum
1550 4674 1663 4745 populo,
1679 4680 1707 4730 et
1723 4674 1760 4730 alr

127 4769 210 4832 ptum
223 4768 265 4817 est
292 4761 352 4817 ila:
383 4760 535 4817 &curras
563 4763 635 4828 Ergo
650 4775 710 4829 age,
739 4759 865 4828 Thimea,
885 4760 976 4815 deliba
1029 4763 1090 4818 dem
1112 4765 1171 4834 ipso
1194 4765 1294 4834 populo
1320 4764 1448 4820 audiente
1480 4765 1636 4833 defendisse
1661 4766 1760 4834 priuata

126 4855 251 4919 captum,
275 4854 380 4917 vocata,
397 4853 427 4903 ul
441 4864 498 4905 mos
523 4853 572 4916 est,
596 4853 625 4902 in
653 4849 787 4903 currilium
817 4848 972 4904 diuinitate.
1029 4858 1226 4907 materiamen
1250 4853 1384 4908 audacior
1407 4859 1511 4909 celeris
1534 4856 1622 4923 tuisse
1643 4853 1760 4924 perhibe

125 4937 269 4995 Talentm.
303 4939 381 5006 Vere,
415 4941 455 4993 nti
484 4938 617 5002 Socrates,
656 4939 727 4995 llam
765 4954 825 4992 eum
850 4939 974 4992 omnibus
1028 4940 1116 4996 rundo
1145 4957 1196 5011 per
1218 4957 1312 4996 canem
1335 4944 1480 5012 quemlibet
1495 4943 1685 5014 cutiapident,
1704 4950 1761 5014 etp

123 5043 181 5083 mos
204 5031 250 5096 sit,
276 5032 303 5084 et
322 5031 403 5098 quasi
423 5028 552 5100 quadam
578 5027 688 5096 religio,
712 5029 760 5094 qui
787 5026 820 5081 de
843 5029 974 5082 menimis
1024 5031 1156 5100 juraturo
1177 5032 1257 5101 quusi
1279 5031 1443 5088 admocum
1463 5033 1633 5088 occurrisset.
1665 5033 1755 5090 Credo

123 5119 166 5173 vel
187 5120 308 5173 minimis
323 5119 403 5174 rebus
425 5117 534 5188 aliquid
550 5121 616 5173 sunt
635 5119 736 5184 acturi,
751 5121 862 5187 precari
889 5120 972 5170 auci·
1027 5119 1108 5187 gebat
1131 5122 1332 5192 qualiacunque
1355 5129 1564 5193 operanulurte,
1587 5137 1649 5194 pue
1663 5122 1760 5179 admits

123 5205 193 5261 lium
209 5206 374 5277 diuinitatis,
400 5213 501 5278 quanto
520 5222 569 5262 nos
583 5211 688 5274 aquius
708 5211 758 5276 est,
775 5208 825 5277 qui
837 5208 972 5261 uniuersi·
1026 5208 1127 5264 dicina'
1138 5211 1313 5280 procidentia
1336 5219 1509 5280 emerentur,
1534 5213 1620 5267 multo
1641 5212 1760 5283 quarab

123 5293 189 5349 tatis
224 5300 331 5352 nature
371 5296 533 5352 substantiae
562 5299 697 5353 rationem
733 5300 893 5367 marlotum
927 5310 973 5351 su·
1026 5300 1197 5368 meliorari
1222 5301 1281 5356 ideo
1307 5301 1409 5358 diuinis
1425 5301 1575 5359 honoribus
1593 5301 1725 5371 dignum
1750 5318 1760 5376 t

159 5401 212 5472 (26)
228 5403 333 5460 Patrol.
352 5411 420 5460 tom.
436 5403 541 5472 iiiiii,
558 5404 611 5461 col.
630 5405 690 5460 lii.
1062 5405 1119 5479 (28)
1138 5407 1244 5465 Patrol.
1262 5415 1330 5466 tom.
1342 5407 1471 5480 XXXIV,
1484 5408 1538 5470 col.
1559 5410 1619 5468 lii.

158 5473 217 5542 tir)
238 5472 343 5532 Patrol.
360 5482 429 5532 tom.
450 5474 522 5543 xii,
533 5475 586 5542 col,
602 5477 654 5531 226
668 5477 732 5530 227.
