3804 5962
135 183 187 239 843
399 184 503 240 PETRI
523 184 709 240 cccclxiii
730 185 808 241 OPP.
829 184 916 241 Palis
936 187 983 242 lli.
998 187 1269 244 -riiiiowcica
1289 190 1332 244 ET
1350 189 1616 249 philosophici.
1831 191 1883 246 eil

134 306 254 364 rituales
273 306 346 364 filios
361 308 679 381 Abrahaeexgentibus
703 309 829 375 futuros,
843 311 895 381 qni
910 324 983 366 non·
998 311 1023 363 A
1037 308 1163 367 valuisse
1183 311 1260 382 quod
1288 325 1369 368 nunc
1398 315 1475 384 apud
1505 329 1557 371 nos
1585 313 1747 385 baptismus
1785 313 1881 370 efficit.

68 450 72 457 ,
134 394 208 450 dum
235 395 423 465 apparebant.
450 395 635 453 circumcisio
662 397 769 469 itaque,
796 413 862 469 quae
878 399 981 469 inipso
1036 399 1117 455 Unde
1145 399 1184 455 ait
1208 400 1390 471 Augustinus
1417 402 1457 458 Dc
1486 402 1596 473 nuptiis
1611 409 1638 458 ct
1652 401 1881 472 concupiscentia

133 482 261 554 incoepit,
288 484 355 540 ctin
371 484 553 555 carnaliejus
577 486 741 555 posteritate
763 495 805 544 est
824 492 979 553 reservata,
1034 487 1084 545 lib.
1103 505 1112 543 i
1130 486 1186 560 (63)
1208 505 1214 542 :
1231 511 1241 539 ι
1258 490 1302 545 Ex
1330 504 1390 559 quo
1404 491 1481 547 enim
1512 491 1644 548 instituta
1662 498 1704 546 cst
1728 491 1880 547 circumci-

133 580 192 629 tant
208 574 323 644 signnm
337 588 425 644 quam
440 574 624 646 signaculum
649 576 716 642 fuit,
732 576 841 646 quiact
857 591 980 648 peream
1034 577 1075 632 sio
1091 577 1120 632 in
1135 578 1240 647 populo
1275 576 1333 642 Dei,
1363 578 1441 648 quod
1463 586 1524 635 erat
1548 587 1617 635 tunc
1633 578 1820 649 signaculum
1834 581 1878 650 ju-

133 660 389 733 distinguebantur
404 665 539 720 acceieris
568 664 681 735 populis
698 664 748 721 iiiii
760 665 886 722 Abrahae
914 679 979 722 car·
1034 665 1118 721 stitia
1135 666 1211 733 fidei,
1227 666 1262 722 ad
1278 666 1516 737 significationem
1529 667 1709 738 purgationis
1728 667 1840 724 valebat
1854 677 1880 724 et

132 751 223 819 nalcs,
255 760 283 809 et
311 753 564 825 praesignabantur
585 753 679 811 futuri
705 770 739 811 ex
769 756 904 826 gentibus
929 753 981 811 filii
1035 754 1064 809 in
1079 755 1209 825 parvulis
1222 755 1327 812 veteris
1340 756 1492 827 originalis
1507 758 1625 828 peccati,
1645 759 1720 814 sicut
1733 758 1877 828 etbaptis·

132 840 196 912 cius
210 841 385 912 spirituales,
403 843 454 913 qui
470 842 601 900 videlicet
620 844 767 914 perfidem
784 845 977 901 imitarentur.
1033 857 1100 899 iiius
1118 858 1154 900 ex
1174 844 1222 900 illo
1235 844 1332 901 valere
1355 845 1440 916 coepit
1454 846 1490 902 ad
1509 846 1724 903 innovationem
1743 847 1877 914 hominis,

133 929 214 986 Unde
233 933 260 986 ct
275 931 345 987 bene
372 932 470 999 lsrael,
487 946 575 1002 quein
601 933 762 990 secundum
777 946 905 999 carnem,
922 947 979 990 non
1033 945 1070 987 ex
1094 947 1153 1003 quo
1179 940 1221 988 cst
1236 932 1395 989 institutus.
1416 932 1598 1004 «Gregorius
1619 934 1648 989 iii
1670 935 1770 991 lloral.
1787 935 1836 991 lib.
1853 952 1878 988 iv

133 1019 294 1076 secundum
324 1019 461 1077 virtutem
496 1021 628 1078 miraculi
652 1022 762 1093 genuit,
792 1022 980 1078 circumcisus
1033 1020 1088 1091 (di)
1107 1036 1141 1075 :u
1159 1020 1240 1085 Quod
1260 1021 1337 1077 valet
1366 1022 1441 1092 apud
1458 1036 1511 1078 nos
1527 1036 1604 1093 aqua
1623 1022 1814 1093 baptismatis,
1825 1024 1878 1081 hoc

131 1105 250 1180 legitur,
266 1110 405 1181 perquod
420 1109 554 1167 videlicet
577 1110 739 1168 carnalium
764 1110 889 1166 Abrohae
907 1100 977 1166 filio‘-
1033 1109 1091 1180 egit
1107 1110 1184 1180 apud
1195 1113 1305 1167 veteres
1320 1109 1427 1181 velpro
1445 1111 1575 1182 parvulis
1585 1111 1645 1168 sola
1659 1112 1738 1180 sides,
1758 1112 1805 1168 vel
1827 1126 1877 1183 pro

133 1208 201 1252 rum
229 1197 415 1254 circumcisio
437 1198 605 1270 signaretur
617 1199 752 1267 exterior,
768 1212 819 1268 per
834 1213 934 1270 quam,
946 1206 979 1254 ut
1032 1198 1193 1269 maioribus
1204 1199 1297 1256 virtus
1311 1200 1461 1256 sanctificii
1472 1200 1517 1257 vel
1528 1201 1635 1270 pro'his
1645 1201 1743 1272 quiex
1753 1200 1876 1258 aniana

131 1282 241 1342 dictum
276 1295 329 1353 est,
354 1287 479 1344 carnalis
509 1288 596 1345 lsrael
636 1295 867 1360 cognosceretur.
901 1288 980 1344 isaac
1032 1287 1119 1358 stirpe
1133 1288 1339 1345 descenderant
1355 1289 1523 1359 mysterium
1551 1289 1789 1346 circumcisionis.
1809 1291 1875 1346 »Ex

131 1387 201 1431 vcro
217 1375 269 1445 qui
284 1383 383 1446 postea
398 1379 549 1444 natusest,
575 1377 689 1449 gentilis
709 1376 979 1448 populipostoavo-
1033 1376 1078 1432 liis
1108 1377 1205 1448 itaque
1236 1376 1326 1448 liquet
1356 1377 1602 1434 circumcisionem
1634 1376 1711 1449 apud
1741 1377 1876 1449 antiquos

131 1461 187 1517 cati
216 1461 395 1533 spiritualem
415 1463 524 1520 avitiis
548 1463 800 1521 circumcisionem
825 1464 976 1535 exprimit,
1033 1466 1161 1522 eamdem
1189 1467 1246 1522 vini
1276 1466 1435 1523 obtinuisse
1447 1466 1476 1521 in
1492 1467 1657 1523 remissione
1682 1475 1873 1537 pcccatorum,

132 1560 220 1622 quam
235 1557 262 1606 et
277 1552 412 1624 proselyti
430 1551 603 1623 figurabant.
1034 1569 1121 1626 quam
1151 1556 1236 1612 habet
1251 1556 1344 1613 modo
1360 1555 1520 1627 baptismus
1547 1563 1575 1612 et
1600 1564 1695 1611 tamen
1720 1556 1773 1626 qui
1793 1555 1874 1612 modo

167 1640 252 1697 ilecto
268 1640 366 1713 itaque
384 1643 538 1713 Apostolus
553 1642 671 1714 signum
685 1649 712 1699 et
727 1641 910 1714 signaculum
934 1641 976 1696 di·
1032 1644 1165 1714 baptizati
1197 1644 1294 1701 statim
1321 1644 1497 1711 moriuntur,
1513 1658 1637 1715 regnum
1661 1645 1800 1701 ciclorum
1822 1652 1875 1700 sta·

131 1729 283 1802 stinguons
307 1740 452 1802 quantum
465 1731 627 1789 adiudaeos
642 1731 772 1788 carnales
798 1731 919 1788 Abrahae
943 1730 976 1785 li·
1030 1732 1082 1791 tim
1099 1732 1303 1805 ingrediuntur
1320 1749 1326 1788 :
1344 1733 1421 1804 quod
1436 1740 1506 1788 tuuc
1522 1747 1579 1788 non
1596 1732 1690 1800 fiebat,
1709 1731 1781 1803 quia
1799 1732 1873 1788 scili-

131 1817 194 1887 lios,
223 1826 251 1875 ει
278 1820 399 1891 gentiles
429 1820 502 1876 lilios
527 1821 656 1890 ciusdem
686 1822 773 1877 etiam
799 1818 974 1891 spirituales
1031 1829 1075 1878 cet
1100 1823 1194 1879 hostia
1219 1823 1348 1879 nondum
1369 1828 1430 1878 crat
1461 1821 1564 1888 soluta,
1590 1821 1620 1877 in
1639 1819 1873 1879 effusionevide-

131 1906 205 1965 dixit
216 1908 351 1979 primitus
369 1908 487 1980 signum
499 1910 738 1973 circumcisionis,
756 1910 840 1966 idest
860 1910 976 1980 signum
1031 1909 1097 1967 licet
1124 1911 1276 1982 sanguinis
1305 1910 1422 1978 Christi,
1436 1911 1511 1966 sicut
1524 1924 1577 1967 nec
1604 1908 1645 1966 illi
1671 1910 1723 1980 qui
1736 1909 1874 1980 baptismo

131 1999 257 2054 carnalis
281 1996 378 2067 lsrael,
408 2013 458 2070 per
484 2000 562 2070 quod
584 2000 714 2056 videlicet
738 1999 864 2070 populus
889 1997 935 2054 ille
958 2012 976 2054 a
1032 2000 1138 2058 Christi
1159 2001 1293 2071 baptizati
1312 2000 1441 2057 fortassis
1460 2007 1526 2056 ante
1540 1999 1702 2070 passionem
1716 1999 1781 2071 ejus
1803 2014 1874 2055 mor·

129 2087 238 2143 caeteris
266 2087 510 2159 distinguebatur,
536 2097 564 2145 et
591 2089 772 2159 postmodum
793 2086 975 2159 signaculum
1033 2091 1075 2147 tul
1090 2097 1169 2157 sunt,
1182 2094 1281 2160 janua
1306 2089 1427 2146 coelestis
1443 2088 1554 2144 aditum
1565 2088 1661 2145 adhuc
1675 2088 1782 2146 habere
1797 2096 1873 2158 pote-

126 2173 246 2244 justitiae
272 2177 336 2232 fidoi
352 2177 515 2247 quaeestin
538 2178 686 2252 praeputio,
708 2176 736 2233 id
752 2184 975 2233 estsacramen-
1032 2186 1106 2236 rant.
1137 2179 1201 2236 Non
1228 2178 1305 2235 enim
1334 2176 1390 2233 nisi
1417 2192 1468 2247 pcr
1483 2192 1561 2233 mare
1572 2178 1705 2234 liubrum
1719 2177 1873 2235 transitum

129 2269 192 2318 tum
213 2264 373 2333 spiritualis
398 2265 637 2333 circumcisionis,
665 2278 754 2335 quam
769 2265 859 2320 solam
870 2264 976 2320 habent
1031 2267 1199 2324 habuerunt
1227 2266 1362 2324 lsraclitoc
1375 2267 1411 2322 ad
1427 2273 1533 2322 terrani
1549 2266 1755 2337 promissionis,
1768 2265 1822 2322 hoc
1835 2275 1874 2322 est

130 2352 226 2410 fideles
241 2370 278 2411 ex
301 2357 434 2426 gentibus
462 2357 581 2414 collecti.
611 2358 705 2414 Potest
726 2358 812 2413 eliani
840 2357 974 2428 signacu.
1032 2339 1264 2426 baptismusqui
1292 2364 1342 2425 per
1365 2369 1444 2411 mare
1460 2355 1629 2427 designatur
1644 2369 1702 2411 non
1712 2362 1804 2425 potest
1816 2355 1874 2412 sinc

128 2439 189 2497 lum
213 2444 296 2513 quasi
324 2458 493 2524 expressum
523 2445 640 2517 signum
655 2445 787 2517 intelligi,
798 2446 882 2516 juxta
897 2445 975 2515 quod
1031 2445 1148 2514 rubore,
1164 2444 1403 2516 idestsanguinis
1421 2444 1529 2501 Christi
1538 2443 1686 2512 eflusione,
1697 2457 1873 2516 quemquam

128 2528 158 2585 in
174 2530 260 2588 laude
276 2540 412 2603 apostatae
427 2534 523 2605 augeli
547 2534 651 2591 dicitur
668 2551 674 2588 :
692 2537 730 2588 To
747 2535 918 2602 signaculum
935 2537 974 2588 si·
1030 2534 1067 2590 ad
1092 2548 1190 2591 veram
1221 2533 1418 2605 promissionis
1442 2541 1559 2601 terram,
1577 2534 1604 2589 id
1620 2541 1662 2590 cst
1676 2533 1820 2590 celestem
1831 2534 1871 2589 Je-

128 2620 304 2686 miiitodi'cis,
334 2631 386 2680 otc.
410 2622 710 2694 (eiectamenta.)
731 2624 975 2696 Porhocquippe
1029 2624 1156 2679 ruselem
1182 2622 1385 2679 transmittere.
1418 2622 1667 2687 Quemadmodum
1682 2635 1752 2678 vero
1767 2621 1870 2692 baptis-

128 2709 357 2768 circumcisionis
384 2714 500 2784 signum
516 2714 746 2784 niaxiniojustus
769 2727 801 2770 ac
813 2712 974 2782 spiritualis
1029 2725 1075 2767 mo
1090 2711 1196 2768 Christi
1218 2711 1311 2767 hostia
1326 2712 1505 2781 postmodum
1519 2710 1656 2782 adjuncta
1682 2725 1872 2781 regnumcoe-

127 2798 212 2855 homo
231 2801 419 2871 exprimitur,
442 2803 494 2874 qui
520 2802 719 2872 voluptatibus
743 2803 839 2859 carnis
859 2810 975 2871 propter
1029 2800 1125 2856 lorum
1147 2801 1279 2867 contulit,
1294 2800 1334 2856 ita
1348 2800 1446 2857 eadem
1471 2800 1691 2857 circumcisione
1710 2798 1870 2869 preceden-

126 2889 219 2945 Deum
248 2892 406 2957 renuntiat,
419 2898 478 2947 ota
497 2906 526 2947 se
544 2891 606 2948 illas
637 2900 777 2962 amputat,
797 2905 862 2960 quae
877 2890 972 2945 maxi·
1028 2889 1102 2945 tium
1130 2889 1285 2948 subsecuta
1309 2890 1382 2946 idem
1411 2890 1517 2946 eisdem
1538 2889 1679 2959 praestitit.
1705 2890 1756 2945 Est
1778 2897 1871 2946 autem

127 2990 173 3033 mc
189 2975 219 3033 in
234 2978 352 3034 renibus
367 2979 564 3048 dominantur,
585 2987 612 3035 ct
628 2994 677 3049 per
692 2979 973 3051 genitaliacxcrcen-
990 2951 1011 3008 C
1027 2977 1207 3035 circumcisio
1222 2978 1316 3035 carnis
1332 2979 1449 3050 signum
1470 2978 1616 3034 interioris
1631 2976 1735 3033 animae
1747 2978 1872 3034 circuni·

127 3073 185 3122 tur.
201 3067 296 3122 Potest
312 3075 339 3123 ει
351 3067 534 3139 signaculum
558 3069 642 3139 qnasi
653 3067 860 3124 diminutivum
876 3066 972 3135 accepi
1027 3067 1153 3134 cisioniS,
1182 3067 1256 3124 sicut
1271 3068 1380 3124 ablutio
1400 3068 1523 3125 exterior
1539 3066 1673 3137 baptismi
1688 3067 1807 3138 signum
1827 3067 1873 3122 in-

125 3167 143 3209 a
162 3155 256 3224 signo,
274 3154 351 3212 idest
367 3157 493 3225 primum
508 3156 758 3228 signumfjiistititc
767 3155 899 3212 Abrahae.
911 3156 972 3211 Nou
1027 3158 1139 3213 terioris
1158 3157 1262 3214 animae
1291 3157 1486 3215 mundationis
1499 3171 1548 3225 per
1562 3163 1746 3227 peccatorum
1771 3156 1870 3212 remis-

125 3244 203 3301 cnim
227 3251 289 3300 crat
312 3259 453 3316 magnum
480 3245 731 3304 illamcnticulam
756 3246 790 3301 ad
818 3245 969 3315 imperium
1025 3246 1144 3302 sionem.
1174 3248 1298 3304 ldaximc
1329 3256 1424 3303 autom
1447 3245 1476 3302 in
1504 3246 1621 3316 genitali
1649 3245 1872 3316 membraque

124 3332 175 3388 liei
191 3340 352 3402 amputare,
369 3334 404 3390 ad
425 3335 669 3405 coiiiparatiouem
693 3348 793 3391 eorum
807 3348 874 3404 quac
893 3340 969 3404 post·
1025 3349 1075 3406 per
1090 3335 1235 3392 carnalem
1254 3336 1515 3406 concupiscentiam
1531 3334 1623 3404 culpa
1642 3333 1794 3405 originalis
1806 3348 1869 3403 pec·

122 3434 157 3476 ea
189 3421 355 3492 spirituales
380 3423 505 3480 Abrahae
534 3424 594 3492 filii,
621 3430 678 3479 tam
706 3431 848 3493 martyres
880 3437 969 3493 quam
1024 3431 1120 3480 catum
1147 3438 1207 3480 una
1238 3438 1304 3480 cum
1320 3424 1399 3494 prole
1429 3431 1615 3494 propagatur,
1635 3422 1689 3477 hoc
1708 3435 1867 3478 sacramen-

122 3509 230 3581 rcliqui
260 3512 362 3578 sancti,
385 3527 437 3583 pro
458 3513 571 3570 Christo
594 3513 805 3570 sustinuerunt.
834 3512 926 3568 Potest
943 3518 970 3567 ει
1025 3520 1087 3569 tum
1104 3513 1163 3569 heri
1179 3511 1316 3582 oportuit,
1333 3519 1364 3569 ut
1375 3512 1423 3567 illo
1438 3512 1538 3567 merito
1554 3511 1682 3567 membro
1697 3510 1869 3580 plecteretur

121 3598 164 3655 sic
179 3600 319 3672 distingui
333 3602 449 3674 signum
460 3600 491 3660 'et
503 3601 696 3674 signaculum,
712 3610 744 3657 ut
759 3601 837 3672 quod
853 3601 968 3672 signum
1024 3609 1171 3672 peccatum
1198 3602 1274 3671 quod
1291 3615 1343 3670 pcr
1371 3601 1464 3670 ipsum
1479 3600 1515 3655 ad
1540 3608 1665 3670 posteros
1693 3600 1866 3655 transmitti·

121 3704 261 3761 magnum
285 3698 327 3747 cst
360 3691 391 3747 in
412 3705 507 3756 carno,
533 3699 593 3748 tam
625 3692 709 3748 bonis
730 3691 862 3747 videlicet
879 3703 968 3761 quam
1023 3699 1081 3748 tur.
1111 3690 1214 3747 Mulier
1243 3704 1320 3758 vero,
1348 3690 1396 3746 cui
1419 3688 1605 3746 dictumest:
1623 3691 1654 3743 la
1673 3688 1867 3759 doloreporics

120 3779 205 3836 malis
218 3793 381 3849 commune,
403 3789 577 3850 parvumest
599 3781 715 3852 signum
744 3778 870 3851 iustitia,
898 3778 968 3849 quia
1021 3781 1093 3855 filios
1115 3779 1192 3850 (Gen.
1216 3794 1261 3847 iii,
1278 3778 1335 3848 ic),
1355 3792 1414 3834 non
1432 3777 1599 3848 hujusmodi
1618 3791 1702 3847 prena
1716 3777 1867 3834 afficienda

118 3870 204 3940 pauci
229 3879 297 3927 sunt
313 3871 363 3940 qui
379 3871 504 3927 Abrahae
520 3870 560 3926 ita
575 3885 624 3941 per
645 3870 790 3941 justitiam
804 3869 967 3924 cohaereant
1021 3868 1087 3936 fuit,
1114 3869 1163 3924 cui
1179 3868 1216 3923 ad
1246 3881 1359 3937 paenam
1386 3866 1455 3922 satis
1478 3879 1538 3921 esse
1566 3866 1665 3921 debuit
1684 3866 1715 3920 iii
1745 3865 1865 3936 genitali

118 3959 195 4016 sicut
224 3974 275 4030 per
300 3974 426 4017 carnem.
456 3960 576 4031 Signum
601 3959 698 4028 itaque
727 3965 769 4015 est
806 3956 966 4013 secundum
1020 3968 1084 4021 suo,
1115 3970 1165 4026 per
1190 3956 1269 4027 quod
1295 3954 1427 4010 similiter
1455 3962 1605 4024 peccatum
1638 3954 1864 4019 transfunditur,

118 4030 321 4117 carnem,'sed
345 4046 966 4120 signaculum,idestparvumsignumse·
1019 4052 1120 4113 partus
1153 4044 1346 4115 gravissimus
1369 4042 1460 4112 dolor;
1485 4058 1572 4113 quem
1598 4043 1628 4099 iii
1652 4057 1685 4100 eo
1719 4043 1864 4101 stistinet:

118 4139 248 4196 cundum
271 4138 427 4210 justitiarii,
456 4139 526 4210 quia
541 4141 570 4194 iii
585 4138 685 4194 multis
707 4136 831 4193 Abrahae
846 4134 965 4205 posteris
1019 4132 1067 4190 cui
1095 4131 1124 4187 ni
1148 4132 1242 4201 fallor,
1259 4133 1341 4188 sexui
1366 4131 1543 4188 sacrificium
1565 4145 1661 4200 proeo
1681 4130 1811 4188 oblatum
1831 4132 1864 4187 ad

118 4226 279 4283 secundum
307 4241 424 4284 carnem
439 4235 481 4284 cst
505 4227 669 4292 dilatatum,
694 4226 786 4283 sedin
803 4223 965 4295 paucissc-
981 4238 1002 4291 p
1021 4221 1230 4292 indulgentiam
1262 4221 1377 4287 suflicit,
1403 4229 1492 4291 atque
1513 4221 1550 4276 ad
1578 4219 1728 4290 originalis
1758 4223 1864 4291 peccati

118 4315 247 4373 cundum
274 4314 417 4386 iustitiam
433 4324 625 4374 contractum.
643 4315 724 4373 Unde
748 4315 821 4371 benc
841 4311 910 4368 dicit
925 4311 961 4365 si·
1021 4310 1193 4367 remedium.
1218 4310 1341 4367 Videtur
1358 4309 1478 4380 insuper
1504 4310 1588 4366 nobis
1603 4309 1638 4366 ob
1654 4308 1708 4365 hoc
1722 4309 1865 4380 praecipuo

116 4396 211 4477 gn'um
229 4403 467 4473 circumcisionis,
489 4405 598 4462 scilicet
627 4403 790 4469 exterioris,
815 4414 882 4472 quea
899 4413 962 4456 oni·
1019 4397 1142 4469 genitale
1166 4399 1222 4454 viri
1236 4399 1331 4469 potius
1350 4413 1440 4469 quani
1455 4399 1584 4454 mulieris
1599 4397 1864 4454 circumcidendum

115 4493 205 4550 nibus
232 4506 314 4564 aeque
328 4495 474 4560 convenit,
499 4500 527 4549 et
542 4493 727 4564 signaculum
749 4491 870 4575 justitiae
899 4503 964 4561 quae
1018 4487 1116 4554 fuisse,
1141 4492 1171 4542 ut
1198 4487 1229 4543 in
1252 4487 1305 4543 hoc
1329 4487 1544 4558 significaretur
1561 4488 1697 4543 omnibus
1715 4489 1744 4542 iii
1759 4487 1863 4559 populo

1018 4574 1078 4641 iilo,
1090 4575 1142 4646 qui
1162 4590 1213 4646 per
1227 4575 1299 4632 illud
1315 4576 1477 4632 membrum
1498 4576 1700 4647 gignerentur,
1718 4576 1809 4646 huius
1821 4589 1863 4631 sa-

1016 4665 1156 4721 cramcnti
1182 4665 1343 4722 remedium
1367 4679 1427 4722 esso
1458 4666 1665 4730 necessarium,
1698 4678 1749 4734 per
1787 4663 1864 4735 quod

1016 4753 1071 4825 ipsi
1085 4768 1102 4810 a
1117 4754 1222 4811 veteris
1236 4754 1362 4812 hominis
1383 4755 1578 4827 expiarentur
1590 4754 1771 4825 contagione.
1784 4752 1862 4818 cuod

1016 4855 1073 4897 non
1101 4841 1140 4896 ita
1162 4848 1205 4898 est
1233 4841 1267 4898 dc
1298 4841 1429 4909 muliere,
1458 4856 1525 4898 cum
1551 4841 1692 4898 Dominus
1718 4842 1804 4898 lesus
1829 4853 1863 4896 ex

1016 4928 1136 4986 muliere
1166 4930 1276 5000 absque
1303 4931 1382 4986 ouini
1406 4939 1521 5001 peccato
1550 4930 1752 4986 natusfuerit.
1769 4929 1863 4986 Potest

1014 5017 1101 5073 ctiam
1115 5017 1172 5074 viri
1188 5017 1367 5074 circumcisio
1383 5018 1500 5075 beatum
1524 5018 1658 5075 eumdem
1668 5016 1769 5073 virum
1782 5016 1864 5088 spiri·

1015 5106 1132 5164 tualiter
1156 5107 1320 5179 designare,
1354 5107 1405 5179 qni
1433 5107 1510 5163 soliis
1538 5107 1601 5163 sine
1628 5106 1863 5177 concupiscentia

1014 5205 1170 5269 conceptus
1193 5211 1310 5255 carnem
1326 5210 1430 5267 puram
1444 5203 1471 5252 et
1487 5195 1604 5266 penitus
1625 5195 1736 5266 alisque
1750 5208 1863 5266 praepu-

1014 5286 1053 5344 tio
1067 5286 1259 5345 immunditiae
1281 5286 1417 5357 suscepit.
1447 5286 1480 5343 ln
1494 5286 1580 5356 cujus
1600 5284 1720 5357 quidem
1740 5293 1809 5359 typo
1824 5285 1861 5342 le·

80 4655 82 4660 Ι
115 4596 276 4655 paucorum
290 4590 341 4639 est.

150 4671 235 4728 Nunc
267 4684 335 4728 vero
352 4682 446 4740 pauca
471 4668 507 4726 de
535 4669 643 4726 virtute
653 4675 680 4726 et
691 4673 872 4724 sacramento
902 4665 961 4721 cir-

115 4759 298 4820 cumcisionis
318 4758 498 4816 discutienda
522 4764 601 4825 sunt,
632 4756 704 4827 quid
734 4755 870 4812 videlicet
901 4755 962 4824 ipsa

114 4851 256 4909 conferret
282 4857 334 4906 aut
344 4848 495 4920 figuraret,
509 4853 536 4904 ct
547 4859 638 4917 quare
660 4844 754 4915 potius
778 4843 807 4900 in
831 4844 962 4900 membro

114 4939 232 5013 genitali
261 4947 289 4996 et
317 4935 631 5006 virili,nonlc1uinco
658 4933 789 4991 instituta
812 4933 860 5001 sit,
880 4940 907 4989 et
930 4932 960 4987 in

114 5037 217 5087 octava
233 5029 279 5086 die
287 5029 368 5100 jussa
383 5026 445 5083 lieri
460 5025 489 5082 in
504 5024 674 5082 infantibus.
688 5025 720 5079 ln
731 5021 839 5079 adultis
850 5021 960 5094 quippe

114 5120 230 5178 nullum
255 5125 316 5175 orat
343 5114 570 5174 circumcidendi
591 5113 813 5170 determinatum
836 5119 959 5182 tempus,

113 5208 169 5266 nisi
189 5208 307 5281 quando
325 5208 361 5264 ad
376 5206 560 5264 Iudaismum
572 5211 819 5262 converterentur.
844 5200 961 5259 Constat

113 5304 210 5356 autem
238 5299 293 5356 hoc
320 5297 395 5356 idem
429 5297 508 5369 apud
539 5295 679 5367 antiquos
708 5290 960 5353 circumcisionem

149 5475 205 5547 (63)
220 5474 325 5532 Patrol.
344 5482 412 5531 tom.
428 5474 526 5543 XLlV,
542 5472 595 5531 col.
609 5475 671 5528 450.

1049 5462 1105 5536 (dl)
1119 5462 1224 5521 Patrol.
1240 5469 1310 5531 toiri,
1332 5460 1445 5531 LXXV,
1462 5460 1515 5519 col.
1533 5463 1595 5517 633.
