3804 5962
390 154 493 212 ruini
511 152 695 209 tumtunm
715 152 791 208 OPP.
812 151 900 207 celis
919 150 968 205 itt.
984 177 1019 190 -
1032 148 1259 208 ruuocumce
1273 151 1317 208 ΕΤ
1336 150 1603 210 rumusculum.
1810 155 1869 211 teti

126 158 195 213 taut

15 295 20 301 ·
120 281 240 354 quando
266 293 368 336 rernm
396 286 498 344 tacere,
528 276 633 333 laisum
661 284 758 333 autern
778 276 873 333 dicere
900 290 956 332 non
974 275 1223 348 Aiepbtelrliam
1252 293 1317 349 quoe
1344 279 1470 336 occurrit
1501 278 1538 346 ei,
1559 278 1675 346 occidit,
1708 292 1780 337 cum
1800 279 1866 338 said

119 370 271 427 invenitur
305 381 474 423 eoncessum
514 365 631 421 sanctis.
669 366 791 420 isidorus
825 365 965 438 [sentent.
1020 367 1146 424 vovisset
1168 368 1386 424 immolaturum
1414 371 1469 426 beo
1499 367 1576 438 qnod
1605 367 1632 424 ei
1656 369 1817 425 revertenti
1837 369 1867 426 de

118 457 374 528 recapitules.
392 455 437 524 ui:
466 454 683 522 Nonnunquam
713 461 755 508 est
778 454 860 523 pejus
888 467 966 508 men·
1022 457 1118 525 pretio
1144 457 1245 512 victori
1266 457 1402 526 primitus
1440 457 1623 513 occurrisset.
1650 456 1711 514 Nec
1750 455 1864 514 Samson

118 546 235 603 dacium
252 543 385 599 meditari
401 556 489 612 quam
507 541 596 611 loqui.
620 540 693 596 Nam
721 541 864 597 interdum
882 540 966 610 quis·
1021 545 1102 600 aliter
1116 551 1284 608 excusatur,
1309 545 1530 614 quodvseipsum
1550 558 1618 601 eum
1635 543 1774 601 hostibus
1787 546 1864 601 ruint

118 635 326 706 queinceutus
350 631 419 686 solet
444 645 480 685 ex
509 629 734 699 praecipitatione
755 629 965 699 loquimenda·
1021 634 1124 689 domus
1151 633 1373 704 oppressit,nisi
1406 634 1484 704 qnod
1517 633 1638 690 latenter
1661 634 1787 704 spiritus
1818 634 1862 691 hor

55 767 57 771 ,
117 723 219 789 cinm;
249 719 380 776 meditari
401 727 497 774 autern
527 733 583 773 non
609 725 702 788 potest
736 718 792 774 nisi
831 731 880 788 por
904 725 965 773 stu·
1017 725 1153 794 jusserat,
1183 725 1235 793 qui
1266 736 1317 792 per
1350 722 1432 779 illurn
1460 722 1601 780 miracula
1624 721 1861 779 iaciebatltem:

117 810 208 866 dium.
228 808 407 876 liem:Quia
432 808 650 881 scriptumest:
676 808 712 864 Os
736 806 808 876 quoii
832 810 966 861 mentitur
1019 811 1192 881 Quicunque
1215 812 1268 867 hou
1299 813 1327 867 in
1356 824 1387 866 se
1414 810 1482 880 ipsis
1505 816 1762 881 perpetraverunt,
1782 810 1863 867 animi

121 898 349 954 ueumircuimum
370 897 447 969 (Sap.
475 913 492 963 ι,
512 895 554 966 ιι)
570 913 578 967 ;
595 904 644 951 ct:
679 897 778 950 Perae
802 899 966 965 omnesqui
1019 900 1222 970 magnitudine
1242 899 1370 956 fortassis
1390 899 1524 966 mirandi,
1544 914 1602 955 non
1617 898 1775 970 sapientie
1796 900 1862 956 sani

120 988 270 1054 toquentur
282 988 453 1042 mendacium
475 988 547 1041 Psoi.
561 1003 588 1052 v,
604 986 641 1056 ι).
671 987 728 1040 Hoc
742 999 860 1055 quoque
887 998 966 1039 men·
1020 988 1224 1044 tatelnudandi
1247 995 1326 1055 sunt,
1343 976 1525 1059 quanquam,
1549 987 1574 1044 si
1589 989 1736 1045 rationem
1749 987 1863 1059 diligen·

121 1077 196 1134 dacii
216 1091 307 1148 genus
333 1076 450 1146 perlecti
476 1075 531 1130 viri
563 1088 744 1144 summopere
776 1074 903 1144 lugiunt,
933 1080 965 1129 ut
1020 1078 1077 1133 tius
1095 1077 1241 1144 consulas,
1266 1091 1319 1133 nee
1346 1076 1409 1146 ipsa
1438 1075 1554 1147 quidem
1583 1075 1676 1132 animi
1698 1075 1863 1146 magnitudo

122 1166 245 1222 necrita
258 1164 414 1237 cujustibet
429 1178 479 1234 per
499 1177 599 1219 eorum
621 1163 762 1218 fallaciam
779 1154 962 1229 ostendatur,
1018 1174 1093 1221 reete
1108 1165 1315 1233 nominabitur,
1341 1165 1390 1221 ubi
1406 1164 1543 1235 quisque,
1564 1179 1622 1221 non
1650 1163 1781 1221 valendo
1802 1165 1862 1220 cute

120 1270 174 1311 nec
192 1270 252 1311 suae
282 1256 386 1310 animae
417 1260 547 1318 noceant,
582 1252 651 1307 dum
680 1260 814 1321 prestare
842 1250 964 1306 salntem

121 1344 221 1400 aliene
235 1343 316 1399 carni
337 1343 481 1408 nituntur,
495 1355 665 1412 quanquam
677 1342 729 1396 hoc
745 1340 837 1410 ipsum
857 1337 964 1409 peceati

123 1447 215 1504 genus
244 1431 379 1487 facillime
416 1431 560 1486 credimus
612 1429 748 1484 relaxari.
790 1429 964 1495 Anqusiiaus

122 1519 221 1587 Quart.
253 1524 284 1575 in
309 1520 442 1585 Genesim,
471 1534 530 1587 arip.
559 1516 656 1574 CXLV
685 1518 787 1588 (Maur.
804 1517 853 1581 itt,
876 1517 961 1585 itit:

1018 1268 1083 1311 rare
1099 1254 1142 1310 vel
1157 1268 1281 1324 quaeque
1296 1266 1399 1322 aspera
1418 1252 1462 1310 vel
1483 1252 1577 1309 aliena
1596 1259 1728 1323 pomata,
1767 1253 1861 1322 seipse

1020 1342 1206 1399 interemerit.
1223 1341 1314 1413 Magis
1328 1341 1404 1397 enim
1429 1355 1509 1397 mens
1533 1341 1651 1397 infirma
1674 1340 1858 1411 deprehendi

1020 1438 1077 1499 tur,
1095 1444 1161 1501 que
1177 1431 1251 1487 lurre
1272 1445 1330 1486 non
1354 1436 1445 1499 potest
1470 1429 1516 1485 rel
1544 1429 1648 1485 duram
1669 1428 1721 1485 sui
1744 1430 1859 1500 eorpon'r

1019 1517 1199 1572 severitatem
1219 1514 1264 1570 vel
1289 1512 1407 1570 stultam
1430 1513 1510 1585 vulgi
1531 1514 1709 1584 opinionem.
1733 1515 1803 1570 liam
1818 1514 1858 1570 :si

122 1610 201 1675 Quod
216 1610 255 1665 ait
270 1608 408 1665 iratribus
421 1607 525 1677 ioseph
551 1605 633 1675 (Gen.
659 1620 736 1669 xciv,
766 1604 830 1675 iiii:
854 1605 963 1660 Nescie—
979 1604 1000 1660 B
1019 1619 1122 1674 magno
1151 1604 1249 1660 animo
1268 1603 1329 1659 lieri
1347 1603 1512 1673 putandum
1530 1610 1582 1670 est,
1602 1616 1670 1658 cum
1697 1602 1758 1659 sibi
1788 1602 1859 1659 bono

123 1695 193 1749 batis
217 1696 285 1763 quia
311 1709 366 1747 aaa
386 1699 426 1748 cst
442 1695 559 1761 uuqurio
574 1692 650 1746 bama
670 1690 759 1760 qualis
797 1704 868 1757 eqo;
891 1689 963 1759 quid

122 1783 178 1839 sibi
191 1782 270 1851 velit,
287 1782 376 1852 quaeri
390 1780 470 1836 solet.
496 1781 540 1835 An
560 1780 631 1850 quia
654 1793 712 1834 non
740 1777 815 1833 serio
831 1777 878 1832 sed
899 1776 964 1847 joco

122 1871 298 1937 dictumest,
327 1877 358 1926 ιιι
380 1870 478 1925 exitus
505 1868 614 1935 docuit,
642 1882 699 1923 non
731 1875 773 1924 est
799 1866 965 1924 babendum

122 1957 334 2015 mendacium?
361 1957 509 2015 Mendaeia
533 1957 611 2012 enim
636 1970 654 2011 a
681 1955 868 2012 mendacibus
892 1954 965 2011 serio

122 2054 263 2118 aguntur,
286 2061 344 2102 non
362 2048 425 2114 joco
439 2063 445 2112 ;
460 2060 526 2101 curn
546 2051 642 2100 autem
662 2058 727 2114 quie
745 2058 803 2100 non
819 2049 964 2101 sunitan-

123 2149 213 2206 quam
234 2137 297 2207 joco
325 2135 473 2203 dicuntur,
499 2148 556 2190 non
591 2133 771 2205 deputantur
799 2131 960 2188 urendacia.

122 2227 246 2280 Hilarius
295 2225 325 2279 ia
362 2225 498 2293 psalmum
520 2222 599 2280 rur:
642 2222 689 2278 Est
725 2222 801 2278 cuim
837 2235 965 2278 necessa·

123 2313 201 2369 rium
215 2312 384 2381 plerumque
398 2311 581 2367 mendacium
596 2327 603 2375 3
619 2316 647 2365 et
661 2323 872 2380 nonnunquam
889 2309 966 2366 laisi-

124 2410 168 2460 tas
183 2400 263 2456 utilis
276 2408 328 2464 est,
344 2414 411 2455 eum
431 2387 483 2454 au't
500 2399 661 2467 percussori
691 2398 725 2454 de
737 2398 843 2454 latente
866 2399 965 2454 menti·

124 2502 202 2557 mur,
218 2487 475 2544 auttestimonium
497 2500 547 2556 pro
571 2485 750 2555 periclitante
779 2484 964 2554 lrustramus‚

124 2585 175 2635 aut
189 2576 317 2634 fallimus
328 2574 497 2632 dilticultate
511 2574 670 2631 curationis
683 2581 833 2645 agrotum.
851 2573 966 2645 Oportet

123 2665 387 2735 eninr,secundu1n
405 2662 532 2734 Apostoli
546 2663 719 2729 doctrinam,
736 2676 896 2720 sermonem
913 2677 965 2720 no·

122 2763 216 2814 strum
224 2754 283 2811 sale
294 2768 355 2811 esse
368 2754 526 2810 conditum.

505 2859 584 2917 CLV.

1020 1694 1123 1764 ingerit
1145 1700 1276 1759 mortem,
1310 1690 1355 1748 ille
1393 1691 1488 1761 potius
1517 1690 1720 1749 Cleombrotus
1749 1690 1807 1764 (³7)
1835 1691 1857 1747 in

1021 1782 1073 1839 bac
1089 1781 1288 1853 magnitudine
1304 1781 1458 1850 reperitur,
1484 1780 1535 1850 qni
1556 1778 1648 1837 lertnr
1673 1779 1752 1837 lecto
1777 1780 1856 1837 Plato

1019 1872 1065 1928 nis
1079 1871 1162 1937 libro,
1188 1870 1240 1926 ubi
1264 1870 1299 1926 de
1320 1867 1536 1925 immortalitate
1554 1869 1661 1924 animae
1682 1868 1855 1939 disputaturi

1018 1966 1108 2027 essse
1121 1959 1295 2031 praecipitem
1313 1957 1422 2014 dedisse
1440 1957 1474 2014 de
1488 1970 1582 2024 muro,
1599 1963 1689 2028 atque
1710 1958 1752 2014 ita
1766 1957 1801 2015 de
1813 1957 1857 2013 bae

1019 2051 1078 2106 rita
1099 2050 1238 2120 migrasse
1262 2048 1384 2104 adeam
1411 2061 1502 2118 quarn
1535 2046 1659 2102 credidit
1683 2061 1752 2104 esse
1773 2046 1857 2104 meuc

1019 2153 1089 2195 rem.
1107 2137 1188 2205 Quod
1208 2145 1304 2194 tamen
1319 2150 1422 2208 magne
1445 2136 1538 2205 potius
1562 2149 1623 2192 esse
1641 2134 1755 2193 lactum
1778 2148 1855 2208 quan

1020 2229 1090 2284 bene
1102 2227 1181 2285 testis
1199 2241 1260 2284 esse
1279 2226 1372 2297 potuit
1387 2225 1466 2282 Plato
1481 2223 1540 2295 ipse
1559 2238 1648 2295 quem
1669 2224 1792 2296 legerat,
1813 2223 1855 2296 qui

1020 2317 1144 2388 prolecto
1170 2316 1200 2372 id
1222 2315 1368 2386 precipue
1400 2313 1642 2385 potissimumque
1672 2311 1789 2371 lecisset
1819 2310 1855 2368 rel

1019 2406 1105 2462 etiam
1122 2405 1309 2476 precepisset,
1326 2403 1381 2459 nisi
1403 2417 1437 2459 ea
1451 2409 1556 2470 mente,
1577 2401 1649 2473 qnia
1666 2400 1853 2460 immortaliti-

1020 2501 1076 2550 tem
1100 2493 1203 2549 anime
1241 2491 1323 2560 vidit,
1357 2503 1545 2562 nequaquam
1572 2489 1755 2560 iaciendum,
1781 2489 1854 2563 quir·

1018 2583 1107 2639 etiam
1122 2581 1331 2652 prohibendum
1352 2594 1412 2637 esse
1431 2579 1598 2650 judicasset.
1624 2581 1728 2636 Item:
1746 2579 1802 2641 Sed
1821 2585 1854 2636 tt·

1019 2685 1086 2728 men
1102 2670 1152 2739 illi,
1174 2679 1276 2741 praeter
1294 2669 1467 2736 Lucretiam,
1490 2682 1548 2725 non
1565 2666 1649 2724 iacile
1666 2665 1854 2740 reperiuntur

1018 2761 1104 2832 euius
1119 2759 1290 2817 auctoritate
1307 2758 1503 2829 praescribant,
1527 2757 1583 2813 nisi
1605 2757 1690 2814 illum
1715 2756 1853 2823 Catonem,

981 2846 1071 2935 cqui
1091 2859 1120 2901 se
1140 2845 1226 2901 Uticae
1249 2844 1361 2911 occidit,
1386 2856 1444 2900 non
1471 2842 1541 2913 quia
1560 2841 1640 2899 sotus
1666 2841 1694 2900 id
1722 2839 1851 2909 lecit,md

125 2951 295 3018 Quodiicent
312 2953 416 3007 bomini
440 2950 618 3017 interrasili
648 2964 746 3004 munus
775 2949 916 3015 aliquibus
931 2948 963 3003 de
1019 2931 1613 3006 quiavirdoctusetprobusbabebatur.
1632 2932 1851 3002 remetimur

404 3027 504 3087 causis,
532 3025 676 3076 ctcoutro.

155 3115 337 3183 Hieronymus
356 3115 386 3166 iu
425 3115 522 3167 ionum
546 3110 709 3180 propiciam
736 3111 767 3177 (ι,
800 3109 866 3181 lli:
902 3110 962 3164 Toi-

121 3203 224 3256 titeme
250 3208 275 3256 et
304 3203 404 3256 mittite
428 3203 459 3253 ia
485 3215 569 3263 mare,
597 3203 623 3252 ct
646 3197 761 3252 cessabit
786 3212 890 3252 marea
912 3212 959 3252 co·

121 3289 347 3346 bisunticam
372 3295 560 3344 estnostrum
598 3293 717 3341 mortem
747 3285 884 3355 arripere,
913 3285 963 3341 sed

119 3376 229 3433 illatam
253 3377 374 3432 libenter
391 3375 530 3445 accipere.
548 3374 628 3429 Unde
655 3381 683 3430 et
708 3373 738 3429 in
754 3373 963 3443 persecutioni·

119 3464 176 3521 bus
201 3464 347 3520 nonlicet
373 3464 492 3536 propria
526 3476 616 3518 manu
642 3461 746 3532 perire,
776 3462 886 3532 absque
910 3461 962 3517 ubi

120 3554 236 3611 castitas
259 3552 446 3623 periclitatur.
480 3553 669 3607 Ecclesiastico
688 3551 805 3606 historin
842 3551 890 3605 lib.
912 3550 960 3618 Vl,

119 3659 180 3713 cap.
199 3642 285 3697 xxxi.
311 3641 408 3697 Sedet
431 3640 632 3697 admirandam
655 3639 799 3710 virginem
822 3638 962 3710 longeva

119 3731 220 3798 aetatis,
238 3729 418 3801 Apolloniam
434 3730 637 3799 nomine,eum
661 3729 877 3800 corripuissent,
892 3729 960 3785 den-

121 3821 201 3877 tesei
236 3820 328 3889 primo
357 3818 543 3889 eliodorun13
562 3818 705 3889 congestis
737 3818 840 3874 deinde
874 3818 961 3889 lignis

117 3915 328 3964 exstruxerunt
342 3920 457 3978 rogum,
480 3907 689 3965 comminantes
712 3920 741 3962 se
773 3905 872 3963 viram
896 3919 961 3961 eam

120 3996 297 4062 incensuros,
316 3996 373 4051 nisi
402 4010 471 4052 cum
485 3997 554 4066 ipsis
578 3995 668 4067 impia
693 3994 783 4051 verba
808 3993 958 4064 proterret.

117 4088 151 4141 et
168 4084 226 4153 illa,
243 4092 275 4141 ut
285 4099 390 4155 rogum
406 4084 477 4140 vidit
493 4098 674 4150 succensum,
690 4090 807 4153 repente
821 4096 851 4138 se
867 4097 883 4138 e
901 4096 961 4138 ma·

1016 3031 1078 3081 erat
1094 3023 1149 3080 sub
1172 3022 1292 3080 victorie
1315 3020 1434 3078 Caesaris
1461 3020 1570 3092 vigere,
1598 3034 1654 3077 cur
1672 3027 1754 3077 actor
1776 3019 1851 3091 inim

1018 3111 1209 3183 turpitudinis
1222 3110 1280 3167 filio
1295 3107 1360 3178 init,
1377 3123 1464 3180 quem
1491 3109 1526 3165 de
1540 3108 1661 3167 cesaris
1686 3108 1851 3179 benignitate

1017 3200 1114 3259 omnia
1128 3213 1242 3270 sperare
1267 3197 1427 3269 pracepit?
1457 3197 1516 3255 Cur
1540 3212 1598 3254 non
1612 3207 1641 3255 et
1667 3197 1752 3255 illum
1766 3208 1850 3254 mauu

1016 3291 1108 3361 coegit
1121 3289 1157 3345 ad
1173 3295 1293 3345 mortem
1309 3289 1323 3344 l
1338 3290 1423 3344 lien:
1453 3287 1550 3345 Restat
1563 3301 1622 3344 una
1643 3301 1734 3345 causa
1756 3287 1790 3344 de
1802 3299 1850 3358 qm

1017 3380 1109 3436 dicere
1132 3390 1284 3447 creperum,
1306 3377 1376 3448 quia
1398 3377 1468 3435 utile
1489 3379 1618 3446 putatur,
1636 3383 1671 3433 ut
1691 3390 1723 3434 se
1739 3378 1848 3447 quisquc

1016 3466 1178 3533 interliciat,
1195 3466 1223 3521 id
1248 3473 1291 3522 est
1312 3480 1349 3521 ne
1365 3465 1394 3521 in
1416 3472 1565 3536 peccatum
1581 3464 1686 3533 irruat,
1710 3464 1757 3522 vel
1779 3463 1847 3521 uun·
1895 3462 1897 3467 '

1016 3554 1112 3611 diente
1126 3555 1272 3624 voluptate
1287 3553 1332 3611 vel
1354 3553 1452 3610 dolore
1472 3553 1615 3611 seviente.
1639 3555 1732 3620 Quam
1746 3563 1846 3611 causatu

1015 3643 1039 3699 si
1055 3643 1232 3700 voluerimus
1256 3642 1416 3709 admittere,
1434 3656 1468 3699 eo
1481 3656 1575 3713 usqne
1594 3655 1750 3714 progressa
1764 3653 1845 3714 parre·

1016 3732 1084 3799 niet,
1110 3740 1143 3788 ut
1156 3730 1292 3788 bortandi
1306 3730 1363 3786 siut
1383 3729 1513 3787 homines
1536 3738 1607 3788 tune
1624 3744 1656 3787 se
1677 3730 1773 3801 potius
1790 3730 1845 3787 inte

1016 3821 1130 3889 rimere,
1151 3834 1220 3876 cum
1244 3819 1360 3874 lavacro
1383 3818 1610 3889 regenerationis
1630 3806 1727 3876 abl'uti
1745 3819 1847 3876 unire·

1015 3923 1114 3967 sorum
1138 3908 1335 3965 remissionem
1363 3914 1534 3976 acceperunt
1556 3915 1757 3978 peccatorum.
1780 3907 1849 3965 'lum

1015 3998 1096 4055 enim
1115 4004 1227 4067 tempus
1251 3995 1373 4052 cavendi
1403 3996 1501 4052 omnia
1524 3994 1624 4054 lutura
1645 4004 1774 4067 peccata,
1794 4006 1851 4053 cuut

1015 4094 1084 4145 sunt
1115 4086 1214 4144 omnia
1254 4084 1346 4142 deleta
1384 4085 1539 4155 praeterita.
1580 4085 1675 4140 item:
1706 4085 1853 4143 Omentet

117 4174 206 4230 nibus
219 4174 329 4245 eripuit
340 4174 495 4244 impiorum
510 4181 598 4243 atque
620 4172 650 4227 in
666 4171 763 4244 ignem
779 4178 879 4242 sponte
897 4184 960 4242 pro·
977 4166 999 4219 ὓ
1016 4182 1145 4232 amentes
1162 4175 1169 4232 t
1185 4173 1253 4244 quis
1268 4180 1311 4230 est
1324 4173 1373 4229 bic
1385 4180 1484 4230 tantus
1500 4187 1559 4230 non
1580 4187 1673 4242 error,
1688 4175 1739 4232 sed
1754 4170 1854 4234 lururl

116 4263 215 4330 sitivit,
230 4264 270 4318 ita
297 4270 329 4319 ut
349 4269 576 4333 perterrerentur
592 4261 644 4333 ipsi
672 4260 851 4317 crudelitatis
864 4268 968 4321 aucto·.
1018 4264 1071 4320 Sed
1095 4263 1241 4335 quaedam,
1267 4262 1415 4333 inquiunt,
1447 4270 1553 4319 sanctae
1578 4261 1705 4331 lemine,
1737 4265 1857 4336 teuiport

117 4362 172 4418 res,
189 4351 260 4420 quia
281 4352 439 4420 promptior
454 4351 572 4406 inventa
591 4357 633 4405 est
654 4350 691 4406 ad
711 4358 832 4405 mortem
855 4349 963 4406 lomina
1017 4352 1235 4424 persecutionis,
1261 4359 1293 4408 ut
1307 4351 1493 4409 insectatores
1507 4365 1567 4409 suae
1586 4350 1738 4422 pudicitia
1755 4352 1858 4411 deriu-

116 4453 203 4512 quam
220 4448 384 4510 persecutor
395 4439 432 4495 ad
444 4452 568 4508 poeuam.
584 4439 760 4506 Auuustirms
788 4441 825 4493 De
851 4439 962 4493 ciuitate
1015 4449 1088 4510 rent,
1107 4441 1137 4497 in
1152 4448 1307 4511 rapturum
1322 4448 1410 4510 atque
1432 4448 1604 4497 necaturum
1617 4455 1648 4497 se
1663 4439 1793 4500 ilurinrn
1804 4454 1858 4512 pru·

116 4526 561 4598 liei,tit.l(u1acr.vtt,au):
594 4528 690 4584 Restat
704 4527 739 4583 de
779 4526 895 4583 bomine
920 4526 962 4582 in·
1011 4529 1154 4600 jecerunt,
1175 4542 1337 4599 earumque
1357 4529 1498 4599 martyria
1520 4529 1550 4585 in
1572 4529 1724 4587 catholica
1735 4529 1857 4588 &etesia

115 4617 283 4689 telligamns
308 4618 386 4689 quod
419 4617 602 4672 dictumest:
624 4616 688 4673 Nou
712 4615 834 4683 occides,
865 4629 960 4686 neque
1014 4616 1199 4673 veneratione
1226 4615 1412 4674 celeberrima
1437 4615 1671 4688 frequentantur.
1699 4617 1744 4675 De
1766 4615 1857 4677 bieuil

118 4705 252 4776 alterum,
268 4721 335 4778 ergo
360 4720 454 4776 neque
480 4713 516 4761 te.
537 4705 637 4775 Neque
660 4703 736 4760 enim
753 4704 805 4776 qni
829 4718 858 4761 se
887 4704 960 4760 occi·
1014 4712 1120 4762 temere
1135 4704 1226 4762 audeo
1252 4705 1406 4776 iudicare5
1432 4711 1533 4762 utrum
1557 4705 1636 4762 enirn
1656 4692 1797 4765 Ecclesia
1817 4705 1856 4765 iu

117 4795 167 4864 dit,
183 4796 264 4852 aliud
286 4810 376 4866 quam
404 4795 548 4850 hominem
570 4793 681 4850 occidit.
699 4794 786 4850 item:
808 4795 868 4849 lion
883 4792 962 4849 oeci·
1015 4793 1124 4865 quibus
1142 4792 1198 4850 lide
1221 4793 1317 4866 dignis
1347 4794 1609 4862 testificationibus,
1632 4803 1667 4852 ut
1683 4809 1792 4854 earum
1808 4807 1856 4852 me

116 4885 176 4953 des,
191 4885 236 4941 bis
259 4884 386 4955 exceptis
409 4897 482 4954 quos
504 4884 579 4938 Deus
598 4882 681 4953 jubet
701 4881 802 4949 occidi,
818 4881 878 4939 sive
893 4881 960 4938 data
1015 4884 1137 4938 moriam
1160 4883 1200 4939 sic
1219 4884 1348 4951 honoret,
1362 4883 1463 4941 diviua
1498 4883 1674 4955 persuaserit
1700 4884 1853 4943 ιιιιοιοιὶιιι

116 4971 179 5045 lege
199 4986 250 5044 pro
270 4981 396 5044 tempure
412 4972 448 5028 ad
476 4984 627 5041 personam
657 4985 794 5041 expressa
817 4971 957 5041 jussione.
1015 4971 1126 5041 nesci03
1142 4978 1169 5027 et
1192 4970 1253 5028 lieri
1268 4978 1369 5042 potest,
1395 4978 1428 5029 ut
1452 4971 1492 5028 ita
1510 4971 1557 5028 sit.
1580 4971 1657 5037 Quid
1674 4973 1794 5031 enimsi
1808 4973 1855 5030 boa

121 5063 182 5120 lton
198 5071 295 5120 autem
312 5063 372 5134 ipse
385 5061 488 5119 occidit
516 5061 567 5132 qui
593 5059 785 5118 ministerium
806 5060 889 5116 debet
912 5060 959 5131 ju·
1014 5059 1145 5118 lecerunt
1159 5074 1217 5117 uon
1232 5061 1404 5119 humanitus
1415 5061 1548 5133 demptis,
1562 5060 1612 5118 sed
1627 5060 1776 5119 divinitus
1792 5059 1854 5117 niu·

122 5152 212 5223 benti,
237 5153 311 5210 sicut
341 5150 553 5209 adminiculum
575 5149 690 5222 gladius
727 5151 837 5208 utendi.
865 5151 956 5205 ltem:
1014 5164 1063 5218 sne,
1077 5165 1130 5207 nec
1145 5158 1286 5219 errantes,
1302 5151 1350 5208 sed
1373 5148 1620 5209 obedientestue
1642 5149 1767 5208 Samson
1782 5144 1854 5206 aliud

117 5239 265 5308 Quaeritur
280 5249 378 5300 utrum
394 5256 446 5313 pro
463 5242 549 5313 jussu
577 5241 627 5298 Dei
649 5239 686 5297 sit
699 5239 866 5299 babendum
882 5238 966 5312 quad·
1015 5239 1099 5297 nobis
1121 5238 1165 5297 las
1184 5254 1243 5297 non
1263 5247 1305 5299 est
1317 5241 1457 5311 eredere;
1480 5253 1547 5298 curn
1571 5246 1671 5299 auum
1686 5240 1766 5299 bens
1779 5237 1854 5311 jubet

155 5418 327 5492 tintcum:
347 5421 509 5483 Tteoirotue
522 5421 653 5488 ,·tionac.
670 5421 845 5481 ruriculas.
860 5420 958 5487 Cicero
976 5418 1060 5481 tusc.
1072 5420 1152 5495 l„3i.
1168 5420 1388 5483 Ambraciotam
1398 5420 1593 5482 Cleombrotum
1607 5428 1701 5484 tuest
