3804 5962
1544 30 1827 54 ὴ-Ι

450 235 629 296 Expostulo
649 238 685 295 IN
703 237 813 296 EPIST.
833 238 940 297 PAULI
959 239 1007 297 ab
1026 237 1112 297 ΗΟΙ.
1125 266 1160 279 -
1173 236 1238 294 tlb.
1262 238 1284 292 l.
1688 239 1740 293 798

79 371 152 416 nore
180 357 277 430 potius
293 372 382 429 quam
398 358 508 419 timore.
529 361 639 428 Quibus
665 363 783 434 quidem
798 364 877 421 di·A
894 369 1033 435 perpetua
1047 363 1169 420 debetur
1191 360 1363 431 obedientia,
1390 361 1465 418 sicut
1476 360 1593 419 domino
1607 361 1735 433 aservis,

102 446 175 503 illud
204 448 351 504 convenit:
382 451 445 503 Jum
472 464 526 504 non
555 450 646 505 dicam
671 466 717 506 vos
745 466 836 508 seruos
886 451 1065 524 juxtaquod
1081 452 1250 521 superiusot
1265 464 1423 508 seservum
1440 450 1524 507 dixit.
1683 523 1687 529 ἡ

79 549 150 602 ιι,
180 539 232 603 lb).
252 536 289 592 Et
313 537 432 593 iterum:
461 541 516 595 Vos
535 543 625 594 cutem
647 539 709 595 dici
736 543 836 596 emices
926 544 1051 600 Pramum
1074 542 1183 611 quidem
1211 544 1249 597 lle
1269 541 1417 612 praemissa
1441 539 1573 611 Epistulae
1602 540 1740 599 salutatio

79 633 93 687 ι.
111 624 162 683 Vel
188 625 295 680 dilectis
315 627 375 690 Dei,
396 625 424 681 id
439 635 515 683 este
538 628 604 695 beo,
630 629 679 699 qui
694 642 742 685 eos
757 629 837 699 prior
890 633 982 702 magis
1001 645 1038 687 ex
1053 631 1201 688 occasione
1228 636 1256 686 et
1282 610 1493 686 cousuetudine
1515 629 1658 685 scribendi
1677 631 1739 702 epi-

79 721 100 784 t,
114 721 147 769 ut
162 716 353 785 praeveniente
374 716 467 785 gratia
480 715 544 786 ejus
565 731 634 783 uon,
661 717 770 774 meritis
788 732 836 774 eo·
889 720 976 777 stolas
1000 735 1090 791 quam
1104 734 1141 776 er
1156 719 1260 775 aflectu
1273 719 1422 775 charitatis
1443 717 1555 788 prolata
1577 718 1735 787 videretur,

99 803 176 874 ipsos
189 804 317 873 eligeret.
338 805 447 861 Vocctts
462 808 574 873 sanctis,
593 806 648 863 boc
665 814 707 863 est
727 807 836 863 vocatis
888 821 978 878 qnam
1003 820 1051 864 eos
1089 805 1229 862 charitate
1257 806 1449 876 amplectatur
1477 804 1615 872 annectit,
1636 805 1736 863 dicens

79 891 272 961 rspirationem
288 892 441 962 internam,
460 909 511 951 seu
534 896 745 964 praedicationis
765 909 836 967 gra·
889 909 919 951 se
934 897 1071 966 primurn,
1097 896 1125 952 id
1148 900 1191 951 est
1215 895 1341 950 marimo
1356 908 1407 964 pro
1426 894 1616 951 conversione
1630 902 1657 950 et
1681 894 1736 951 lide

79 978 169 1036 lboc
183 987 215 1036 ut
240 980 331 1036 sancti
347 982 415 1037 siut.
442 983 513 1038 Gnm
530 983 599 1039 dicit
612 997 661 1039 cos
680 992 796 1041 vocatos
819 997 836 1039 a
890 984 1085 1042 Romanorum
1111 984 1168 1039 beo
1193 983 1301 1053 gratias
1315 996 1410 1054 agere,
1434 996 1501 1038 cum
1526 996 1577 1053 pro
1602 984 1738 1041 omnibus

79 1082 120 1125 sse
135 1069 331 1140 potiusquam
354 1084 402 1126 eos
419 1072 572 1128 bominum
595 1072 752 1139 invocasse,
769 1087 835 1145 gra·
891 1081 986 1129 tamen
1011 1072 1158 1129 conversis
1183 1071 1213 1127 id
1231 1070 1393 1127 laciendum
1409 1071 1454 1127 sit.
1480 1071 1635 1141 Oportebat
1650 1073 1736 1130 eliam

88 1157 138 1214 liei
155 1165 323 1229 exaggerat,
343 1173 409 1229 quac
429 1173 642 1231 nonnunquam
670 1162 769 1219 invitis
790 1162 835 1219 vel
890 1162 1026 1231 gratiam,
1046 1174 1134 1230 quam
1151 1161 1180 1215 in
1195 1173 1243 1216 eos
1253 1158 1406 1229 Apostolus
1421 1158 1556 1225 babebat,
1573 1158 1654 1228 prius
1668 1173 1736 1217 eum

79 1246 234 1303 utentibus
253 1246 389 1304 beneficia
409 1256 532 1319 praestat.
889 1248 1048 1315 ostendere,
1070 1255 1103 1304 ut
1128 1262 1194 1304 curn
1209 1261 1257 1304 eos
1283 1247 1412 1317 graviter
1437 1245 1619 1317 postmodnm
1635 1261 1736 1318 repre-

103 1349 172 1391 cum
196 1334 258 1392 baec
288 1335 424 1393 salutatio
457 1338 493 1393 ad
521 1352 620 1395 omnes
647 1338 711 1396 illos
748 1340 835 1409 peni-
889 1335 1034 1404 benderet,
1060 1350 1097 1393 es
1123 1335 1264 1392 amoreid
1288 1335 1396 1391 laetum
1421 1334 1622 1407 intelligerent,
1649 1342 1676 1391 et
1703 1333 1736 1390 li·

95 1423 133 1481 ad
148 1438 222 1495 quos
235 1424 362 1494 Epistola
376 1425 523 1498 dirigitur,
543 1427 689 1498 quomodo
709 1427 777 1485 dicit
791 1428 835 1484 di·
890 1423 1006 1482 beotius
1032 1425 1097 1496 eJus
1110 1424 1315 1481 correctionem
1341 1424 1385 1481 vel
1400 1423 1624 1480 admonitionem
1640 1422 1737 1479 susci-

84 1513 133 1569 bei
154 1513 200 1569 vel
225 1515 334 1582 vocatis
356 1517 472 1583 sanctis,
488 1531 557 1572 cum
580 1517 707 1574 maxime
729 1518 764 1573 ad
788 1531 835 1574 eos
890 1520 999 1583 perent.
1029 1513 1197 1586 Quaslergo
1217 1511 1390 1569 blandiendo
1413 1526 1492 1569 more
1505 1511 1617 1568 solertis
1641 1519 1734 1569 orato·

79 1608 175 1672 ropter
200 1616 248 1658 eos
275 1603 459 1674 corrigendos
488 1604 615 1675 Epistola
644 1607 681 1662 sit
715 1605 832 1675 directa,
890 1602 931 1658 ris
946 1603 1027 1673 prius
1041 1617 1089 1660 eos
1107 1602 1205 1668 allicit,
1222 1609 1255 1659 ut
1272 1602 1307 1658 ad
1327 1600 1505 1658 audiendum
1521 1602 1688 1658 attentiores
1701 1615 1736 1658 ac

79 1690 179 1760 rperba
190 1693 380 1758 contentione,
397 1700 429 1748 ut
440 1691 549 1749 dictum
564 1696 616 1760 est,
632 1708 662 1750 sc
677 1694 714 1750 ad
730 1695 835 1753 alteru·
853 1659 874 1715 Β
892 1691 1045 1748 benevolos
1063 1706 1110 1748 eos
1133 1691 1224 1762 magis
1253 1691 1363 1746 reddat.
1395 1689 1508 1746 Gratias
1536 1688 1623 1746 alicui
1650 1703 1736 1761 agere

94 1790 260 1848 praeponere
300 1779 456 1835 volebant?
486 1781 594 1851 quippe
626 1782 678 1852 qui
711 1783 835 1852 superbe
888 1788 930 1837 est
950 1795 1002 1850 pro
1024 1780 1159 1836 beneficio
1176 1780 1213 1835 ab
1237 1793 1271 1835 eo
1286 1779 1376 1850 gratis
1394 1778 1498 1834 collato
1513 1792 1579 1834 eum
1603 1777 1735 1846 laudare,

79 1881 92 1933 ;,
107 1867 254 1936 quomodo
268 1866 362 1923 dilecti
377 1867 424 1924 llei
440 1866 602 1925 dicuutur?
618 1869 757 1941 Nunquid
772 1884 835 1941 pro·
889 1869 1066 1936 benedicere,
1090 1866 1259 1939 glorificare.
1287 1871 1339 1923 ileo
1375 1882 1432 1922 meo
1453 1882 1502 1937 per
1529 1865 1622 1921 lesum
1645 1867 1736 1923 cbris-

79 1966 164 2010 ornm
189 1954 416 2012 benevolentiam
441 1957 613 2026 captandam
644 1959 757 2014 mentiri
784 1965 835 2015 aut
888 1957 1090 2024 stum,bocest
1106 1956 1158 2027 qui
1173 1956 1245 2012 mibi
1260 1955 1402 2027 propitius
1417 1954 1512 2012 factus
1529 1964 1580 2024 est,
1608 1955 1683 2012 sicut
1707 1963 1736 2013 et

79 2055 95 2097 n
120 2042 245 2098 seribere
261 2043 370 2114 aliquid
393 2044 563 2115 Apostolum
579 2047 755 2115 oportuerit?
781 2046 834 2103 Sed
887 2046 996 2102 ceteris
1010 2043 1210 2117 peccatoribus
1224 2058 1274 2115 per
1297 2044 1402 2101 Filium
1422 2057 1509 2100 suum
1527 2044 1734 2114 redemptorem

79 2136 116 2186 tto
139 2131 176 2186 ad
200 2144 299 2187 omnes
326 2132 442 2202 quidem
463 2133 524 2189 baec
542 2134 678 2192 salutatio
701 2135 833 2205 pertinet,
888 2149 923 2191 ac
954 2135 1138 2192 mediatorem
1164 2142 1305 2191 nostrum.
1326 2133 1478 2202 Velprutis
1502 2147 1553 2201 ago
1574 2132 1735 2202 pertesum

80 2230 142 2274 uon
167 2233 266 2276 omues
292 2221 389 2278 adbuc
419 2223 476 2280 sint
499 2223 595 2280 dilecti
616 2224 676 2290 liei,
709 2233 742 2280 ut
767 2238 833 2280 curn
887 2221 1045 2289 Gbristum,
1067 2221 1138 2293 qnia
1154 2222 1180 2278 id
1197 2222 1305 2278 iactum
1333 2236 1393 2279 esse
1418 2223 1453 2279 de
1468 2221 1654 2278 conversione
1682 2221 1735 2277 lto-

79 2313 121 2364 eet
135 2321 184 2363 eos
198 2316 312 2366 tantum
326 2310 492 2381 salutetqui
513 2318 582 2369 snut
600 2312 695 2369 dilecti
711 2313 772 2378 Dei,
787 2326 835 2370 eos
888 2324 1041 2368 manorum
1068 2324 1119 2381 per
1146 2310 1293 2368 Christum
1324 2324 1506 2382 recognosco,
1531 2324 1591 2366 uon
1615 2301 1734 2380 perno-

79 2409 103 2450 m
122 2395 296 2455 salutatione
321 2414 374 2455 sua
389 2400 493 2471 dignos
510 2399 630 2472 judicet,
655 2401 785 2472 aliosque
798 2400 834 2456 ad
888 2407 978 2456 stram
986 2399 1191 2457 virtutemsive
1204 2407 1375 2456 caeterorum
1399 2399 1559 2456 bominum.
1577 2397 1633 2462 Qui
1648 2397 1734 2452 etiam

79 2482 181 2540 tionem
196 2485 324 2557 ipsorum
340 2488 451 2556 invitet,
472 2496 546 2546 utet
567 2489 646 2559 ipsis,
666 2488 774 2546 scilicet
788 2489 833 2545 di·
889 2487 920 2543 in
930 2486 1045 2545 laudem
1058 2489 1108 2545 Ilei
1124 2502 1170 2545 me
1182 2488 1319 2546 idoneum
1333 2501 1370 2544 ex
1384 2501 1430 2543 me
1444 2501 1505 2543 esse
1520 2500 1578 2542 non
1596 2498 1734 2555 recogno·

79 2570 128 2628 Dei
161 2586 222 2628 esse
248 2573 389 2631 nitantur.
416 2575 626 2632 convenienter
652 2576 750 2643 etiarn,
782 2575 834 2632 etsi
888 2588 945 2643 sco,
962 2577 1061 2632 sodex
1081 2576 1254 2648 gratiaFilii
1270 2573 1597 2647 ejuscuideservio.lte
1616 2573 1680 2639 hec,
1697 2572 1736 2628 in·

78 2658 122 2716 rlli
143 2660 184 2716 ibi
197 2669 292 2717 esseut
317 2662 367 2718 bei
391 2662 498 2733 dilecti,
524 2663 619 2720 dicere
643 2677 692 2720 eos
718 2663 835 2720 dilectos
889 2677 989 2736 quam,
1012 2663 1122 2735 gratias
1138 2678 1203 2735 ago,
1231 2664 1302 2730 Ouio
1326 2663 1394 2734 tides
1423 2662 1734 2734 oestrclonnuntiutur,

79 2746 163 2815 otuit,
175 2748 263 2820 juxta
288 2764 388 2807 eorum
403 2751 567 2821 opinionem
583 2752 701 2823 quidem
715 2752 766 2823 qni
783 2753 835 2808 boc
890 2752 945 2809 hoc
955 2752 1179 2823 csldivulgalur
1201 2752 1237 2809 ad
1261 2752 1374 2808 laudem
1401 2751 1462 2819 Dei,
1476 2757 1504 2806 et
1518 2749 1555 2804 ad
1569 2745 1735 2817 exemplum

79 2864 80 2880 2
107 2837 326 2908 promebantur,
356 2840 432 2896 sicut
455 2840 542 2896 etiam
567 2839 701 2897 nonnulli
728 2841 835 2897 ironice
887 2842 1083 2899 conversionis
1098 2841 1221 2898 aliorum
1250 2841 1280 2896 in
1295 2846 1352 2897 toto
1371 2839 1491 2909 mundo,
1506 2838 1534 2894 id
1549 2844 1592 2895 est
1612 2835 1735 2893 ubicnu-

79 2923 167 2996 loque
189 2925 360 2997 loquuntur.
372 2927 435 2984 Nou
448 2928 526 2985 euim
542 2929 737 2999 mendacium,
752 2930 832 2987 beato
849 2949 872 3010 (ς
888 2945 946 3002 que
969 2937 1113 2987 terrarum
1128 2930 1174 2986 vel
1186 2928 1216 2986 iu
1230 2930 1358 2986 maxima
1371 2935 1452 2999 parte
1463 2941 1574 2985 earum.
1590 2925 1651 2994 Quo
1665 2936 1735 2982 vero

79 3022 141 3070 tnta
154 3016 317 3084 augustino
332 3016 400 3087 (ll),
413 3017 529 3086 dicitur,
546 3018 602 3074 nisi
625 3017 699 3074 falsa
718 3019 833 3091 signifi·
888 3019 982 3092 magis
997 3026 1084 3075 notus
1105 3025 1167 3075 erat
1188 3018 1336 3075 Romanus
1351 3017 1476 3088 populus
1489 3015 1573 3087 quasi
1588 3020 1675 3085 eaput
1688 3021 1734 3069 to-

79 3115 144 3160 rum
159 3104 308 3161 voluntate
331 3106 498 3175 recipiendi.
521 3108 572 3163 llic
591 3122 660 3164 vero
683 3107 834 3179 Apostolus
888 3109 946 3165 tius
964 3107 1080 3174 mnudi,
1095 3107 1187 3179 magis
1209 3106 1319 3177 ubique
1335 3105 1548 3162 innotescebant
1575 3118 1641 3176 quaa
1656 3101 1735 3173 apud

79 3189 211 3260 recipere,
236 3193 284 3248 sed
300 3194 455 3251 admonere
474 3195 607 3253 intendit.
637 3198 735 3254 Gratia
760 3198 834 3252 uotis
888 3199 1031 3255 Romanos
1052 3196 1176 3252 llebaut:
1205 3203 1232 3253 et
1261 3209 1320 3265 quo
1343 3195 1505 3266 superiores
1519 3199 1613 3258 eraut,
1641 3190 1735 3261 magis

79 3293 94 3332 r.
124 3279 251 3336 Gratiam
267 3282 335 3338 dicit
358 3284 466 3340 donum
483 3285 655 3355 gratuitum,
675 3287 760 3344 idest
776 3299 834 3340 non
888 3285 1020 3356 exemplo
1044 3286 1090 3342 sui
1112 3292 1228 3341 caeteros
1250 3285 1286 3340 ad
1315 3282 1534 3341 couversionem
1558 3280 1732 3337 invitabant.

79 3367 158 3423 eritis
179 3370 408 3439 praecedentibus
427 3373 573 3430 collatum.
597 3375 694 3431 Gratia
714 3381 742 3430 et
764 3388 832 3443 par,
889 3375 969 3431 Unde
984 3373 1190 3441 Quintiliamus
1205 3374 1322 3431 decaeco
1335 3391 1342 3429 :
1354 3393 1369 3424 ι
1385 3373 1458 3440 Quo,
1477 3392 1488 3421 ι
1507 3371 1624 3442 iuquit«
1640 3369 1676 3427 ad
1696 3367 1736 3424 al·

91 3454 202 3511 donum
217 3456 308 3527 paris,
320 3473 380 3529 qua
392 3460 446 3530 ipsi
472 3461 524 3533 qui
539 3463 719 3519 contendunt
732 3475 833 3533 super·
888 3463 989 3520 tiorem
1005 3464 1131 3534 quisque
1145 3462 1262 3519 honoris
1273 3463 1397 3534 gradum
1409 3459 1586 3525 extenditur,
1597 3458 1690 3529 magis
1705 3456 1735 3513 iu

79 3542 185 3599 uticem
206 3552 234 3601 et
261 3561 328 3603 cum
352 3548 412 3618 ipso
438 3551 494 3606 beo
522 3551 752 3608 reconcilientur.
780 3550 834 3619 Qui
887 3551 1054 3622 exemplum
1069 3551 1268 3622 spectantibus
1280 3557 1365 3619 patet.
1383 3571 1397 3600 ι)
1414 3551 1483 3606 ltem
1497 3564 1505 3603 τ
1520 3568 1535 3597 «
1552 3549 1619 3604 llaec
1632 3545 1733 3603 condi·

85 3634 253 3701 proximum
273 3650 360 3706 quem
391 3639 468 3695 videt
483 3653 541 3695 nou
556 3639 660 3711 diligit,
677 3641 833 3698 Dominum
887 3640 927 3695 tio
954 3639 1138 3708 superiorum
1154 3645 1207 3706 est,
1222 3645 1255 3695 ut
1276 3637 1419 3709 quidquid
1445 3637 1556 3693 iaciunt
1581 3634 1736 3707 precipere

97 3734 156 3777 non
181 3723 261 3778 videt
276 3726 420 3794 quomodo
438 3735 526 3796 potest
552 3728 691 3800 diligere?
712 3732 738 3798 (l
753 3733 832 3785 Joue.
887 3727 1052 3783 videantur.
1070 3745 1081 3772 ι
1101 3727 1144 3781 Ex
1160 3725 1204 3782 bis
1219 3724 1336 3796 quidem
1353 3733 1380 3780 et
1395 3723 1595 3780 consimilibus
1609 3722 1734 3794 Apostoli

79 3809 105 3881 t)
119 3812 145 3865 A
160 3814 215 3866 beo
236 3812 319 3867 Patre
341 3820 435 3870 nostro
450 3822 474 3870 et
489 3820 603 3872 Domino
631 3819 702 3873 Jesu
716 3818 832 3874 cbristo.
886 3814 993 3882 verbis,
1010 3815 1119 3885 quibus
1133 3814 1203 3871 dicit
1217 3828 1246 3870 se
1262 3814 1371 3882 gratias
1389 3813 1445 3868 lleo
1460 3825 1545 3882 agere
1566 3825 1617 3883 per
1635 3812 1733 3869 lesum

79 3912 101 3955 m
120 3900 181 3967 bei,
206 3901 285 3971 quod
312 3904 436 3971 gratiam
462 3905 541 3973 dicit,
565 3906 689 3975 Spiritus
714 3915 832 3964 sauctus
887 3904 1043 3972 Christum,
1060 3904 1195 3971 Ecclesia,
1212 3901 1242 3960 ni
1260 3902 1355 3969 lallor,
1371 3901 1401 3956 in
1416 3901 1626 3958 consuetudine
1648 3899 1733 3957 duxit

80 4001 103 4044 r.
120 3989 235 4046 Undeet
251 4005 317 4047 cum
330 3991 524 4061 septilormem
544 3995 681 4064 Spiritum
698 3995 832 4065 dicimus,
888 4001 920 4050 ut
934 3993 963 4050 in
978 3992 1219 4050 celebrationibus
1234 3992 1390 4048 missarum
1404 4003 1471 4046 cum
1495 3991 1553 4046 Deo
1568 3989 1646 4044 Patri
1668 4001 1735 4061 gra·

80 4083 155 4147 ptem
182 4076 305 4147 Spiritus
328 4080 378 4135 Dei
394 4081 589 4150 nominamus,
606 4092 712 4152 septem
728 4084 833 4141 divine
887 4083 934 4138 tiae
960 4082 1135 4147 relernntur,
1160 4080 1205 4137 vel
1221 4082 1250 4137 iu
1265 4079 1335 4152 ipsis
1356 4079 1522 4136 orationum
1548 4076 1734 4149 petitionibus

79 4155 437 4225 edouadcmonstramus.
463 4170 548 4226 Recte
571 4172 763 4242 ergodonum
785 4174 833 4229 bei
887 4184 1001 4241 semper
1027 4171 1213 4242 adiungatur,
1240 4172 1292 4224 Per
1320 4171 1464 4225 mminum
1490 4169 1613 4224 nostrum
1635 4167 1734 4222 desum

80 4253 205 4326 Spiritus
217 4264 337 4314 sanctus
351 4258 467 4325 dicitur,
485 4273 502 4314 a
518 4259 601 4316 Patre
615 4268 641 4317 et
662 4260 732 4317 Filio
747 4262 833 4319 simul
850 4279 872 4333 p
889 4260 1041 4327 ebriatum,
1058 4259 1103 4316 vel
1130 4258 1222 4316 simile
1236 4258 1359 4329 aliquid,
1375 4273 1410 4315 ac
1430 4258 1454 4316 si
1478 4272 1562 4315 omne
1579 4257 1657 4328 quod
1680 4254 1736 4327 agi·

79 4343 198 4412 ustulat,
214 4344 353 4415 aquibus
369 4346 455 4401 simul
471 4348 623 4416 procedere
642 4349 762 4418 spiritus
778 4351 837 4421 ipse
892 4362 958 4404 mus
983 4360 1222 4419 recognoscamus
1237 4348 1294 4403 llco
1314 4347 1391 4404 Patri
1407 4346 1524 4403 minime
1547 4344 1734 4416 placiturum,

79 4473 81 4484 .
114 4431 159 4489 Sic
183 4434 357 4491 constructi
381 4435 436 4491 Deo
459 4436 542 4492 Patre
568 4445 596 4494 et
622 4439 744 4495 Domino
768 4441 836 4497 lesu
890 4436 946 4492 nisi
962 4438 1122 4507 peripsum
1149 4437 1333 4494 mediatorem
1349 4435 1468 4506 quinos
1485 4435 1509 4490 ei
1529 4431 1735 4501 reconciliavit,

79 4535 109 4588 o,
125 4522 181 4578 ileo
195 4523 279 4579 Patre
297 4532 397 4580 nostro
420 4524 495 4591 dieo,
517 4533 575 4581 tani
601 4527 713 4584 Domini
730 4527 837 4584 scilicet
891 4539 986 4595 neque
1005 4540 1058 4583 nos
1078 4526 1163 4583 abeo
1187 4525 1305 4596 aliquod
1332 4524 1440 4604 bonum
1463 4522 1579 4592 adeptos
1606 4521 1662 4578 nisi
1686 4533 1736 4591 per

79 4609 170 4668 :bristi
187 4613 271 4669 Patre
286 4626 376 4684 quam
395 4613 495 4669 nostri.
527 4614 600 4670 Hinc
616 4624 643 4672 et
664 4617 723 4687 ipso
748 4617 837 4673 Filius
889 4614 1023 4670 eumdem
1038 4614 1091 4686 qui
1106 4613 1189 4671 nobis
1205 4615 1299 4685 ipsum
1313 4611 1485 4683 pacificavit.

96 4700 209 4757 Patrem
239 4708 298 4757 taru
322 4716 409 4759 suum
430 4717 519 4772 quam
551 4711 682 4761 nostrum
712 4705 838 4776 appellat
927 4702 1011 4756 Testis
1040 4703 1121 4755 enim.
1151 4700 1278 4757 Ostendit
1309 4699 1425 4770 quasia
1451 4712 1549 4766 causa,
1578 4697 1656 4769 quod
1681 4711 1733 4767 pro

79 4802 99 4844 t:
115 4789 243 4845 Ascendo
258 4790 296 4845 cd
309 4794 418 4846 Putrem
432 4808 522 4846 meum
546 4796 571 4847 et
592 4795 702 4849 Putrem
717 4800 836 4850 oestrum
888 4790 983 4861 gratia
996 4789 1037 4846 eis
1064 4789 1166 4847 collata
1190 4788 1316 4845 maxime
1336 4790 1391 4846 ileo
1413 4788 1522 4860 gratias
1549 4793 1637 4857 agat3
1665 4785 1735 4857 qnia

102 4890 154 4947 xx,
186 4879 247 4949 ll);
272 4879 350 4936 illius
370 4880 486 4949 quidem
512 4895 564 4951 per
578 4889 724 4948 naturam,
744 4883 836 4940 nostri
889 4889 937 4932 eos
952 4883 1030 4933 tauto
1058 4874 1161 4933 ellectu
1187 4876 1397 4947 complectitur,
1424 4883 1456 4932 ut
1484 4876 1513 4931 iu
1537 4875 1598 4931 suis
1623 4886 1736 4945 semper

79 4979 128 5039 per
151 4966 345 5038 adoptionem.
363 4968 406 5024 Ex
427 4982 486 5039 quo
502 4970 629 5026 maxime
644 4971 767 5041 gratiam
785 4972 834 5030 bei
890 4965 1070 5022 orationibus
1093 4978 1195 5021 eorum
1215 4979 1325 5022 memor
1340 4965 1387 5033 sit,
1401 4965 1430 5021 id
1445 4972 1487 5021 est
1504 4962 1734 5035 quotiescunque

79 5070 118 5114 ros
140 5057 332 5124 commendat,
362 5070 412 5126 per
427 5072 516 5129 quam
531 5059 636 5116 iratres
650 5059 835 5119 ellicimuret
891 5067 942 5125 lts⁰
956 5068 986 5110 ὅθ
1000 5061 1073 5122 &ab
1094 5060 1155 5110 0l0¹
1175 5054 1261 5110 ⁰15³OE
1283 5061 1315 5110 11⁸
1335 5053 1371 5110 ad
1395 5068 1443 5110 0⁰8
1463 5052 1614 5124 terbellim
1628 5053 1733 5121 Valeat,

79 5144 143 5203 coes
168 5145 281 5203 bomini
301 5146 368 5202 reso
383 5146 498 5203 curun.
528 5146 591 5205 run
618 5148 736 5220 quirem
763 5150 834 5208 eret·
889 5150 922 5199 ur
937 5142 967 5199 in
983 5141 1052 5213 spru
1075 5156 1193 5213 quoque
1208 5142 1336 5213 aliquem
1361 5143 1466 5199 habeat
1488 5142 1626 5199 fructum·
1643 5141 1734 5207 unde,

79 5248 113 5292 er
132 5248 272 5303 amorem,
289 5244 318 5293 et
333 5237 425 5309 magis
440 5251 531 5310 quam
549 5250 599 5308 per
620 5237 751 5294 timorem
765 5237 835 5294 sub·
889 5229 995 5301 inquit,
1021 5233 1091 5286 mibi
1114 5234 1190 5287 testis
1221 5235 1262 5288 est
1287 5236 1367 5300 bees,
1391 5231 1439 5289 cui
1462 5231 1553 5303 ipsam
1579 5231 1737 5289 orationem
1765 5254 1771 5261 ·

79 5338 107 5383 r.
129 5325 283 5383 bominum
303 5327 405 5384 lesum
431 5325 509 5396 dicit,
534 5327 606 5398 quia
620 5326 647 5382 ei
672 5324 790 5384 assidua
807 5331 836 5383 et
889 5319 971 5387 lacio,
988 5326 1017 5378 et
1031 5319 1124 5391 decipi
1147 5327 1319 5393 conpotest,
1338 5328 1367 5379 et
1393 5319 1736 5392 quisolusimeuttonem

88 5503 198 5564 Patrol.
213 5504 274 5575 ltu,
289 5504 344 5563 col.
361 5506 424 5562 tos.
