3804 5962
752 212 804 271 SIC
824 212 870 269 ET
890 212 972 269 NON.
1651 223 1719 279 1500

79 333 151 401 tenti,
180 346 237 389 non
264 331 392 399 babebit,
418 331 444 388 si
468 339 551 388 extra
577 330 733 389 Ecclesiam
762 332 816 391 Ca·
831 335 856 388 Α
872 340 933 389 tum
949 331 1031 390 nulla
1058 333 1206 390 iteratione
1225 335 1396 405 maculetur,
1421 336 1533 394 dicente
1560 339 1717 410 apostole:

80 439 106 479 m
134 423 228 492 ipsum
257 430 471 477 sacramentum
495 421 639 479 babuerit.
669 421 746 493 Ergo
769 422 815 478 de·
875 422 949 475 Unus
972 423 1054 487 Deru,
1074 437 1131 476 unc
1156 421 1234 491 pdes,
1261 438 1346 477 unum
1370 425 1518 494 baptisma,
1534 426 1621 497 cujus
1635 427 1719 484 ablu·

84 512 237 569 Ecclesiam
255 511 393 568 redirent
409 526 465 567 non
486 518 701 568 sacramentum
719 510 817 581 bapti·
872 509 913 565 tio
937 509 1019 565 nulla
1043 510 1193 567 iteratione
1217 511 1385 568 remerenda
1407 522 1458 578 est,
1478 515 1526 570 sed
1539 522 1571 570 ut
1584 515 1719 583 dicimus,

79 616 153 659 trum
176 601 308 670 accipiat,
325 600 402 670 quod
426 615 509 657 nemo
533 600 616 658 debet
631 600 662 656 in
687 600 817 672 quolibet
873 596 1062 654 sanctificatio
1083 599 1173 655 sancti
1197 598 1320 669 Spiritus
1342 599 1503 658 invocanda
1526 609 1579 673 est,
1595 611 1627 660 ut
1642 605 1720 675 quod

79 706 86 746 ι
112 690 252 760 baptizato
272 698 410 758 repetere,
436 690 484 745 sed
509 696 541 746 ut
556 690 586 745 in
609 689 742 746 societate
766 687 816 746 Ca·
873 684 909 741 ab
927 686 1068 743 haereticis
1082 701 1165 743 nemo
1187 689 1290 758 accipit
1321 689 1504 746 acatholicis
1525 692 1721 749 sacerdotibus

88 778 176 834 vitam
193 786 329 834 aetemam
350 777 483 847 accipiat.
498 779 574 833 idem
590 782 627 833 lle
650 778 739 833 uerbis
762 780 818 833 llo-
873 783 1078 845 consequatur.
1100 778 1145 831 Ec
1158 777 1269 832 concilio
1291 777 1367 846 apud
1382 779 1575 848 compendium
1593 795 1655 852 cap.
1673 781 1719 835 V:

80 871 188 921 rcatctu
217 866 249 920 ιι
277 882 283 919 :
309 865 482 935 Quicunque
506 867 536 922 in
561 866 750 923 schismaticis
772 865 818 922 vel
874 862 983 933 Siquis
1011 864 1104 934 puber
1128 865 1281 922 ordinatus
1303 864 1390 922 luerit
1404 874 1432 923 et
1451 868 1671 938 deprehenderit
1692 884 1721 926 se

79 957 114 1012 :is
149 955 423 1026 congregationibus
455 955 650 1026 baptizantur,
683 954 820 1027 quamvis
874 966 932 1007 non
948 951 1124 1022 baptizatum
1144 952 1242 1021 luisse,
1266 953 1427 1024 baptizetur
1455 965 1482 1013 et
1497 957 1648 1014 ordinetur
1668 958 1721 1015 ite-

79 1051 103 1100 tt
121 1045 213 1099 renati
230 1043 335 1112 spiritu
360 1043 421 1110 Dei,
436 1058 503 1099 cum
532 1044 568 1099 ad
591 1043 748 1101 Ecclesiam
763 1043 819 1102 Ca·
874 1047 986 1095 tumet
1009 1054 1207 1112 omnesquae
1236 1043 1317 1111 prius
1341 1042 1505 1113 baptizarit.
1530 1048 1575 1101 Ec
1603 1047 1721 1116 epistota

82 1147 109 1188 m
132 1132 275 1199 venerint,
296 1147 353 1187 non
374 1132 515 1202 repetitur
542 1132 691 1190 lavacrum
712 1131 818 1189 carnis.
874 1129 1007 1197 Cypriani
1028 1128 1112 1197 ιιι,
1141 1129 1180 1184 cd
1213 1130 1379 1186 luccianum
1405 1146 1411 1187 :
1444 1133 1597 1204 Scripsisti,
1623 1134 1720 1201 irater,

79 1224 120 1275 ius
151 1220 265 1285 Quirino
299 1223 423 1289 episcopo
447 1221 476 1274 ic
499 1220 635 1274 Hibernia
661 1235 667 1275 :
692 1219 820 1291 Antiqua
874 1214 1039 1271 desiderans
1059 1215 1217 1287 significari
1243 1216 1306 1283 tibi,
1331 1217 1402 1289 qnid
1427 1219 1510 1276 nobis
1539 1220 1722 1278 videaturne

79 1325 90 1366 ι
107 1309 287 1365 institutione
301 1307 455 1364 didicimus
470 1316 502 1364 ut
516 1309 637 1381 quilibet
660 1309 739 1379 apud
759 1311 820 1366 bac·
875 1301 1076 1359 hereticorum
1098 1303 1250 1374 baptismo,
1275 1304 1325 1376 qui
1345 1314 1428 1362 entra
1446 1308 1594 1366 ecelesiam
1620 1309 1723 1367 consti·

84 1401 112 1454 ιιι
135 1396 284 1454 Trinitatis
311 1398 426 1452 nomine
454 1397 648 1468 baptizantur,
682 1412 749 1454 cum
783 1398 819 1454 ad
876 1390 929 1448 tuti
952 1391 1102 1448 vindicant
1116 1392 1170 1448 sibi
1185 1406 1245 1449 tem
1261 1408 1314 1449 nec
1333 1395 1410 1466 juris
1425 1397 1472 1452 sui
1496 1411 1550 1453 nec
1564 1399 1720 1469 potestatis,

79 1502 101 1543 m
125 1486 281 1543 Ecclesiam
303 1486 433 1548 redeunt,
459 1495 510 1543 aut
532 1488 666 1543 unctione
680 1486 817 1543 chrisma·
875 1480 952 1552 quod
967 1494 1019 1537 1108
1035 1495 1087 1537 nec
1102 1489 1198 1537 ratum
1215 1495 1378 1552 possumus,
1395 1499 1447 1541 nec
1466 1484 1629 1558 legitimum
1645 1502 1720 1544 cont·

101 1574 283 1644 impositione
308 1588 411 1630 manus
440 1574 514 1645 [aut]
540 1575 600 1630 sola
620 1575 686 1631 ildei
711 1575 819 1646 proles·
836 1554 857 1609 Β
876 1576 987 1639 putare,
1020 1571 1138 1641 quando
1158 1571 1212 1626 boc
1235 1571 1313 1640 apud
1334 1572 1397 1628 illos
1425 1582 1534 1631 constet
1552 1590 1613 1632 esse
1642 1576 1722 1632 illici·

79 1662 111 1718 ad
145 1661 242 1717 sinum
269 1662 369 1717 matris
404 1662 535 1718 Ecclesiae
567 1671 748 1720 revocentur.
785 1663 820 1719 lii
876 1666 948 1714 tum.
966 1658 1001 1714 Et
1016 1658 1153 1729 quoniam
1169 1673 1255 1730 super
1276 1661 1330 1717 bac
1348 1675 1379 1716 re
1400 1662 1470 1733 quid
1486 1665 1658 1722 sentiremus
1672 1665 1722 1722 tit-

79 1748 185 1806 aeretrci
205 1747 302 1818 quiin
326 1749 475 1805 Trinitatis
496 1749 611 1806 nomine
627 1751 745 1808 minime
769 1751 820 1808 ba·
875 1747 944 1802 teris
964 1747 1069 1805 nostris
1087 1749 1293 1818 expressimus,
1315 1749 1480 1820 exemplum
1507 1753 1666 1811 earundem
1681 1753 1724 1810 lit·

79 1846 131 1904 tur,
153 1838 229 1893 sicut
251 1842 319 1892 sunt
341 1838 489 1893 bonosiaci
512 1839 566 1909 (93)
589 1846 616 1895 ιι
631 1838 821 1912 Catapbrygae
875 1843 1006 1892 terarum
1024 1835 1075 1892 tibi
1097 1835 1172 1903 misi,
1187 1836 1259 1908 quid
1280 1837 1310 1893 in
1333 1839 1465 1906 concilio,
1488 1855 1555 1898 cum
1569 1841 1667 1912 plures
1680 1857 1722 1900 es·

79 1934 93 1982 ι
112 1926 152 1982 illi
168 1926 313 1983 Christum
338 1926 492 1982 Dominum
512 1942 570 1984 uon
585 1928 716 1993 credunt,
731 1936 758 1985 ιι
775 1928 820 1985 isti
875 1937 980 1988 semus,
1007 1923 1203 1995 decrevimus3
1236 1925 1307 1996 quid
1338 1934 1445 1996 postea.
1478 1928 1585 1996 Quinto
1606 1931 1722 2004 collega

79 2030 106 2071 m
142 2014 282 2084 Spiritum
307 2028 440 2084 perverso
464 2029 551 2071 sensu
581 2029 641 2072 esse
661 2017 819 2087 quemdam
875 2018 973 2068 nostro
984 2010 1018 2068 de
1028 2011 1128 2068 eadem
1141 2013 1323 2083 reqoarenti
1333 2016 1576 2087 rescripserimus.
1591 2018 1628 2074 Et
1642 2033 1723 2076 nunc

79 2117 98 2157 n
118 2102 263 2158 bominem
280 2103 447 2159 llontanum
473 2103 603 2160 credunt.
632 2103 760 2168 Quorum
782 2105 819 2160 si·
875 2114 1002 2171 quoque,
1017 2114 1083 2157 cum
1098 2101 1126 2156 iu
1144 2116 1236 2158 uuum
1251 2104 1485 2162 convenissemus
1499 2113 1559 2162 tam
1568 2106 1724 2178 provinciae

79 2199 142 2247 sttui
158 2191 207 2247 alii
234 2191 337 2261 multi3
358 2205 426 2246 cum
450 2192 485 2247 ad
512 2199 641 2248 sanctam
664 2192 821 2249 Ecclesiam
874 2189 949 2246 Asiae
964 2202 1053 2259 quam
1072 2188 1214 2246 Numidiae
1227 2189 1352 2262 episcopi
1377 2192 1491 2262 Lllllll,
1508 2195 1563 2251 boc
1584 2195 1658 2252 idem
1673 2195 1721 2253 de·

79 2288 129 2348 tut,
162 2280 355 2350 baptizantur,
383 2279 452 2350 quia
480 2281 663 2351 baptisumus
685 2296 743 2337 non
768 2281 822 2339 luit
876 2291 935 2333 nuc
956 2278 1098 2334 sententia
1120 2287 1220 2335 nostra
1244 2279 1437 2350 firmavimus,
1457 2286 1614 2340 statuentes
1629 2298 1722 2341 unum

78 2370 108 2425 in
127 2382 223 2425 errore
247 2369 331 2438 positi
356 2369 385 2424 in
409 2377 515 2425 sanctae
540 2369 689 2425 Trinitatis
705 2370 822 2427 nomine
876 2364 1019 2435 baptisma
1032 2380 1103 2434 esse,
1120 2367 1196 2436 quod
1213 2367 1249 2422 sit
1264 2367 1292 2423 in
1307 2368 1432 2425 Ecclesia
1440 2370 1723 2430 catholicamnstitu·

81 2473 96 2514 ι
120 2464 321 2529 perceperunt.
336 2457 394 2513 Nec
418 2464 509 2527 potest
523 2457 617 2527 ipsum
644 2458 822 2529 baptismum
877 2462 950 2523 tum,
970 2467 1004 2511 ac
1022 2469 1071 2526 per
1091 2456 1144 2511 boc
1157 2469 1214 2511 non
1230 2457 1400 2527 rebaptizari
1420 2458 1468 2514 sed
1488 2450 1658 2528 baptizari'a
1673 2473 1722 2515 no·

79 2554 182 2602 tratum
197 2561 205 2617 ;
229 2547 257 2601 in
267 2545 415 2602 Trinitatis
428 2546 544 2602 nomine
560 2561 617 2604 non
631 2555 694 2604 etat
709 2547 820 2605 datum.
878 2543 938 2614 bis3
955 2543 1125 2615 quicunque
1135 2544 1171 2601 ab
1184 2544 1352 2602 adulteraet
1363 2546 1567 2618 prolanaaqna
1577 2548 1723 2605 venientes

79 2651 105 2689 us
143 2635 180 2689 cd
220 2635 343 2689 consulta
374 2636 567 2702 Butqcrortmt,
605 2652 665 2706 cap,
703 2637 753 2692 ιιι
773 2641 823 2693 :n
878 2629 1014 2688 abluendi
1024 2640 1093 2688 sunt
1106 2632 1487 2690 etsauctibcandisalutaris
1497 2648 1582 2706 aquae
1592 2636 1720 2692 veritate.

79 2738 104 2779 m
134 2723 243 2790 ludaeo,
272 2723 388 2780 nescitis
419 2730 519 2780 utrum
547 2723 707 2782 Cbristiano
721 2739 758 2781 au
774 2739 821 2796 pa·
869 2723 944 2796 *item
964 2720 1077 2791 :Longe
1092 2719 1148 2775 alia
1163 2727 1205 2776 est
1216 2720 1293 2791 apud
1310 2721 1459 2778 baereticos
1473 2722 1561 2789 lides3
1580 2722 1722 2780 imouibil

82 2811 187 2869 multos
217 2813 246 2867 in
271 2811 363 2883 patria
387 2821 483 2868 vestra
506 2812 663 2883 baptizatos
683 2814 821 2882 asseritis,
838 2827 862 2887 ρ
877 2817 920 2864 ιιι
934 2808 1009 2878 apud
1026 2807 1089 2864 illos
1103 2808 1160 2864 nisi
1177 2807 1304 2879 perfidia·
1331 2808 1478 2872 Quomodo
1491 2823 1560 2880 ergo
1575 2817 1664 2879 potest
1679 2811 1722 2867 vi·

79 2901 96 2957 d
123 2903 159 2957 sit
180 2902 336 2972 agendum,
362 2901 542 2958 consulitis?
564 2902 598 2957 lli
615 2902 739 2973 prolecto
754 2903 777 2958 si
795 2902 824 2960 in
881 2895 952 2964 deri,
970 2895 1020 2966 qul
1036 2896 1113 2966 apud
1128 2894 1190 2951 illos
1207 2895 1368 2965 baptizatur
1395 2906 1564 2954 consecutus
1578 2911 1639 2954 esse
1655 2913 1723 2970 pec-

79 3004 98 3046 e
132 2997 237 3045 sanctae
263 2989 410 3045 Trinitatis
437 2989 483 3046 vel
509 2997 622 3046 tantum
650 2989 680 3046 in
710 2991 826 3048 nentina
879 2991 1008 3041 catorum
1042 2984 1190 3040 remissam
1215 2992 1243 3040 et
1263 2983 1369 3041 divinae
1388 2984 1575 3056 indulgentia
1600 2988 1723 3058 gratiam

79 3077 95 3146 ι,
115 3077 191 3134 ιιοιι
218 3077 249 3133 ιι
265 3077 385 3134 Actibus
408 3078 604 3149 apostolorum
620 3077 755 3151 legimus,
775 3079 824 3136 ba·
879 3087 930 3143 per
944 3087 1027 3130 suam
1054 3071 1149 3140 iidem,
1179 3072 1230 3144 qui
1250 3072 1341 3144 ipsius
1355 3073 1419 3130 tidei
1443 3089 1501 3130 non
1526 3074 1661 3132 babuerit
1674 3090 1724 3133 ve·

97 3173 166 3222 sunt
180 3166 284 3237 (unum
309 3165 417 3236 quippe
441 3166 574 3238 idemque
587 3174 639 3227 est.
658 3175 688 3224 ut
708 3176 826 3225 sauctus
880 3161 1016 3219 ritatem?
1030 3160 1059 3216 Si
1075 3161 1164 3227 euim,
1186 3160 1262 3218 sicut
1285 3162 1460 3232 quibusdam
1482 3163 1607 3229 videtur,
1624 3178 1726 3221 secum

79 3262 156 3310 istrat
183 3254 376 3323 Ambrosius),
406 3262 517 3311 constat
541 3253 611 3327 [ecs]
643 3255 738 3313 denno
766 3270 825 3313 non
880 3249 1048 3307 dumildem
1073 3263 1158 3305 suam
1182 3251 1249 3320 quis
1276 3250 1405 3320 accipere
1426 3250 1538 3322 aliquid
1562 3260 1646 3308 extra
1673 3253 1723 3310 Ec-

79 3343 261 3414 taptizandos.
285 3344 461 3410 Aucusticus
482 3345 512 3397 tu
544 3345 612 3399 libro
631 3348 669 3400 lle
692 3345 826 3415 baptismo
880 3338 994 3395 clesiam
1020 3339 1125 3407 potuit,
1164 3338 1265 3410 utique
1289 3338 1316 3394 id
1346 3338 1455 3409 accepit
1477 3339 1555 3411 qnod
1585 3340 1724 3412 credidit;

79 3448 111 3487 ue
138 3434 296 3488 Donatistis
322 3447 328 3486 :
354 3431 574 3488 sacramentum
605 3441 646 3489 cst
678 3432 824 3504 baptismi,
880 3426 986 3484 laisum
1001 3433 1097 3483 ιιιιιιι
1125 3427 1243 3482 credens
1265 3441 1369 3483 verum
1388 3427 1519 3498 accipere
1544 3443 1602 3485 non
1623 3429 1725 3499 potuit,

79 3521 160 3578 babet
187 3522 239 3592 qni
263 3521 434 3592 baptizatur.
456 3519 489 3576 Et
510 3529 725 3578 sacramentnm
739 3521 827 3578 dandi
880 3515 928 3573 scd
947 3514 1042 3585 potius
1074 3514 1205 3570 adultera
1232 3523 1261 3571 et
1292 3514 1424 3586 prolana,
1457 3518 1617 3574 secundum
1648 3519 1727 3590 quod

79 3600 169 3664 missi
184 3608 260 3678 quod
278 3602 424 3679 habetqui
443 3607 606 3664 ordinatur.
631 3607 709 3664 sicut
729 3616 827 3665 autem
882 3600 1025 3669 credebat,
1051 3602 1169 3671 accepit.
1196 3604 1285 3667 Quem
1305 3602 1400 3660 locum
1425 3605 1535 3674 prolani
1557 3613 1584 3662 et
1604 3606 1727 3664 adulteri

79 3704 149 3765 atus,
178 3697 201 3752 si
226 3697 261 3752 ab
294 3699 404 3753 unitate
427 3695 584 3764 recesserit,
612 3702 827 3754 sacramentum
882 3689 1017 3760 baptismi
1053 3689 1198 3746 subtiliter
1232 3690 1370 3747 ieremias
1394 3691 1454 3762 (xv,
1475 3694 1518 3760 lt)
1547 3694 1727 3766 perstringit,

79 3785 114 3840 mi
126 3799 182 3842 uon
196 3784 312 3852 amittit,
327 3784 368 3840 sic
386 3785 472 3840 etiam
492 3783 651 3851 ordinatus,
667 3784 690 3840 si
706 3784 743 3840 ab
758 3784 828 3840 uni·
883 3779 999 3836 diceus:
1018 3779 1052 3833 nt
1064 3777 1131 3843 quid
1145 3780 1195 3846 ιιι
1208 3781 1372 3833 contristant
1395 3795 1437 3834 me
1452 3781 1626 3850 praeelecti
1641 3784 1729 3852 ιιοιι

79 3873 218 3941 ecesserit‚
252 3880 466 3929 sacramentum
499 3872 586 3928 dandi
617 3872 752 3943 baptismi
769 3886 828 3929 uon
882 3865 1095 3922 mecsclidcest
1110 3882 1117 3932 ;
1132 3867 1210 3933 [ιιοιι
1233 3871 1273 3920 ιιι
1297 3868 1367 3921 miti
1391 3870 1472 3934 quasi
1499 3871 1727 3940 cccccccccc,

79 3969 95 4018 ι.
122 3961 200 4018 Nulli
223 3961 298 4017 enim
317 3968 496 4017 sacramento
513 3959 621 4032 injuria
635 3959 826 4017 laciendaest.
883 3971 937 4011 noc
954 3954 1056 4010 babens
1074 3954 1165 4024 iidem.
1182 3956 1215 4010 Et
1238 3960 1280 4010 est
1295 3968 1372 4025 aqua
1400 3957 1525 4013 mentiar
1548 3966 1576 4013 et
1600 3958 1728 4027 perlinat

84 4051 277 4115 Quamobrem
306 4050 328 4106 si
349 4047 522 4120 evangelicis
543 4049 639 4106 verbis
658 4048 689 4105 in
712 4049 829 4105 nomine
885 4044 1006 4115 Utique3
1030 4056 1064 4099 ea
1088 4042 1223 4113 baptismi
1250 4042 1405 4113 imaginem
1431 4046 1580 4114 mentitur,
1604 4055 1631 4102 et
1659 4062 1729 4120 gra-

92 4148 119 4196 et
131 4139 195 4195 Tilli
220 4143 248 4195 ct
268 4138 392 4208 Spiritus
410 4137 502 4194 sancti
516 4137 641 4194 llarcion
653 4137 827 4208 baptismum
844 4115 867 4169 D
884 4132 954 4188 tiam
970 4131 1034 4188 ildei
1051 4130 1254 4189 adumbratam
1268 4133 1453 4192 simulatione
1466 4134 1633 4192 frustratur.
1647 4136 1729 4200 Quod

79 4229 178 4295 trabat,
203 4229 348 4298 integrum
363 4235 424 4283 erat
448 4233 674 4294 sacramentum,
695 4224 830 4298 quamvis
885 4221 908 4278 si
924 4219 1084 4276 secundum
1112 4234 1231 4291 pravam
1249 4221 1335 4278 tidem
1356 4222 1495 4294 baptizari
1515 4222 1622 4294 aliquis
1649 4224 1728 4295 loris,

81 4317 139 4384 des,
165 4317 220 4373 sub
243 4316 349 4372 eisdem
365 4315 462 4372 verbis
477 4314 556 4371 aliud
576 4314 721 4385 opinantis
738 4329 827 4386 quam
885 4318 911 4367 ιι
931 4309 1078 4366 remissam
1099 4316 1281 4380 peccatorum
1303 4310 1443 4380 consequi
1467 4311 1562 4382 potuit
1575 4319 1604 4368 et
1626 4325 1729 4370 secun·

84 4407 128 4461 ica
152 4407 252 4461 unitas
279 4404 369 4473 docet,
395 4419 453 4460 non
476 4411 549 4461 esset
576 4404 699 4475 integra,
726 4403 775 4460 scd
790 4403 832 4461 la·
884 4398 955 4454 dum
974 4397 1103 4453 eamdem
1120 4397 1204 4454 iidem
1227 4399 1363 4470 consequi
1377 4408 1405 4455 et
1429 4399 1569 4470 Spiritum
1585 4408 1729 4470 sanctum,

79 4509 91 4550 s
114 4493 290 4550 falsitatibus
315 4492 480 4563 inquinata.
504 4493 711 4550 ltemzblanus
733 4499 830 4550 antem
884 4501 942 4542 nou
966 4494 1007 4542 ιιι
1022 4499 1136 4542 ιιιιιιι
1159 4486 1285 4543 venienti
1308 4501 1427 4544 manum
1452 4488 1571 4560 imponi,
1597 4499 1630 4547 ut
1645 4490 1732 4561 Spiri-

78 4584 126 4640 itio
151 4597 208 4640 non
230 4582 314 4639 sicuti
341 4582 502 4652 baptismus
523 4582 613 4650 repeti
646 4595 702 4637 non
728 4588 829 4651 potest.
885 4586 947 4634 tum
963 4585 1096 4635 sanctum
1118 4588 1312 4650 consequatur
1331 4588 1358 4637 et
1379 4582 1519 4654 signetur.
1536 4585 1597 4641 Aut
1621 4591 1732 4641 utrum·

83 4678 125 4726 est
139 4670 216 4726 enim
235 4669 314 4725 aliud
343 4669 398 4725 nisi
428 4667 519 4724 oratio
548 4659 636 4738 super
658 4667 830 4725 bominem?
885 4680 942 4737 que
970 4666 1048 4723 enim
1067 4666 1122 4723 tide
1143 4681 1197 4723 sua
1213 4668 1282 4725 ioris
1305 4673 1440 4740 consequi
1463 4672 1565 4742 potuit,
1582 4680 1633 4729 aut
1660 4688 1730 4731 neu·

79 4762 157 4815 cretis
183 4760 278 4813 Leonis
291 4771 396 4827 pupae:
417 4756 490 4813 Nam
514 4757 565 4828 qui
582 4756 759 4827 baptismum
779 4770 830 4813 ac·
885 4764 963 4813 trum
988 4755 1093 4813 borum
1117 4756 1169 4827 qui
1192 4757 1285 4829 [ioris]
1299 4759 1385 4840 luerit
1413 4762 1531 4833 accepit.
1549 4762 1730 4821 llanilestum

79 4854 120 4904 ιιι
143 4847 179 4904 ab
210 4845 360 4913 haereticis,
397 4860 464 4901 cum
490 4844 623 4916 baptizati
657 4852 741 4902 antea
772 4858 829 4902 non
885 4853 982 4903 autem
1005 4853 1057 4914 est,
1085 4845 1136 4902 ubi
1165 4854 1192 4902 et
1220 4860 1269 4916 per
1297 4862 1370 4918 quos
1403 4851 1522 4907 remissa
1551 4860 1732 4922 peccatorum

79 4944 112 5004 rt,
142 4936 201 4992 sola
224 4935 348 5005 Spiritus
374 4933 467 4991 sancti
480 4932 660 4990 invocatione
676 4947 727 5003 per
742 4932 831 5004 impo·
884 4935 948 4991 dati
972 4935 1071 5005 possit.
1102 4933 1175 4991 Nam
1196 4936 1277 4991 Petro
1312 4936 1439 5006 primum
1468 4939 1620 5007 Dominus,
1645 4953 1734 5010 super

79 5040 112 5080 im
136 5038 277 5080 manuum
302 5022 494 5078 confirmandi
514 5027 592 5089 sunt,
616 5020 686 5091 quia
708 5020 830 5077 lormam
884 5036 972 5094 quem
991 5021 1144 5079 aediticavit
1168 5022 1324 5080 Ecclesiam
1348 5039 1445 5095 suam,
1466 5026 1555 5092 dedit,
1585 5036 1617 5086 ut
1635 5029 1664 5085 id
1678 5028 1733 5086 sol-

79 5127 96 5170 n
124 5111 255 5183 baptismi
282 5111 344 5186 sine
368 5110 593 5166 sanctificatione
616 5108 736 5165 virtutis
759 5123 831 5179 sup·
884 5116 1000 5165 veretur
1025 5109 1054 5165 in
1083 5109 1172 5177 omlis,
1202 5111 1281 5181 quod
1301 5110 1348 5168 ille
1370 5112 1501 5172 solvisset
1520 5115 1549 5171 in
1573 5117 1667 5174 terris.
1696 5118 1733 5176 Et

80 5209 159 5258 runt.
185 5201 220 5256 Et
245 5200 319 5256 bane
349 5198 480 5269 regulam
502 5203 536 5252 ut
554 5195 624 5253 satis
657 5196 829 5253 servandam
884 5197 1191 5268 posteaaiapostolos
1209 5198 1352 5270 loquitur,
1371 5202 1470 5259 dicens
1487 5220 1494 5258 :
1510 5206 1734 5264 Sicutmisttnu

82 5290 169 5347 nibus
184 5289 378 5361 praedicimus,
395 5294 427 5344 ut
453 5285 539 5343 semel
562 5284 712 5343 lavacrum
730 5284 828 5342 initia·
884 5287 965 5341 Peter
978 5290 1005 5341 et
1017 5301 1066 5355 epo
1082 5287 1161 5342 mitte
1173 5302 1220 5344 uos
1243 5290 1335 5360 iteca.
1366 5304 1417 5359 aa,
1440 5291 1486 5365 at)
1505 5294 1583 5353 unde
1596 5295 1734 5371 intelligi·

96 5469 136 5525 ιιι
156 5469 266 5524 Bonoso
280 5466 404 5537 ejusque
416 5462 534 5521 asseclis
548 5462 586 5520 cl.
600 5461 723 5520 editores
735 5459 829 5520 llaur.
845 5461 881 5519 ad
897 5460 927 5517 b.
944 5461 966 5517 1.
984 5460 1030 5534 (tt,
1050 5463 1135 5535 litt).
