3804 5962
288 198 293 209 ’
344 203 483 265 nubet.
504 205 609 266 ibren
628 207 848 282 eulbosoelt,
867 211 1014 270 JUBAEU!
1032 213 1079 271 ΕΤ
1097 213 1294 273 cbnlstiart.
1636 224 1703 281 totu

104 331 237 388 bostiam
260 331 292 388 ist
315 332 414 403 templo
434 339 602 404 conoberto,
618 338 749 393 Dominus
771 340 802 393 itt
816 337 841 394 Α
855 354 896 395 mo
910 345 1032 410 sospes
1055 340 1177 398 nondum
1205 343 1277 398 enin
1295 343 1406 400 osoeodi
1427 343 1465 401 ud
1487 346 1595 402 Polreot
1615 334 1704 404 muso

81 419 126 476 der
147 421 207 490 eius
231 420 316 492 (Psoi.
344 435 385 491 ιι,
415 423 453 492 4),
482 437 515 480 eo
543 424 622 496 quod
644 425 723 496 ipsis,
750 426 802 498 qni
855 429 945 499 (loon.
961 444 1014 498 xx,
1032 433 1085 498 ll).
1105 429 1273 487 'inncenim
1289 439 1430 502 tanquam
1444 432 1473 490 in
1487 434 1564 491 nube
1580 435 1617 492 ab
1630 450 1702 494 ocu·

81 508 157 566 eritis
176 509 317 578 celsiores,
344 511 496 582 praesideat
519 522 548 571 et
576 514 660 586 quasi
683 515 713 571 in
738 528 801 585 pro·
855 517 890 576 lis
918 519 1069 576 bominum
1094 519 1259 577 sustollitur
1272 518 1403 578 cbristus
1429 522 1467 578 ad
1481 523 1598 593 omium,
1611 532 1646 582 ut
1664 525 1703 582 ad

81 612 126 655 mo
145 602 173 656 el
201 600 308 670 templo
327 600 381 657 sibi
403 601 581 659 sanctificato
596 602 642 674 (46
662 602 693 657 ll.
717 603 727 674 )
751 618 802 675 per
854 605 1000 664 dexteram
1016 606 1108 664 Patris
1122 605 1254 675 resideat,
1277 608 1396 679 quando
1410 609 1614 680 predicatione
1629 625 1702 670 san·

98 685 247 743 inhabitet.
271 686 409 745 carnales
425 690 619 747 veroauimas
638 705 705 762 quae
718 691 802 749 vide-
854 699 967 750 ctornm
981 693 1019 751 ab
1034 701 1154 765 aspectu
1176 693 1325 752 laboriose
1348 694 1417 752 vite
1434 696 1612 766 subtractus,
1632 712 1705 769 prae-

81 775 175 832 rrenis
207 783 235 832 et
260 775 366 832 infimis
387 777 501 835 initiant
534 779 692 848 desideriis,
717 780 802 852 qnasi
854 779 970 839 dicatur
995 781 1036 838 ita
1056 773 1206 854 ingloria
1232 782 1419 851 sublimatus,
1447 791 1480 842 ut
1506 785 1584 842 Patri
1609 800 1704 845 corre-

81 877 110 919 m
127 862 248 933 pedibus
267 864 428 932 conculcat,
454 867 524 937 quia
547 882 595 925 eos
620 883 694 940 quos
709 868 801 940 despi-
854 869 970 940 gnando
989 872 1097 941 pariter
1120 871 1265 927 universis
1285 871 1407 942 imperet
1424 879 1453 930 et
1472 880 1614 946 unquam
1628 889 1705 933 coae-

80 951 107 1007 td
127 965 157 1008 se
184 951 409 1010 misericorditer
430 954 546 1021 attollit,
569 963 710 1028 tanquam
731 957 800 1014 inle·
854 958 950 1028 qualis
965 959 1141 1026 substantia,
1169 958 1213 1018 vel
1238 959 1329 1017 Filius
1351 975 1436 1033 esque
1454 961 1623 1022 dominetur
1645 979 1705 1023 om·

82 1039 196 1098 relictos
217 1042 320 1111 premit
345 1048 374 1098 et
400 1042 597 1100 conculcando
626 1045 747 1101 conterit
774 1051 803 1102 et
854 1046 953 1104 nibus.
969 1049 1050 1114 Quod
1065 1062 1134 1106 vero
1153 1049 1189 1106 de
1211 1048 1364 1119 splendore
1385 1049 1518 1110 lunaevel
1544 1051 1613 1110 solis
1626 1055 1704 1112 mul·

80 1143 86 1184 t
109 1129 260 1200 pulverem
279 1128 453 1187 dissolutum
478 1131 593 1204 redigit.
619 1133 691 1189 cunr
720 1146 800 1205 ergo,
853 1135 1011 1207 tiplicando
1029 1137 1186 1209 subjecisti,
1208 1145 1350 1209 tanquam
1373 1139 1562 1211 corporaliter
1584 1141 1646 1200 fleri
1666 1143 1704 1201 ad

80 1217 223 1285 lominus,
246 1217 298 1289 qui
323 1218 352 1274 in
371 1233 462 1276 manu
485 1219 568 1276 lactis
586 1234 644 1277 non
661 1221 802 1279 babitoet
854 1223 984 1282 luturam
1011 1224 1234 1293 beatitudinem,
1257 1226 1339 1284 laoile
1356 1229 1704 1289 esttamexanctoritate

80 1304 207 1362 silentem
221 1306 251 1362 in
280 1306 387 1365 sanctis
414 1308 571 1365 animabus
592 1309 723 1366 babitare
743 1308 800 1380 (ot)
854 1311 946 1383 ipsius
960 1313 1132 1383 propbeta,
1160 1313 1213 1385 qni
1228 1313 1299 1372 illud
1330 1314 1414 1384 dixit,
1430 1330 1520 1388 quam
1541 1331 1579 1374 ex
1593 1317 1704 1375 ratione

84 1401 112 1451 et
132 1402 211 1452 tanto
237 1395 381 1466 despectui
405 1397 537 1454 carnales
557 1406 586 1455 et
607 1406 734 1456 terrenos
748 1399 801 1455 ba·
854 1400 1008 1458 manilesta
1021 1401 1124 1459 relelli.
1150 1402 1293 1460 Dominus
1315 1403 1424 1475 quippe
1444 1406 1630 1478 postmodnm
1653 1419 1703 1477 per

83 1482 205 1552 omines,
227 1497 281 1541 cur
306 1485 378 1541 mibi
398 1487 505 1543 terreni
519 1485 634 1544 aedilicii
653 1501 727 1559 quas
751 1501 799 1544 ne·
853 1488 988 1545 eumdem
1002 1490 1107 1546 isaiam
1127 1491 1164 1548 ad
1188 1491 1417 1563 Hierosolymam
1440 1493 1603 1565 loquenset
1619 1494 1645 1551 ei
1659 1492 1704 1552 lu·

80 1585 105 1628 nr
126 1579 295 1630 construere
319 1573 439 1630 domum
463 1576 603 1647 quaeritis,
618 1584 647 1633 et
666 1589 726 1633 non
747 1589 801 1647 po-
816 1616 838 1673 n
855 1583 928 1633 ture
942 1577 1010 1634 vite
1023 1578 1182 1637 claritatem
1207 1580 1388 1651 promittens,
1412 1581 1452 1639 ait
1467 1597 1475 1638 ε
1491 1582 1558 1638 Noa
1576 1587 1630 1639 orit
1652 1583 1704 1640 iiii

80 1660 111 1717 1d
132 1661 322 1733 vosmetipsos
340 1662 460 1719 domum
475 1662 545 1720 mibi
560 1663 720 1735 spiritalem
734 1666 798 1722 cdi·
857 1667 977 1736 amplias
997 1668 1039 1723 eol
1052 1668 1246 1725 odlooeodum
1260 1669 1405 1740 perdicto,
1419 1685 1467 1727 otoo
1483 1671 1616 1742 splendor
1631 1675 1704 1730 lustu

89 1746 222 1821 alioquin
241 1764 323 1807 cassa
337 1759 379 1808 est
395 1751 569 1824 significatio
589 1753 687 1824 templi
703 1753 800 1811 visibi·
856 1755 1027 1813 illuminabit
1049 1763 1085 1824 te,
1107 1758 1156 1813 scd
1179 1760 1231 1814 etit
1251 1761 1382 1816 domium
1397 1762 1427 1814 in
1455 1762 1541 1817 lacera
1562 1763 1701 1833 sempiter·
1780 1790 1787 1803 .

80 1838 211 1895 tvisibilis
237 1839 320 1896 desit.
348 1840 420 1897 Cum
440 1840 539 1912 itaque
557 1842 663 1899 coelum
684 1841 730 1899 vel
753 1856 801 1900 re-
856 1851 960 1901 comet
983 1849 1054 1903 ileos
1072 1851 1136 1903 taus
1149 1848 1180 1902 ist
1205 1849 1323 1917 plocium
1349 1855 1435 1904 tuom.
1460 1851 1521 1906 Non
1539 1851 1641 1907 occidet
1655 1852 1703 1907 ul·

80 1927 198 1985 uelorum
221 1928 352 1986 luturam
376 1929 584 1986 beatitudinem
600 1929 685 1987 audis
699 1930 801 2002 appel·
855 1935 900 1987 tro
927 1933 968 1988 rol
991 1939 1055 1989 tuus
1082 1939 1109 1990 et
1140 1933 1207 1990 lano
1240 1939 1289 1991 tuo
1310 1950 1365 1992 oon
1394 1938 1534 1993 minuetur
1562 1938 1623 1994 tibi.
1648 1937 1703 1996 sod

80 2016 245 2074 blimitatem
269 2018 375 2075 luturae
396 2021 463 2075 vitae
485 2021 578 2090 magis
595 2033 685 2092 quam
699 2034 799 2091 corpo·
855 2022 986 2077 Dominus
1008 2025 1061 2078 erit
1081 2024 1132 2079 tibi
1157 2025 1188 2079 ia
1215 2025 1300 2080 lucem
1324 2027 1519 2095 sempiternom
1536 2031 1563 2082 et
1588 2029 1701 2098 comple-

79 2104 127 2162 oeli
148 2105 313 2176 positionem
340 2106 475 2178 intellige,
501 2122 590 2179 quam
611 2109 697 2165 etiam
723 2123 799 2165 non·
855 2109 959 2165 buntur
972 2111 1030 2167 dies
1046 2113 1134 2168 luctus
1159 2114 1201 2167 tui
1222 2113 1364 2182 :popolus
1381 2119 1472 2170 cutem
1493 2120 1557 2172 tuus
1579 2118 1635 2184 (66.
1656 2115 1700 2188 V.)

79 2208 105 2250 m
133 2194 249 2251 nomine
281 2203 364 2251 terre
389 2206 504 2268 propter
528 2197 712 2255 stabilitatem
735 2198 800 2270 ejns
853 2213 942 2254 omnes
971 2199 1046 2269 jiasti
1075 2200 1275 2257 maculabunt
1313 2207 1425 2270 mom,
1458 2210 1511 2261 etc.
1550 2204 1621 2276 (iso.
1650 2218 1699 2274 nx,

82 2285 198 2340 nomine
224 2284 289 2341 ooeli
304 2293 422 2356 propter
444 2285 537 2356 ipsius
548 2285 717 2358 dignitatem
732 2300 797 2343 con-
856 2288 958 2359 lli-tl).
978 2287 1047 2355 Quae
1070 2296 1114 2346 est
1139 2289 1194 2346 ista
1216 2297 1305 2357 terra,
1329 2291 1366 2348 ab
1388 2291 1444 2358 bis,
1470 2291 1521 2364 qui
1546 2293 1576 2349 ln
1601 2307 1700 2365 perpe·

79 2373 192 2444 signari.
221 2373 302 2431 Unde
327 2383 356 2430 et
383 2374 566 2431 Psalmista:
597 2375 680 2431 credo
707 2375 800 2431 sidero
854 2383 938 2434 tuum
959 2376 1032 2448 insti
1053 2377 1111 2434 sint
1138 2378 1338 2436 haereditanda
1363 2387 1392 2437 et
1416 2381 1569 2451 prasentia
1593 2381 1701 2439 divinae

81 2463 283 2517 miniinterra
304 2467 453 2518 essentiam
476 2464 561 2534 (Psol.
583 2477 672 2531 xxtn,
696 2465 799 2535 ll);et
853 2464 1002 2534 claritatis,
1039 2473 1181 2538 unquam
1215 2467 1284 2536 sole,
1314 2468 1366 2540 qni
1398 2482 1552 2541 nunquam
1576 2469 1699 2540 occidat,

79 2550 203 2607 cuiatem
231 2550 290 2621 ipse
314 2551 455 2608 Dominus
478 2559 539 2623 post
561 2553 798 2610 resurrectionem
852 2554 1056 2623 illuminanda,
1088 2556 1144 2611 nisi
1180 2555 1230 2612 illa
1261 2557 1367 2614 lutura
1402 2557 1590 2615 beatitudinis
1620 2566 1700 2616 aster·

79 2638 131 2696 luis
150 2638 280 2696 iuturam
294 2639 501 2697 beatitudinem
524 2642 715 2712 promittens:
731 2643 799 2698 liceo
852 2642 953 2700 nitas?
966 2641 1036 2709 Quae
1052 2641 1178 2713 prolecto
1198 2644 1324 2714 claritas,
1344 2658 1412 2702 cum
1425 2650 1508 2701 tanta
1521 2646 1568 2710 sit,
1586 2651 1620 2702 ut
1634 2645 1700 2703 nul.

78 2727 142 2798 pult,
167 2730 289 2798 operiam
315 2730 432 2784 mmulos
460 2735 562 2785 cestros
574 2736 601 2785 et
619 2731 733 2786 educam
750 2746 797 2787 ooo
852 2730 882 2788 lo
896 2732 933 2788 ad
949 2729 1176 2788 illuminandum
1188 2739 1270 2804 egeat
1289 2731 1468 2803 adjumento,
1491 2740 1566 2791 recte
1581 2733 1623 2790 sol
1647 2734 1701 2792 iste

79 2817 143 2872 turis
156 2821 264 2885 cestris,
277 2819 398 2888 populus
417 2834 493 2875 meas
508 2821 553 2874 :el
567 2819 696 2875 indacum
709 2821 798 2876 cosin
852 2819 977 2891 amplius
1014 2819 1199 2877 illuminandi
1230 2819 1358 2877 olilcium
1383 2820 1534 2878 admittere
1579 2821 1698 2892 dicitnr,

79 2905 165 2973 'ercet
187 2911 213 2962 et
227 2909 394 2976 requiescere
407 2923 453 2963 oos
472 2909 574 2975 sociem
590 2924 672 2980 super
685 2910 798 2965 dumam
814 2961 836 3020 c
853 2918 1008 2981 postquam
1023 2908 1157 2966 videlicet
1177 2922 1235 2966 non
1246 2908 1308 2982 jam
1328 2909 1477 2977 animales,
1493 2909 1542 2966 sed
1557 2909 1700 2981 spiritales

93 2993 202 3065 (buci.
229 3008 345 3064 xxxin,
373 2999 415 3064 ii,
440 2996 494 3067 lt).
516 2997 597 3065 Quod
622 3006 719 3055 aulem
741 3000 796 3055 llo·
852 2996 944 3054 ellecti
967 2996 1040 3055 illud
1060 2996 1256 3068 experiemur,
1272 2997 1350 3068 quod
1366 2996 1547 3068 praemissum
1561 3006 1604 3055 est
1620 3012 1699 3056 men-

79 3090 168 3140 toster
189 3084 320 3140 cbristus
333 3085 496 3155 corporales
510 3085 596 3143 coelos
610 3087 797 3157 corporaliter
851 3099 921 3144 sura
942 3085 1076 3155 bominis,
1092 3100 1159 3156 qum
1182 3094 1209 3143 et
1227 3085 1332 3158 angeli.
1356 3084 1426 3152 Quis
1441 3085 1567 3158 denique
1586 3086 1700 3158 ignoret

79 3171 153 3229 iliter
174 3174 312 3240 ascendit,
336 3189 393 3231 nou
413 3175 477 3245 ejus
492 3176 601 3247 gloriae,
619 3176 648 3232 in
663 3191 723 3247 quo
739 3177 794 3248 ple·
850 3173 963 3230 minora
987 3173 1146 3230 luminaria
1181 3174 1325 3244 majorum
1352 3172 1483 3244 apposita
1514 3171 1580 3231 luce
1602 3175 1699 3232 statim

79 3260 240 3318 divinitatis
261 3262 448 3333 corporaliter
478 3264 632 3334 inhabitat,
657 3266 707 3322 sed
729 3266 795 3323 lidei
849 3260 1042 3329 obtenebrari,
1058 3269 1109 3318 aut
1123 3261 1253 3334 vigorem
1264 3261 1383 3333 perdere
1395 3261 1601 3319 illuminandi?
1617 3262 1699 3328 Quod

80 3347 206 3420 praeluit.
232 3350 286 3415 Qui
307 3364 376 3423 ergo
403 3353 485 3423 prins
506 3353 613 3410 clausis
633 3353 732 3425 januis
759 3354 795 3411 ad
851 3350 941 3429 igitur
961 3351 1090 3408 oldcium
1109 3350 1293 3407 illuminandi
1316 3349 1434 3407 lux‘ibi
1449 3364 1588 3421 corporea
1611 3351 1699 3423 possit

79 3450 104 3492 ss
128 3437 263 3495 intrando
277 3440 542 3497 resuscitandorum
556 3455 709 3512 corporum
725 3443 795 3500 sub·
849 3437 967 3505 babere,
987 3438 1038 3495 ubi
1061 3438 1170 3496 divinae
1189 3439 1328 3496 claritatis
1349 3437 1500 3510 prasentia
1524 3440 1565 3496 sic
1586 3439 1699 3496 illumi·

79 3549 92 3595 t,
108 3540 167 3597 qua
191 3526 323 3585 videlicet
337 3536 442 3585 cuncta
461 3536 612 3600 penetrare
625 3539 744 3601 queant,
758 3545 795 3588 ex
849 3526 931 3583 nabit
948 3527 1115 3583 abscondita
1133 3526 1330 3593 tenebrarum,
1353 3534 1385 3584 ut
1409 3527 1472 3598 ipsa
1490 3529 1577 3587 etiam
1601 3528 1698 3586 mani-

79 3627 97 3670 a
126 3616 336 3673 resurreclione
365 3625 584 3684 monstraverat,
612 3620 794 3688 postmodum
848 3614 930 3672 lestet
943 3615 1062 3671 consilia
1084 3615 1225 3671 cordium.
1250 3615 1381 3673 Videmus
1397 3632 1482 3683 nuno,
1504 3616 1602 3689 inquit
1620 3621 1699 3688 Apo·

89 3705 256 3761 asoensioue
283 3718 337 3761 sua
371 3713 481 3762 tantam
510 3707 639 3777 ipsorum
664 3706 795 3766 luturam
849 3703 948 3772 stolus,
963 3718 1014 3773 per
1043 3704 1183 3773 speculum
1205 3707 1273 3759 etin
1296 3706 1449 3774 scismate,
1466 3711 1531 3762 tuno
1547 3711 1639 3762 cutem
1653 3708 1696 3774 fo-

78 3805 93 3847 n
116 3792 263 3860 exhibuit,
284 3801 318 3850 ut
333 3795 507 3851 terrenitatis
530 3795 614 3864 mole,
639 3809 699 3867 qua
714 3796 795 3866 prius
849 3794 888 3849 cie
910 3791 1078 3860 adsedem.
1105 3793 1183 3850 Nunc
1202 3807 1330 3860 oopnosco
1353 3809 1387 3849 oa
1405 3798 1497 3863 porte,
1522 3798 1586 3850 tunc
1607 3799 1698 3849 cutem

80 3888 160 3950 nlur,
199 3883 274 3939 sicut
313 3884 521 3954 scriptumest
550 3899 558 3939 ι
587 3886 695 3955 cupos
723 3883 796 3956 quod
848 3895 1008 3951 oopnoscoot
1026 3884 1099 3936 suot
1117 3882 1240 3949 sopanus
1258 3896 1319 3937 aaut
1334 3881 1358 3951 (Ι
1378 3882 1438 3940 Gor.
1459 3895 1522 3951 xm,
1549 3883 1603 3953 ll).
1623 3883 1697 3939 l'nm

90 3968 137 4040 ll.)
157 3973 350 4041 commpitor,
366 3977 500 4040 opprcoot
520 3973 730 4043 onimomlsop.
751 3987 792 4043 tx,
849 3971 957 4044 quippe
980 3968 1103 4042 perlecto
1126 3976 1196 4027 tnnc
1217 3970 1367 4028 verissime
1389 3976 1494 4028 cuncta
1516 3984 1697 4042 cognoscun-

78 4070 172 4128 onam
187 4058 310 4117 ulterius
324 4059 381 4133 (63)
409 4061 616 4132 propediantur
629 4062 792 4131 ascendere,
848 4067 907 4130 tur,
927 4074 945 4117 a
973 4059 1066 4128 nobis,
1088 4059 1164 4116 sicut
1181 4066 1209 4117 et
1220 4059 1257 4116 ab
1276 4058 1390 4132 angelis
1413 4074 1466 4132 per
1479 4059 1578 4117 oculos
1590 4060 1695 4130 cordis,

78 4160 192 4218 cunque
215 4149 319 4206 animae
344 4150 436 4207 velint
454 4152 516 4207 sine
539 4151 600 4207 ulla
624 4149 794 4209 dilllcultate
848 4148 900 4206 ubi
920 4148 1052 4206 omnium
1074 4162 1225 4217 sensuum,
1252 4148 1384 4206 omnium
1410 4149 1696 4207 administrationum

78 4249 91 4292 n
112 4237 274 4294 translemi.
295 4237 376 4305 Quod
398 4247 494 4296 tamen
518 4239 554 4296 ad
573 4238 721 4297 dexteram
737 4241 794 4296 Pa·
809 4241 832 4299 Il
848 4238 1002 4295 cessabunt
1023 4236 1127 4304 oldcia,
1148 4251 1215 4294 cum
1230 4237 1285 4295 erit
1300 4239 1378 4295 bens
1391 4238 1489 4295 omnia
1505 4239 1535 4296 in
1548 4238 1694 4296 omnibus.

78 4338 136 4382 tum
154 4327 353 4384 conscendisse
369 4337 557 4398 memoratur,
573 4329 615 4386 sic
628 4344 681 4386 neo
695 4329 794 4398 dextra
848 4328 920 4400 Eius
945 4327 1053 4399 quippe
1076 4326 1150 4384 visio
1175 4329 1216 4384 sio
1238 4327 1375 4384 omnibns
1398 4328 1504 4385 nostris
1526 4327 1696 4399 peremnia

78 4413 240 4487 ntelllgilnr
267 4418 435 4486 corporalis,
463 4420 502 4476 ita
534 4433 587 4476 neo
611 4419 665 4475 ista
693 4419 792 4488 sessio,
847 4415 1001 4474 satislaciet
1024 4416 1180 4484 desideriis,
1207 4423 1241 4473 ut
1272 4415 1334 4487 ipsa
1356 4430 1407 4486 per
1431 4430 1461 4473 se
1490 4417 1588 4473 omnia
1612 4416 1695 4473 nobis

78 4503 199 4559 el’ater
219 4503 326 4571 sedeat,
348 4512 390 4561 est
417 4504 515 4562 localis
535 4506 647 4576 pssitio,
670 4508 719 4564 sed
743 4521 794 4578 per
847 4504 985 4573 conlerat,
1012 4518 1080 4576 que
1111 4517 1186 4561 verse
1215 4502 1389 4560 beatitudini
1418 4510 1488 4559 sunt
1516 4503 1691 4564 necessaria.

83 4599 125 4647 ter
139 4605 206 4648 cum
225 4594 307 4649 Patre
326 4593 494 4650 dominandi
509 4598 633 4664 potestas
647 4603 674 4652 et
688 4609 793 4666 aequa·
846 4595 910 4663 lpsa
933 4591 982 4648 illa
1001 4592 1111 4648 divine
1133 4590 1290 4663 majestatis
1312 4590 1383 4647 visio
1407 4591 1490 4648 nobis
1503 4592 1558 4648 erit
1581 4591 1634 4649 lux
1647 4593 1693 4648 in·

78 4687 125 4735 tas
139 4681 323 4750 exprimitur,
341 4696 407 4739 cnm
422 4682 448 4738 ei
466 4681 669 4740 collateraliter
688 4697 706 4740 a
724 4683 793 4740 dox-
845 4681 990 4749 deliniens,
1021 4680 1158 4737 sanctitas
1185 4692 1310 4748 summa,
1340 4680 1423 4751 quies
1453 4688 1600 4751 perpetua,
1635 4694 1694 4752 pax

78 4769 204 4825 usedisse
237 4770 351 4839 dicitur,
383 4770 461 4841 qnod
487 4771 606 4842 quidem
635 4771 732 4828 sedere
754 4772 791 4828 ad
845 4784 959 4827 omnem
983 4783 1100 4827 sensum
1123 4782 1312 4839 exsuperans,
1329 4782 1414 4826 omne
1429 4769 1692 4840 deniquebonum,

78 4870 94 4912 n
122 4872 189 4913 cum
212 4860 397 4930 corporaliter
430 4861 466 4916 ad
486 4861 610 4917 litteram
634 4869 710 4917 stare
733 4875 791 4918 non
844 4859 938 4916 omnis
965 4859 1069 4927 virtus,
1100 4871 1185 4914 omne
1208 4857 1360 4928 gaudium.
1387 4859 1459 4914 Cum
1490 4857 1588 4928 itaque
1616 4858 1694 4914 Deus

77 4945 106 5002 id
120 4962 247 5018 quoque,
270 4949 348 5021 quod
377 4949 412 5006 de
435 4949 577 5020 corporali
604 4951 667 5021 ejus
687 4963 791 5006 ascen·
844 4948 1007 5007 eritomnla
1021 4948 1052 5003 in
1080 4945 1226 5027 omnibus,¹
1240 4953 1354 5003 constat
1366 4953 1446 5014 tuno,
1460 4952 1493 5002 ut
1513 4945 1594 5003 idem
1611 4946 1695 5018 Apo-

78 5037 251 5106 rmmittitur,
278 5039 414 5110 quamvis
438 5039 467 5095 in
487 5052 518 5095 re
538 5039 577 5094 ita
604 5038 791 5109 corporaliter
843 5037 934 5094 stolus
958 5037 1039 5098 dicit,
1065 5050 1180 5093 omnem
1203 5035 1340 5092 evacuari
1370 5035 1564 5106 principatum
1594 5043 1623 5091 et
1643 5048 1693 5106 po·

78 5139 120 5192 m,
137 5128 293 5198 quemdam
308 5132 403 5184 lamen
419 5130 483 5199 ejus
499 5141 650 5184 ascensum
664 5127 694 5184 in
709 5142 789 5185 men·
844 5133 975 5183 testatem
1003 5123 1071 5199 (64),
1089 5139 1158 5182 cum
1169 5125 1231 5196 jam
1259 5123 1392 5181 videlicet
1412 5122 1474 5180 sola
1489 5122 1539 5179 illa
1564 5121 1623 5196 [sit]
1641 5137 1693 5193 per

77 5213 165 5270 elium
188 5214 335 5272 meliorem
357 5216 499 5288 designat.
523 5215 564 5274 Ile
578 5231 637 5288 quo
656 5216 790 5273 videlieet
843 5215 1024 5285 sentetipsam
1051 5212 1249 5285 principaliter
1274 5219 1406 5284 potestas,
1435 5226 1501 5284 qnae
1525 5212 1634 5282 omnia,
1658 5220 1692 5270 ut

84 5301 143 5373 ipse
166 5304 203 5360 ad
227 5305 347 5363 Mariam
373 5305 435 5377 jam
463 5312 550 5363 antea
573 5305 689 5363 dixerat
704 5320 712 5361 ι
725 5306 790 5365 Noli
843 5303 953 5361 dictum
967 5310 1021 5371 est,
1049 5302 1126 5360 bona
1151 5317 1203 5375 per
1228 5315 1289 5360 suu
1304 5299 1441 5358 visionem
1457 5301 1691 5372 prasentieom-

77 5427 129 5504 tnj.
146 5445 154 5485 ι
171 5427 290 5487 bobilam
301 5431 487 5489 seubobeom.
844 5428 938 5498 urica
948 5442 983 5558 8

77 5507 124 5559 ιιι.
148 5502 205 5574 leg.
223 5516 231 5559 t
246 5516 302 5560 ooo
311 5502 510 5578 propitientur,
525 5508 724 5578 outausouom
747 5503 789 5561 tol-
878 5500 936 5573 (64)
968 5499 1004 5556 ol.
1014 5498 1050 5570 11,
1068 5499 1111 5570 lt,
1124 5497 1289 5572 llcspoliosts
1299 5497 1485 5571 priotoipolua.
