3804 5962
107 202 155 256 stt

374 198 476 255 PETRI
495 201 681 258 ABAELARDI
702 199 779 259 OPP.
800 203 889 259 PARS
906 204 957 259 ill.
974 228 1009 244 ·-
1021 201 1241 260 mintucius
1260 203 1303 258 ET
1323 201 1584 259 ruinosoputca.

1800 204 1851 258 itta

104 340 174 400 ergo
188 326 314 397 pretium
328 333 461 384 nostrum
475 325 649 396 sanguinem
666 326 778 385 Christi.
807 329 888 387 Unde
903 332 950 388 do·
966 327 992 384 A
1006 330 1150 402 sanguiue
1164 329 1316 386 immundo
1331 328 1438 386 sedere.
1456 349 1467 379 ι
1486 328 1679 398 Hieronymus
1692 327 1722 383 in
1735 327 1853 397 epistola

104 430 159 475 uec
171 415 252 473 iesus
265 414 394 482 daretur,
412 415 607 473 necessarium
621 415 676 474 luit
689 431 739 477 eos
752 418 802 490 qui
820 418 953 477 institue·

106 504 215 562 bantur
229 502 258 560 in
270 502 332 574 lege
346 516 587 574 unumquemque
598 518 649 575 pro
664 519 694 561 se
709 505 745 561 ad
765 507 952 564 imitationem

106 592 263 666 quamdam
290 592 398 649 iuturee
420 592 624 662 redemptionis
663 595 836 667 sanguinem
866 612 953 654 suum

107 683 186 739 dare.
198 681 234 736 Et
245 688 394 751 propterea
417 695 479 749 nos,
505 695 555 751 pro
576 682 684 753 quibus
713 684 887 755 completum
912 695 954 743 est

108 769 232 843 pretium
265 770 417 841 sanguinis
444 771 560 838 Christi,
590 786 648 828 non
678 787 790 830 necesse
814 775 954 832 babemus

108 858 257 931 pronubis
292 859 418 929 pretium
442 860 618 930 sanguinem
644 861 875 920 circumcisionis
912 865 955 921 ol-

80 949 192 1007 ·lerre.
218 947 246 1004 Si
266 962 336 1020 ergo
348 948 492 1018 culpabile
515 949 633 1006 videtur
648 951 725 1021 quod
754 953 831 1009 licus
856 953 955 1011 inierri

106 1039 190 1112 iubet
212 1037 382 1105 infantibus,
405 1037 460 1094 boc
475 1038 562 1094 ctiam
588 1038 620 1093 in
638 1037 751 1095 Christo
766 1039 874 1097 iactum
894 1042 955 1099 cul·

110 1127 223 1199 pabitis,
241 1127 331 1198 quiet
344 1126 536 1183 circumcisus
563 1134 615 1194 εει,
632 1135 659 1185 ει
679 1143 746 1184 curn
761 1131 856 1186 crucis
872 1144 957 1200 puna

109 1216 281 1289 sanguinem
308 1215 421 1272 eiiudit.
450 1215 531 1282 Quod
542 1229 610 1273 vero
632 1216 861 1276 circumcisionis
888 1220 955 1278 bor·

111 1321 176 1364 rore
190 1305 315 1362 dillicilis
332 1305 368 1360 ad
383 1304 552 1377 religionem
581 1305 697 1364 videtur
720 1320 862 1376 accessus,
884 1309 957 1366 dilii-

110 1397 195 1454 cilius
209 1394 300 1452 multo
312 1394 459 1451 videbitur
479 1394 628 1466 ingressus
649 1395 685 1452 ad
705 1397 908 1470 Evangelium,
924 1406 958 1455 ut

1008 420 1044 476 ad
1059 421 1220 476 Romanos:
1236 418 1409 485 «Quaeritur
1424 431 1515 489 quare
1530 416 1598 472 data
1619 417 1656 472 sit
1670 416 1852 473 circumcisio

1007 508 1033 565 si
1053 523 1103 580 per
1117 523 1146 565 se
1161 523 1220 564 non
1234 507 1355 578 prodest.
1376 506 1507 562 Primum
1524 512 1555 561 ιιι
1571 512 1778 576 agnosceretur
1806 506 1853 560 liei

1009 598 1135 669 populus
1155 598 1228 653 inter
1243 604 1360 668 gentes:
1396 594 1513 665 quando
1541 594 1593 650 soli
1618 603 1701 650 erant
1717 595 1746 650 in
1761 608 1855 650 eremo

1009 687 1175 744 circumcisi
1209 701 1267 742 non
1296 686 1432 754 luerunt3
1448 685 1508 740 sive
1537 691 1569 740 ut
1587 697 1710 752 corpora
1736 683 1853 740 illorum

1009 783 1251 848 cognoscerentur
1267 775 1296 830 in
1312 774 1394 830 bello.
1421 774 1494 830 Nam
1510 773 1587 844 quod
1607 774 1637 828 in
1662 772 1711 828 tali
1728 773 1853 829 membro

1009 867 1151 938 signatur,
1181 866 1240 920 baec
1259 869 1414 930 causaest,
1434 863 1562 933 primum
1584 877 1620 919 ne
1647 862 1728 918 aliud
1762 875 1852 918 mem-

1010 955 1096 1012 brum
1118 961 1169 1011 ant
1183 953 1275 1010 debile
1290 954 1340 1010 liat
1350 960 1400 1009 aut
1415 959 1510 1022 turpe,
1530 952 1608 1022 quod
1639 950 1753 1020 publice
1773 951 1854 1007 vide-

1010 1044 1239 1102 tur.»ltem:«
1274 1043 1392 1111 Propter
1413 1040 1514 1111 gratim
1552 1040 1783 1109 promissionem,
1825 1040 1853 1094 in

1011 1147 1071 1205 qua
1085 1140 1145 1189 erat
1161 1146 1211 1202 per
1223 1132 1382 1188 castitatem
1398 1129 1580 1199 placendum,
1596 1129 1656 1184 sive
1671 1137 1701 1185 ut
1725 1128 1856 1184 Christus

1011 1221 1226 1296 significaretur
1239 1234 1275 1277 ex
1290 1221 1353 1290 ejus
1365 1219 1473 1275 semine
1501 1218 1677 1284 nasciturus,
1705 1231 1799 1288 usque
1821 1217 1854 1271 ad

1012 1312 1207 1384 quemlutura
1223 1318 1284 1366 erat
1301 1310 1356 1365 ista
1395 1308 1532 1373 carnalis,
1575 1309 1647 1377 quia
1673 1305 1854 1377 spiritualem

1012 1398 1259 1466 babebatallerre,
1276 1398 1361 1469 cujus
1377 1404 1478 1467 typum
1498 1411 1600 1467 gerens
1614 1397 1681 1452 iesu
1700 1395 1789 1461 Nave,
1805 1394 1855 1465 qui

46 1529 48 1533 ,
111 1498 170 1541 non
182 1483 440 1554 partemexignam
455 1485 594 1553 corporis,
617 1486 666 1542 sed
692 1485 784 1556 ipsam
812 1487 879 1558 quis
894 1488 957 1543 ani·
1010 1490 1150 1563 populum
1166 1487 1292 1544 secundo
1306 1485 1514 1543 circumcidere
1527 1485 1657 1555 jubetur.
1675 1506 1689 1534 n

93 1587 188 1657 mam
201 1586 307 1643 ponere
321 1573 451 1643 jubetur.
469 1572 523 1628 Sed
538 1579 567 1630 et
587 1574 720 1644 exempla
735 1583 898 1646 martyrum
915 1590 958 1631 se·
1048 1579 1132 1646 Solet,
1166 1577 1295 1644 memini,
1327 1575 1469 1632 nonnulla
1494 1589 1554 1631 esso
1584 1574 1716 1644 quaestio,
1741 1573 1857 1645 quando

112 1662 242 1720 cundum
258 1676 309 1717 nos
325 1661 519 1732 prohibebunt
547 1662 677 1719 homines
698 1664 833 1720 accedere
852 1664 888 1720 ad
919 1664 955 1720 ll-
973 1678 994 1731 B
1010 1666 1045 1737 [s.
1062 1666 1165 1737 quare]
1195 1664 1329 1720 videlicet
1352 1663 1436 1718 iosue
1458 1662 1560 1718 cultris
1585 1661 1704 1731 petrinis
1726 1675 1761 1717 ex
1785 1675 1856 1731 prae-

113 1751 191 1808 dem·
214 1750 260 1806 Αὓ
279 1764 312 1806 θθ
327 1749 652 1820 miiiS⁰l⁰di²Ulfilm³
667 1751 777 1823 ῑθῑὶἕίθ,
794 1751 871 1822 cuod
885 1751 958 1807 nihil
1013 1764 1095 1827 cepto
1111 1755 1224 1812 Domini
1241 1754 1315 1809 lilios
1335 1752 1423 1807 lsrael
1438 1751 1564 1807 secundo
1578 1750 1769 1818 circumcidit,
1787 1763 1854 1819 qna-

114 1839 276 1907 remissum,
302 1837 374 1894 nibil
400 1837 556 1895 delicatum
585 1839 735 1909 pollicetur
760 1848 811 1897 aut
847 1840 957 1896 molle?
1013 1845 1104 1915 siqui
1126 1852 1210 1900 antea
1232 1840 1396 1898 circumcisi
1433 1847 1527 1895 essent
1554 1854 1656 1895 rursus
1688 1838 1857 1895 circumcidi

113 1928 195 1995 Quod
209 1927 232 1985 si
247 1927 357 1984 etnibil
372 1927 545 1984 sacramenti
560 1928 741 1985 circumcisio
755 1937 873 1996 teneret,
887 1930 959 2000 quid
1014 1934 1184 2005 potuissent.
1210 1933 1315 1987 Beatus
1335 1943 1403 1985 vero
1428 1928 1611 1997 Arrgustinus
1632 1928 1660 1982 in
1691 1927 1741 1982 lib.
1782 1927 1859 1993 Quu-

114 2025 186 2075 esset
214 2016 334 2073 absurdi
350 2017 374 2072 si
404 2017 440 2072 ad
462 2016 673 2074 distinctionem
699 2025 869 2075 caeterarum
885 2035 959 2092 geu·
1014 2017 1374 2078 stionisveterisetrlome
1396 2017 1466 2088 legis
1493 2031 1608 2073 omnem
1639 2016 1728 2086 hujus
1744 2015 1857 2072 dubita·

115 2108 188 2164 tium
205 2105 340 2176 populus,
357 2105 410 2176 qui
431 2104 559 2177 sublege
580 2106 630 2162 Dei
653 2106 863 2175 instruebatur,
892 2123 961 2179 pro·
1015 2110 1103 2167 tionis
1131 2121 1259 2164 errorem
1296 2120 1457 2176 removens,
1485 2107 1567 2162 docet
1592 2105 1750 2161 secundam
1787 2104 1859 2160 banc

116 2194 341 2267 priumaliquod
353 2201 476 2265 gestaret
505 2194 647 2267 insigne?
678 2194 714 2252 Et
755 2196 779 2252 si
802 2199 962 2254 necessaria
1003 2197 1266 2277 ,circumcisionem
1291 2210 1348 2252 non
1362 2196 1391 2251 in
1403 2194 1507 2251 eisdem
1536 2195 1675 2264 personis,
1705 2193 1800 2250 sedin
1815 2208 1859 2249 eo·

115 2287 178 2343 risa
190 2292 233 2341 est
256 2284 346 2354 partis
360 2283 485 2353 alicujus
504 2283 673 2352 amputatio,
697 2284 768 2354 quid
784 2292 842 2340 tarn
861 2300 962 2342 conve·
1016 2288 1079 2344 dem
1095 2285 1200 2357 populo
1216 2284 1430 2340 lactamluisse.
1449 2283 1529 2350 Qriod
1548 2290 1576 2339 et
1608 2288 1736 2352 patenter
1767 2281 1859 2338 conti-

116 2374 198 2431 niens
219 2373 273 2429 luit
289 2385 378 2443 quam
397 2385 462 2427 cam
477 2371 619 2438 minuere,
648 2386 714 2442 quae
738 2372 894 2430 ridebatur
912 2374 960 2431 ob·
1015 2380 1085 2434 neut
1114 2375 1202 2432 verba
1217 2375 1279 2444 ipsa
1295 2373 1421 2449 historiae
1435 2373 1603 2438 iibriJosue,
1625 2372 1688 2428 haec
1709 2371 1858 2430 videlicet:

116 2476 211 2530 scena,
227 2470 255 2518 et
283 2461 333 2516 illa
346 2460 459 2516 auterre
475 2459 764 2530 quorumdiminutio
780 2462 851 2518 nibil
867 2463 903 2519 ad
918 2463 963 2519 ol·
1016 2470 1193 2535 detumuere,
1220 2465 1260 2518 cit
1284 2466 1412 2517 Dominus
1448 2463 1484 2516 cd
1507 2465 1604 2517 iosuc:
1632 2461 1748 2517 Furtibi
1763 2461 1860 2516 cuitrm

118 2549 353 2620 iiciumcorporis
369 2549 545 2620 impediret?
576 2549 658 2616 Quod
675 2564 743 2607 vero
765 2551 876 2619 dicunt,
894 2551 964 2624 quia
1018 2556 1151 2626 lapideos,
1181 2558 1207 2608 ct
1233 2552 1395 2608 circumcide
1423 2552 1537 2606 seeundo
1565 2552 1635 2621 filios
1655 2550 1753 2606 lsrael.
1796 2551 1861 2604 Fecit

118 2641 315 2698 sinecessaria
330 2654 387 2696 uon
402 2647 463 2696 erat
487 2653 554 2710 pars
570 2638 621 2695 illa
651 2641 783 2707 membri,
800 2641 964 2698 acreatore
1020 2645 1095 2712 quod
1104 2645 1229 2713 jusserat
1257 2644 1399 2709 Docimus,
1415 2647 1440 2694 ει
1470 2640 1640 2696 circumcidit
1667 2641 1739 2709 titios
1768 2639 1860 2695 lsrael.

121 2732 182 2787 lieri
205 2745 262 2786 uun
278 2730 388 2799 debuit,
403 2730 426 2785 si
442 2728 689 2786 necessariaiaeta
717 2738 842 2798 esi,non
865 2731 965 2788 debuit
1020 2736 1187 2788 Hucuuiem
1211 2745 1295 2784 cuusc
1318 2728 1496 2784 estsecunciae
1520 2729 1743 2782 circumcisionis.
1774 2726 1863 2782 Omnis

120 2820 242 2878 aulerri.
256 2821 470 2890 interrogemus
484 2827 511 2876 et
527 2833 588 2886 nos,
605 2819 628 2875 si
653 2822 845 2877 necessariam
869 2821 966 2877 dicant
1017 2824 1138 2893 populus
1151 2822 1200 2889 qui
1215 2834 1338 2887 egressus
1353 2823 1393 2872 cst
1407 2834 1441 2872 eu
1456 2818 1580 2885 AEqppto
1595 2817 1702 2884 pencris
1721 2814 1864 2869 masculini

122 2910 248 2966 liliorum
279 2906 518 2978 procreationem.
560 2907 755 2965 Necessariam
791 2909 852 2964 sine
879 2909 966 2964 dubio
1020 2910 1143 2963 uniuersi
1175 2908 1316 2961 bellete-res
1349 2909 1403 2961 oiri
1424 2907 1525 2960 mortui
1545 2910 1609 2960 sunt
1632 2907 1661 2958 in
1681 2903 1787 2958 deserto
1816 2918 1865 2972 per

122 2997 344 3070 respondebunt.
361 2995 456 3052 Erunt
465 3009 533 3066 ergo
547 2995 714 3064 culpabiles,
742 2996 792 3067 qui
816 2997 967 3054 continen·
984 2963 1005 3021 C

121 3087 169 3144 tie
195 3083 407 3156 etvirginitatis
426 3083 545 3141 obtentu
561 3085 729 3141 necessariis
738 3093 851 3145 nature
866 3086 968 3143 ciliciis

123 3190 181 3232 nou
195 3175 371 3231 ministrant.
386 3172 417 3227 ln
433 3186 548 3229 summa
568 3187 636 3230 vero
650 3173 804 3229 dicendum
819 3181 872 3244 εει,
889 3177 967 3246 quod

124 3266 199 3320 sicut
213 3261 379 3319 necessariae
392 3269 475 3317 erant
501 3262 599 3318 multae
619 3261 718 3318 hostiae
734 3271 890 3334 antequam
909 3279 968 3321 uua

125 3352 218 3408 bostia
230 3364 325 3422 agnus
335 3350 541 3408 immaculatus
563 3352 748 3422 semetipsum
762 3352 838 3410 Patri
853 3353 969 3411 olierret

95 3436 97 3441 ⁴
124 3440 249 3498 bostiam
276 3440 415 3508 Christus,
438 3441 478 3495 ita
492 3442 578 3496 etiam
616 3441 716 3498 multis
743 3442 970 3499 circumcisioni-

126 3530 181 3588 bus
193 3544 266 3600 opus
293 3529 347 3585 luit
363 3543 516 3601 quousque
531 3544 591 3586 uua
612 3530 643 3586 in
662 3531 774 3588 Christo
789 3533 970 3589 circumcisio

124 3620 261 3677 omnibus
282 3619 456 3688 traderetur,
479 3626 507 3676 et
548 3619 707 3677 multorum
741 3621 896 3693 sanguinis
929 3620 969 3678 ei-

125 3707 199 3766 iusio
227 3709 370 3780 precessit
383 3723 537 3780 quousque
550 3723 600 3779 per
622 3709 709 3767 unius
722 3711 894 3782 sanguinem
909 3723 970 3767 om·

126 3798 210 3856 nium
229 3799 386 3870 redemptio
404 3797 494 3855 lieret.
512 3819 527 3848 »

161 3887 331 3945 Ambrosius
358 3885 389 3943 in
411 3887 541 3959 Epistola
563 3887 600 3943 ad
617 3887 821 3944 Constantium
844 3888 971 3945 maxime

126 3977 243 4050 Origeni
259 3977 288 4032 in
304 3976 520 4047 supradictisde
539 3978 758 4035 circumcisione
773 3978 969 4035 consentiens:

129 4067 344 4137 uPlerosque,›
371 4065 476 4136 inquit,
493 4087 508 4117 ι
528 4074 620 4122 movet
644 4066 777 4137 quaestio,
799 4081 859 4138 qua
883 4080 973 4125 causa

127 4155 307 4212 circumcisio
321 4162 348 4211 et
373 4155 482 4210 Veteris
496 4155 668 4211 Testamenii
691 4155 862 4212 auctoritate
886 4155 971 4226 quasi

1023 2999 1193 3067 longissimos
1207 3001 1257 3052 uiae
1271 2998 1411 3061 circuitus,
1425 2998 1473 3066 qui
1484 3011 1574 3050 omnes
1602 2995 1758 3049 circumcisi
1779 2996 1865 3046 muni.

1021 3087 1143 3158 Populus
1156 3091 1247 3141 cutem
1263 3088 1406 3152 quinctus
1421 3090 1461 3139 εει
1477 3086 1507 3138 in
1531 3084 1635 3139 deserto
1661 3097 1712 3152 per
1743 3081 1866 3148 quaara-

1024 3179 1102 3246 ginta
1127 3192 1212 3230 annos
1245 3178 1354 3230 itineris
1382 3177 1523 3230 latissimae
1536 3173 1695 3228 solitudinis
1720 3174 1867 3226 incircum·

1023 3269 1094 3321 cistis
1108 3268 1174 3333 suit,
1195 3265 1276 3319 donec
1298 3268 1551 3319 consummarentur
1575 3265 1625 3332 qui
1641 3277 1693 3317 non
1723 3262 1868 3316 audierant

1022 3371 1110 3411 uocnn
1121 3356 1236 3409 Domini.
1253 3355 1419 3423 Horumfiiii
1440 3355 1469 3406 in
1498 3355 1583 3408 iocum
1607 3355 1793 3407 succcesscruni
1822 3366 1869 3419 po-

1026 3449 1108 3511 trum,
1141 3447 1166 3496 et
1187 3444 1341 3497 circumcisi
1364 3447 1463 3495 sunta
1495 3444 1596 3496 iosuc:
1624 3440 1699 3510 quio,
1724 3439 1870 3494 sicutucii

1025 3535 1137 3599 suerunt
1155 3533 1184 3585 in
1197 3533 1333 3601 praeputio
1359 3536 1446 3599 erunt,
1467 3547 1552 3596 neque
1578 3546 1622 3584 cos
1646 3532 1676 3583 in
1702 3531 1750 3582 viu
1768 3529 1870 3596 aliquis

1025 3621 1242 3677 circumciderat.
1292 3622 1438 3688 Postquam
1473 3624 1562 3673 utitem
1599 3633 1689 3673 omncs
1717 3615 1871 3671 circumcisi

1008 3715 1100 3777 sunt,
1126 3714 1284 3763 manserunt
1298 3711 1328 3763 ia
1350 3709 1439 3763 codem
1467 3713 1617 3763 castrorum
1638 3706 1695 3761 loco
1725 3706 1808 3759 donec
1830 3719 1872 3757 su·

1025 3805 1167 3864 narentur,
1184 3799 1309 3866 dicitque
1325 3800 1456 3853 Dominus
1473 3798 1510 3852 ud
1532 3801 1631 3852 Josuc:
1654 3795 1742 3851 Hodie
1769 3793 1872 3848 abstuli

1025 3888 1199 3958 opprobrium
1223 3888 1346 3957 AEqypti
1378 3888 1488 3942 cuciis
1513 3887 1603 3957 (Jcsuc
1632 3900 1660 3953 v,
1686 3886 1756 3954 2-8).
1784 3883 1872 3938 Miror

1026 3980 1123 4049 itaque
1139 3977 1291 4048 origenem
1305 3985 1362 4034 tam
1379 3978 1539 4035 litteratum
1556 3978 1654 4034 virum
1688 3977 1717 4032 in
1744 3976 1799 4031 bac
1830 3988 1872 4029 se·

1025 4066 1121 4125 cunda
1136 4066 1355 4123 circumcisione
1376 4069 1519 4136 perinsue
1533 4067 1637 4122 iactam
1662 4065 1733 4121 adeo
1749 4075 1869 4127 errasse,

1026 4164 1058 4213 ut
1071 4168 1134 4211 eam
1163 4154 1297 4225 superius
1320 4164 1458 4212 assereret
1486 4157 1567 4226 nullo
1596 4154 1678 4210 ruodo
1699 4154 1787 4223 juxta
1802 4151 1872 4207 litte·

127 4243 208 4301 utilis
239 4244 408 4311 imperetur,
445 4249 473 4297 et
496 4242 569 4299 Nori
600 4245 775 4301 Testamenti
808 4243 1010 4317 magisterium
1027 4261 1089 4304 ram
1109 4245 1172 4301 fleri
1199 4245 1334 4315 potuisse.
1362 4244 1454 4311 Qiram
1478 4243 1709 4301 tamenbistoria
1726 4243 1787 4312 ipsa
1804 4253 1872 4296 mox

89 4393 101 4418 0
128 4332 212 4405 quasi
236 4331 348 4388 inutilis
362 4331 556 4401 repudietur?
575 4332 655 4398 Quod
669 4347 738 4403 ergo
750 4332 878 4390 dicemus
893 4348 972 4390 secu-

127 4431 190 4480 tum
212 4421 325 4479 Patrem
354 4420 513 4489 Abrabam,
541 4428 587 4492 ut
604 4421 631 4478 id
661 4422 774 4492 primus
806 4421 970 4489 instrueret,

128 4511 206 4584 quod
221 4511 285 4582 eJus
299 4525 357 4567 non
386 4519 556 4581 sequeretur
570 4510 730 4568 haereditas.
748 4531 762 4562 s
787 4511 875 4567 ltem:
893 4531 907 4564 u
922 4511 972 4567 ile·

128 4601 256 4672 perimus
270 4607 366 4657 autem
378 4600 407 4656 in
423 4600 544 4656 historia
563 4606 760 4656 veterumnon
775 4598 868 4655 solum
883 4600 971 4671 AEgy·

129 4691 214 4762 ptios,
229 4690 278 4747 sed
296 4690 383 4746 etiam
405 4689 575 4759 AEtbiopum
599 4696 626 4745 et
639 4688 798 4756 Abrabam,
814 4696 841 4744 et
859 4687 973 4745 Pboeni-

127 4795 194 4839 cum
210 4780 324 4851 aliquos
337 4777 556 4835 circumcisione
569 4791 639 4848 erga
666 4791 735 4834 suos
755 4791 823 4833 usos
833 4791 839 4832 :
851 4785 878 4834 et
897 4776 973 4833 lianc

128 4876 231 4940 putant
241 4882 271 4925 se
290 4867 386 4924 adbuc
402 4865 558 4938 probandae
568 4865 649 4923 riam
660 4879 777 4922 servare
792 4867 923 4931 rationis,
939 4880 971 4923 ec

127 4959 206 5033 quod
225 4957 271 5015 sui
284 4956 413 5028 corporis
437 4956 574 5027 primitus
588 4963 616 5014 et
633 4955 788 5028 sanguinis
808 4955 916 5013 initiati
930 4956 972 5012 in-

125 5047 402 5113 sidiasdaemonum,
439 5059 514 5118 quas
536 5045 577 5103 illi
600 5045 699 5117 generi
714 5059 767 5103 suo
788 5046 970 5112 molliuntur,

125 5139 242 5210 exiguae
256 5137 347 5208 partis
361 5136 544 5193 arbitrantur
568 5134 801 5193 consectionibus
823 5134 973 5191 destruen-

126 5227 173 5284 da.
201 5225 255 5283 Sed
269 5224 395 5282 arbitror
407 5226 468 5298 jam
487 5239 546 5282 non
567 5225 688 5282 otiosam
703 5238 820 5282 causam
847 5224 876 5279 iu
896 5224 972 5280 banc

126 5313 341 5385 portiunculam
372 5314 494 5372 membri
515 5315 668 5378 aestimare,
693 5327 753 5386 qua
776 5313 972 5370 circumcida-

125 5411 176 5460 tur
188 5410 372 5475 pueroctara
399 5403 456 5470 die,
473 5405 591 5475 quando
613 5403 716 5474 incipit
743 5407 835 5460 mater
852 5403 881 5459 in
905 5415 972 5459 san-

126 5492 216 5568 guine
228 5504 290 5552 esse
308 5505 393 5564 puro.
408 5506 475 5564 qua
489 5499 557 5552 ante
575 5500 707 5553 nuaram
721 5493 798 5552 diem
823 5493 916 5550 turtur
939 5490 969 5550 in

1027 4337 1142 4392 aiosue
1166 4333 1270 4389 iactam
1285 4331 1399 4403 adjecit,
1430 4331 1545 4388 dicens:
1574 4334 1701 4400 Fceitque
1722 4329 1797 4398 quoti
1811 4327 1873 4396 jus·

1027 4428 1100 4479 scrut
1119 4425 1259 4486 Dominus,
1274 4427 1300 4475 et
1330 4421 1501 4476 circumcidit
1528 4423 1597 4491 filios
1617 4419 1713 4476 [simei.
1735 4418 1822 4474 Nunc
1837 4416 1871 4472 ad

1026 4512 1235 4582 expositionem
1255 4510 1389 4580 Epistola
1400 4510 1562 4566 redeamus.

1063 4604 1096 4658 tn
1112 4606 1148 4656 sit
1162 4602 1384 4671 paleromnium.
1403 4599 1464 4656 Duo
1488 4599 1609 4666 dixerat,
1640 4597 1717 4668 quod
1738 4596 1873 4652 videlicet

1025 4693 1149 4749 Abrabae
1165 4693 1194 4747 iu
1208 4691 1358 4762 praeputio,
1376 4688 1455 4744 idest
1471 4689 1540 4744 dum
1554 4687 1727 4758 praeputium
1744 4687 1871 4752 baberet,

1025 4789 1158 4852 reputata
1173 4788 1215 4836 est
1231 4779 1301 4835 tides
1327 4792 1381 4835 sua
1403 4778 1439 4833 ad
1467 4777 1621 4849 justitiam,
1646 4784 1788 4847 tanquam
1812 4776 1872 4846 jam

1025 4870 1212 4943 spiritualiter
1230 4868 1411 4925 circumcisi:
1428 4867 1544 4937 etquod
1564 4873 1661 4936 postea
1689 4878 1776 4920 carue
1804 4879 1873 4934 quo

1026 4975 1083 5032 que
1102 4959 1292 5016 circumcisus
1307 4965 1359 5024 est,
1389 4965 1420 5013 ut
1449 4971 1497 5027 per
1514 4957 1574 5012 baec
1597 4955 1655 5010 duo
1680 4953 1815 5009 videlicet
1838 4954 1873 5009 sit

1025 5057 1106 5119 pater
1118 5055 1206 5119 atque
1218 5054 1319 5103 auctor
1344 5045 1456 5103 caetcris
1480 5045 1511 5101 in
1535 5042 1666 5113 exemplo
1688 5050 1714 5097 et
1743 5042 1873 5098 doctrina

1025 5138 1196 5208 propositus,
1215 5144 1273 5192 tam
1288 5136 1323 5192 de
1338 5133 1482 5205 spirituali
1508 5147 1598 5203 quam
1621 5129 1731 5187 carnali
1750 5131 1873 5187 circum·

1025 5225 1143 5282 cisione.
1170 5227 1205 5282 Et
1227 5224 1282 5281 boc
1294 5231 1345 5293 est,
1362 5228 1394 5278 ut
1407 5223 1585 5292 praeputium,
1599 5221 1629 5276 in
1660 5235 1718 5291 quo
1731 5219 1872 5291 justifica·

1025 5322 1072 5373 tus
1095 5322 1253 5385 antequam
1266 5311 1455 5369 circumcisus
1469 5312 1505 5368 sit
1518 5319 1600 5382 pater
1621 5310 1816 5376 credentium,
1844 5309 1873 5365 in

1025 5405 1080 5462 hoc
1102 5403 1210 5461 scilicet
1233 5402 1311 5474 quod
1339 5401 1488 5458 credentes
1520 5406 1589 5458 sunt
1616 5406 1767 5470 reputetur
1785 5398 1873 5456 etiam

1025 5490 1083 5550 illis
1098 5492 1134 5551 ad
1152 5483 1305 5564 justitiam,
1330 5490 1466 5563 quamvis
1484 5489 1558 5549 desit
1584 5489 1714 5547 exterius
1742 5488 1873 5560 signum.
