3736 5962
556 201 756 260 luitoldum
776 201 995 258 cuttlstmrtlt.
1009 229 1042 242 -
1056 200 1123 257 LlB.
1143 201 1193 258 tlt.
1672 201 1740 259 llll

91 342 98 384 t
114 326 176 384 bec
189 339 236 383 ars
244 324 382 392 maxime,
398 332 433 412 ut
445 338 535 397 supra
545 323 744 392 meminimus,
764 337 846 381 ccm-
860 324 886 379 Α
900 337 967 381 nam
982 338 1019 382 ex
1042 323 1166 395 alicujus
1179 323 1255 382 dccli
1283 323 1362 382 vitiis
1387 323 1617 395 reprehendat.»
1638 322 1741 383 Nullos

91 423 155 482 itur,
170 423 198 472 et
213 415 323 472 caeteris
345 414 527 485 praeleratur.
553 413 641 471 Tenet
665 413 764 484 itaque
780 412 841 470 baec
895 421 993 470 autem
1007 413 1096 471 sacris
1110 413 1213 471 litteris
1225 413 1354 471 eruditos
1368 413 1504 485 ignorare
1519 411 1657 485 arbitror,
1673 413 1739 483 plns

91 505 173 575 aphia
196 504 357 560 acutissimi
384 503 472 575 gladii
496 503 598 569 instar,
623 516 683 573 quo
698 508 840 574 tyrannus
893 500 1019 559 insacra
1038 501 1168 560 doctrina
1182 502 1347 572 spirituales
1362 501 1449 570 viros,
1469 515 1507 559 ex
1526 502 1588 573 ipso
1611 501 1738 561 scientim

93 593 211 649 rnlciem
240 606 365 664 preceps
392 593 496 660 utitur,
523 592 560 648 ad
586 591 790 658 detensionem,
806 605 841 648 ac
894 589 999 657 studio,
1016 603 1105 661 qnam
1124 603 1160 646 ex
1174 588 1321 662 religionis
1336 589 1438 646 merito
1455 589 1616 660 proiecisse,
1639 596 1740 660 etque

91 682 233 738 utentione
257 681 400 738 utentium
429 682 505 737 sicut
520 679 680 752 plurimum
695 680 838 751 prodesse,
894 679 1019 750 quisque
1041 685 1207 736 sanctorum
1237 685 1304 735 ante
1329 677 1545 735 conversionem
1564 690 1649 734 suam
1677 689 1736 733 am·

108 770 282 841 plurimum·
297 784 401 827 nocere
428 778 528 841 potest.
553 769 665 826 Scimus
686 768 804 841 quidem
822 783 840 826 a
893 768 1015 841 pliorem
1034 767 1221 824 saecularium
1235 767 1396 825 litterarum
1410 767 1561 825 scientiam
1586 765 1739 833 babuerat,

91 859 199 926 tteticis,
236 873 308 931 quos
337 873 417 915 nunc
448 858 612 916 dialecticos
649 856 838 929 appellamus,
894 865 956 929 post
991 857 1206 914 conversionem
1232 871 1316 914 suam
1344 871 1410 914 enm
1442 855 1567 927 amplius
1587 855 1616 911 in
1641 861 1741 912 sancta

91 947 191 1004 iliaset
207 948 351 1004 maximas
364 947 487 1004 baereses
504 947 734 1004 tamStoicorum
750 959 863 1018 qnam·
893 947 1054 1003 eruditione
1079 946 1213 1003 valuisse.
1241 946 1350 1003 Paulus
1373 946 1482 1018 quippe
1507 943 1654 1016 apostolus
1675 942 1740 1000 licet

90 1049 203 1093 reorum
218 1037 303 1093 rectis
326 1036 491 1093 >rationibus
506 1050 567 1093 esse
585 1048 741 1106 repressas,
766 1034 842 1092 sicut
894 1050 953 1092 uon
971 1036 1065 1108 major
1086 1036 1199 1105 merito,
1217 1049 1306 1106 quam
1333 1036 1435 1092 Petrus
1463 1034 1613 1091 videatur:
1631 1030 1739 1089 conles-

91 1139 101 1181 t
125 1125 160 1182 de
181 1139 240 1196 qua
266 1132 366 1182 eontra
390 1124 497 1181 Stoicos
513 1124 661 1195 disputant
674 1130 702 1180 et
716 1122 840 1181 fortissi-
894 1138 941 1182 sor
961 1124 1142 1196 Augustinus
1157 1137 1246 1196 qnam
1262 1124 1422 1181 Martinus:
1440 1131 1518 1180 tanto
1543 1129 1639 1179 tamen
1659 1128 1740 1178 uter·

91 1219 200 1269 struunt
211 1212 403 1284 argumentis,
419 1211 496 1283 quod
510 1211 575 1268 licet
594 1212 671 1267 Deus
684 1210 720 1267 ab
734 1217 840 1268 aeterno
895 1229 953 1286 que
976 1214 1067 1271 altero
1093 1215 1231 1284 majorem
1258 1213 1289 1268 in
1306 1213 1436 1269 doctrina
1457 1213 1581 1284 gratiam
1596 1217 1658 1281 post
1676 1224 1742 1267 con·

91 1315 101 1357 ι
123 1301 292 1371 providerit,
310 1308 399 1372 atque
415 1301 506 1372 ipsius
529 1299 709 1371 providentia
722 1300 840 1358 omnino
894 1302 1054 1361 versionem
1081 1302 1193 1372 babuit,
1210 1310 1320 1374 quanto
1349 1310 1435 1360 antea
1448 1301 1557 1373 majore
1579 1299 1742 1357 litterarum

91 1404 127 1447 nn
149 1390 245 1459 possit,
271 1397 436 1446 nectamen
455 1390 517 1447 ideo
545 1388 839 1446 cunctaexnecessi·
895 1393 1013 1450 scientia
1047 1391 1181 1464 pollebat.
1215 1392 1261 1448 Ex
1290 1406 1348 1464 quo
1377 1391 1521 1463 praecipue
1556 1388 1741 1447 saecularium
1813 1380 1832 1395 ‘

95 1476 257 1543 reveniunt,
279 1477 435 1534 ntscilicet
458 1477 582 1534 humani
604 1485 699 1548 pereat
723 1475 841 1534 libertas
895 1495 1014 1555 quoque
1046 1481 1208 1539 litterarum
1236 1481 1365 1539 studium
1405 1481 1505 1537 divina
1528 1477 1742 1551 dispensatione

91 1566 115 1620 d.
140 1565 289 1636 Alioquin,
315 1565 411 1637 inquit
432 1567 566 1638 princeps
585 1566 840 1636 Peripateticorum
858 1617 880 1675 B
897 1570 1092 1627 cemmendari
1133 1570 1268 1639 arbitror,
1298 1584 1356 1627 non
1391 1569 1486 1627 solum
1515 1581 1564 1639 per
1588 1566 1742 1624 utilitatem

93 1654 160 1712 telcs
189 1656 218 1711 in
242 1670 251 1711 t
271 1655 500 1713 Peribermenias
525 1670 584 1712 non
610 1655 753 1726 oportebit
777 1669 843 1712 con·
898 1673 987 1730 quam
1001 1658 1157 1725 continent,
1174 1673 1277 1717 verum
1304 1674 1340 1718 ne
1363 1659 1475 1716 adenis
1497 1658 1560 1729 eius
1581 1656 1683 1713 alienae
1700 1651 1743 1712 vi·

114 1758 210 1815 neque
234 1745 386 1816 negotiari.
418 1747 459 1801 De
488 1744 579 1802 libero
602 1752 698 1801 autem
722 1743 843 1802 arbitrio
898 1749 1045 1817 derantur,
1070 1747 1094 1806 ιι
1117 1749 1153 1806 ad
1173 1748 1289 1807 nullum
1311 1749 1353 1806 eis
1374 1749 1557 1806 commodum
1572 1751 1740 1803 verteretur.

91 1833 214 1889 nientius
232 1832 301 1889 alibi
314 1833 514 1891 disserendum
539 1833 621 1890 nobis
649 1847 841 1891 reservamus.
897 1838 1035 1895 Novimus
1049 1845 1146 1895 tamen
1159 1845 1187 1896 et
1210 1838 1247 1895 ab
1262 1837 1396 1909 apostolo
1411 1835 1605 1908 dictumqnia
1627 1833 1743 1890 scientio

91 1936 165 1992 eque
181 1923 270 1979 ullam
286 1923 434 1980 scientiam
450 1922 556 1979 malam
570 1937 632 1980 esse
646 1922 842 1990 concedimus,
896 1928 975 1996 inpos
989 1926 1014 1999 (l
1030 1928 1090 1984 Gor.
1116 1940 1183 1998 vni,
1202 1928 1237 2000 l),
1254 1927 1283 1984 id
1300 1934 1342 1984 est
1356 1925 1520 1998 superbiam
1543 1931 1671 1998 generat.
1688 1920 1742 1980 Sed

105 2009 183 2066 illam
207 2025 273 2081 quae
303 2011 339 2067 de
365 2010 440 2068 malo
464 2018 515 2079 est,
542 2026 608 2083 quae
631 2010 710 2082 iusto
733 2009 841 2068 bomini
897 2029 934 2072 ex
950 2014 1160 2086 bocpraecipue
1174 2015 1250 2073 bona
1271 2015 1532 2084 esseconvincitur,
1548 2013 1619 2085 quia
1635 2012 1665 2069 in
1684 2024 1744 2069 ma·

91 2114 174 2156 >non
197 2107 300 2170 potest,
331 2115 389 2157 non
413 2107 445 2157 ut
467 2099 575 2159 malum
597 2106 674 2173 agat,
703 2100 752 2157 scd
775 2105 844 2158 uta
896 2103 960 2160 lum
986 2104 1128 2174 superbia
1156 2104 1302 2162 conscium
1331 2104 1377 2161 sui
1411 2104 1523 2162 tribuit.
1557 2101 1636 2160 Sicut
1664 2099 1743 2158 enim

96 2188 271 2259 praecognito
298 2188 353 2246 sibi
378 2188 538 2259 provideat,
562 2189 640 2261 qnod
669 2189 726 2246 nisi
746 2188 843 2261 cogni·
897 2191 1040 2250 nonnulla
1063 2201 1131 2250 sunt
1161 2194 1246 2262 bona,
1264 2208 1330 2264 ques
1355 2194 1471 2251 nonnisi
1496 2207 1532 2249 ex
1552 2190 1628 2256 malo
1644 2203 1744 2262 prove

91 2284 157 2334 teste
184 2278 289 2344 Boetia,
315 2277 408 2334 vitare
429 2292 488 2334 non
514 2284 617 2349 posset.
642 2278 706 2335 Non
721 2285 763 2335 est
779 2289 843 2334 ma·
898 2280 1000 2338 niunt:
1017 2281 1057 2337 ita
1083 2282 1223 2340 nonnulla
1249 2289 1318 2340 sunt
1336 2282 1413 2340 mala
1427 2296 1493 2355 quac
1508 2297 1545 2340 ex
1568 2281 1642 2339 bono
1656 2279 1741 2351 origi-

91 2367 148 2421 eire
163 2366 293 2436 decipere
314 2365 359 2423 vel
388 2366 557 2434 adulterari,
576 2367 625 2423 sed
648 2367 844 2424 istacommit·
898 2385 965 2427 nem
979 2371 1110 2429 trabunt.
1139 2372 1310 2429 Poenitentia
1340 2372 1459 2443 qnippe,
1480 2385 1531 2428 seu
1558 2366 1744 2426 correctIcnis

92 2455 163 2526 quia
178 2455 241 2525 ejus
264 2455 306 2511 rei
321 2454 397 2511 bona
411 2464 452 2513 est
466 2455 600 2527 cognitio,
616 2456 702 2528 cujus
721 2455 844 2526 pessima
898 2458 1053 2517 satisfactio
1073 2474 1141 2517 eum
1157 2459 1238 2518 bonae
1261 2461 1329 2528 sint,
1354 2462 1394 2518 ita
1408 2460 1519 2516 malum
1535 2459 1642 2515 lactum
1657 2455 1744 2514 comi·

91 2543 152 2609 :tim
179 2550 206 2599 et
233 2557 316 2600 nemo
340 2551 437 2613 peccat
463 2545 659 2617 cognoscendo
683 2552 843 2616 peccatum,
899 2555 1009 2618 tantur,
1030 2556 1063 2606 ιιι
1086 2549 1202 2606 nonnisi
1222 2550 1259 2606 ab
1274 2564 1307 2607 eo
1321 2550 1399 2607 nasci
1413 2547 1574 2623 possintE
1599 2543 1743 2603 contrario

92 2631 288 2688 ommittendo.
317 2633 346 2688 si
363 2641 541 2704 querentem
568 2633 687 2691 scientia
711 2633 844 2692 malaes·
899 2637 1112 2708 superbiasive
1131 2637 1241 2693 invidia
1266 2651 1333 2694 eum
1361 2638 1419 2694 sint
1440 2636 1578 2708 pessimae,
1597 2631 1744 2691 nonnisia
1836 2698 1838 2705 ⁴

92 2721 170 2791 tique
186 2728 214 2777 et
234 2720 343 2777 malum
359 2728 432 2778 esset
447 2721 580 2793 quedam
596 2737 777 2795 cognoscere,
793 2736 846 2779 nec
900 2726 983 2784 benis
1011 2725 1128 2784 initium
1153 2727 1270 2784 babent.
1296 2726 1385 2784 Nemo
1401 2725 1508 2797 quippe
1522 2724 1578 2780 nisi
1603 2737 1640 2780 ex
1662 2719 1745 2779 bonis

90 2809 179 2866 bsolvl
193 2823 210 2865 a
224 2810 335 2866 malitia
350 2811 427 2867 Deus
448 2819 542 2881 posset
556 2810 608 2882 qui
626 2812 723 2869 omnia
751 2811 844 2869 novit.
901 2830 966 2887 quae
981 2830 1011 2873 se
1033 2815 1139 2873 babere
1154 2815 1309 2888 cognoscit,
1338 2815 1369 2871 in
1397 2813 1564 2885 superbiam
1582 2809 1745 2879 extollitur,

91 2913 117 2955 so
141 2899 218 2954 enim
243 2899 302 2955 selo
319 2899 466 2970 plenitudo
481 2908 523 2957 est
547 2901 745 2971 scientiarum,
760 2902 846 2972 cujus
862 2913 883 2971 c
901 2914 928 2962 et
942 2919 1027 2962 nemo
1042 2904 1126 2962 alteri
1151 2905 1207 2961 nisi
1234 2919 1284 2975 pro
1299 2903 1382 2961 bonis
1395 2903 1459 2975 ejus
1486 2901 1606 2959 invidet.
1622 2899 1704 2957 Unde
1717 2905 1745 2956 et

90 2987 225 3043 numnis
258 2987 387 3044 scientia.
414 2987 539 3046 Scientia
558 2990 667 3060 quippe
697 2998 740 3047 est
768 3005 845 3048 conr·
899 2994 1014 3051 Luciler
1037 2994 1095 3061 ille,
1121 2995 1170 3066 qni
1195 3007 1281 3051 mane
1293 2992 1451 3062 oriebatur,
1481 2998 1561 3049 tanto
1581 2990 1618 3046 ad
1643 3000 1744 3059 super·

91 3076 148 3133 nsio
169 3075 299 3132 veritatis
320 3091 501 3149 rerumquae
525 3086 604 3147 sunt,
627 3084 714 3149 atque
728 3079 753 3135 is
775 3093 844 3136 cun·
900 3084 1039 3141 blondum
1063 3083 1180 3155 pronior
1205 3083 1325 3151 exstitit,
1342 3091 1453 3154 quanto
1473 3080 1583 3138 caeteris
1605 3075 1746 3151 angelicis

92 3162 213 3219 erasiter
251 3163 397 3232 discernit,
424 3163 476 3240 cui
500 3178 535 3221 ea
555 3179 673 3237 qnoque
696 3179 763 3236 qne
787 3180 846 3224 non
900 3172 1053 3242 spiritibus
1067 3186 1119 3242 per
1132 3172 1281 3242 sapienties
1309 3171 1355 3228 vel
1371 3170 1496 3228 scientiae
1523 3168 1746 3226 claritatemsu·

91 3251 175 3322 quasi
201 3252 354 3321 praesentia
381 3253 531 3311 assistunt.
558 3252 638 3311 Unde
652 3262 679 3311 et
693 3268 846 3312 enumera·
900 3260 994 3331 perior
1015 3260 1085 3318 luit:
1114 3274 1166 3318 nec
1192 3268 1288 3317 tamen
1303 3260 1364 3317 ideo
1392 3258 1563 3330 sapientiam
1588 3256 1634 3313 vel
1653 3255 1744 3313 scien·

91 3339 136 3396 nis
155 3340 277 3410 Spiritus
298 3341 372 3412 ejus,
402 3341 461 3412 ipse
485 3340 611 3412 Spiritus
637 3341 763 3399 scientim
786 3357 846 3402 esse
900 3350 971 3406 tiam
986 3349 1021 3405 de
1039 3348 1156 3405 naturis
1167 3363 1275 3416 rernm,
1289 3362 1379 3420 quam
1398 3348 1487 3403 abeo
1505 3352 1664 3417 acceperat,
1682 3357 1746 3400 ma·

93 3443 117 3486 ι.
138 3428 217 3486 Sicut
231 3436 330 3486 autem
353 3429 422 3486 mali
437 3429 690 3501 quoquescientia
704 3431 846 3499 benicet,
901 3438 959 3495 lam
973 3436 1030 3493 dici
1055 3438 1205 3505 convenit;
1232 3437 1299 3495 licet
1328 3437 1374 3494 iile
1392 3435 1585 3506 superbiendo
1606 3433 1683 3491 male
1697 3431 1748 3490 illa

91 3518 228 3574 'itandum
254 3517 361 3575 scilieet
378 3518 487 3575 malum
512 3519 689 3576 necessaria:
719 3520 759 3576 ita
774 3528 850 3591 potc-
901 3541 973 3585 usus
985 3525 1031 3582 sit.
1048 3526 1093 3584 Sic
1107 3533 1134 3582 et
1149 3540 1216 3582 cum
1232 3526 1368 3597 quislibet
1387 3525 1422 3582 de
1436 3523 1619 3596 philosophia
1633 3521 1679 3579 vel
1694 3522 1745 3579 do·

91 3628 105 3671 n
133 3614 219 3671 etiam
249 3614 317 3670 mali
340 3615 446 3672 bonam
461 3629 522 3673 esse
537 3622 659 3684 constat,
677 3624 705 3673 et
732 3617 769 3674 ad
783 3630 849 3689 pro·
902 3614 995 3673 ctrina
1009 3627 1063 3672 sua
1088 3614 1231 3684 superbit,
1255 3628 1313 3670 uon
1341 3614 1432 3685 ipsam
1459 3612 1576 3682 culpare
1598 3610 1747 3669 scientiam

91 3703 174 3760 idum
198 3703 400 3761 necessariam.
423 3704 544 3762 Sienim
566 3718 685 3775 peccare
709 3719 767 3762 non
783 3719 848 3778 pos·
902 3704 1048 3771 debemus,
1078 3711 1193 3773 propter
1226 3702 1399 3774 adjunctum
1423 3701 1544 3768 vitium;
1560 3698 1609 3757 sed
1637 3713 1745 3757 unum·

91 3805 108 3860 ι,
143 3791 217 3849 nibil
246 3807 303 3849 non
334 3793 479 3864 peccando
506 3807 747 3863 promereremur,
768 3802 796 3852 et
823 3794 849 3852 ei
903 3793 1040 3866 quodque
1064 3791 1225 3849 secundum
1249 3806 1279 3848 se
1305 3790 1419 3863 pensari
1448 3789 1593 3857 convenit,
1610 3787 1749 3846 neforto

92 3880 260 3938 berumnon
275 3881 536 3949 habetarbitrium,
550 3881 666 3938 nullum
677 3881 770 3940 exhis
782 3898 849 3953 quae
903 3881 1055 3940 indiscrete
1084 3886 1202 3952 agentes
1231 3879 1431 3953 propheticam
1464 3876 1544 3933 illam
1571 3873 1748 3932 maledictio-

91 3983 119 4026 1s
141 3970 201 4042 agit
215 3970 337 4027 debetur
350 3970 512 4040 praemium.
532 3973 567 4026 st
587 3984 656 4027 vero
674 3978 800 4041 econtra,
817 3978 850 4030 ut
903 3985 970 4029 nem
985 3969 1187 4027 incurramus:
1214 3970 1261 4025 ιιι
1280 3969 1322 4025 bis
1343 3969 1392 4039 qui
1410 3968 1505 4024 dicuat
1527 3967 1625 4021 borum
1645 3963 1749 4021 molum

91 4058 210 4130 opheta,
232 4061 280 4130 qui
292 4061 383 4130 potuit
399 4059 558 4128 transgredi
579 4063 605 4114 et
618 4075 672 4114 nort
699 4065 739 4115 est
759 4065 848 4118 troas·
903 4067 929 4118 el
951 4060 1053 4117 molum
1078 4060 1185 4128 bonum,
1208 4063 1338 4130 permees
1366 4059 1451 4114 lucem
1475 4057 1608 4126 tenebras,
1628 4060 1654 4112 el
1677 4059 1748 4110 terte·

91 4163 130 4211 ts:
156 4149 248 4215 secere
274 4149 359 4215 molo,
389 4153 414 4203 el
441 4159 498 4203 non
525 4150 611 4216 lecit:
636 4148 697 4204 ideo
723 4150 849 4207 stabilito
906 4153 969 4207 brus
980 4150 1159 4221 lueemlllse.
1176 4165 1203 4216 v,
1218 4148 1291 4218 ιθ.)
1606 4155 1608 4159 '

91 4237 242 4291 >metilius
257 4238 287 4290 in
301 4237 415 4291 Domine
430 4234 524 4308 (ticeli.
537 4249 617 4302 rust,
634 4237 687 4309 ιθ).
940 4242 1006 4298 llaee
1024 4240 1163 4297 adversus
1182 4238 1246 4294 illos
1260 4237 1336 4293 dicta
1350 4235 1495 4293 sclllciant
1510 4235 1561 4306 qui
1576 4249 1637 4291 sure
1660 4233 1748 4305 impe·

96 4323 141 4380 bis
159 4324 258 4395 itaque
273 4324 417 4396 liquidum
431 4332 483 4393 est,
500 4323 611 4384 nullam
633 4332 685 4384 ant
702 4327 849 4387 scientiam
905 4330 978 4387 ritiae
993 4328 1129 4387 solatium
1159 4334 1330 4397 querentes,
1346 4341 1413 4383 cum
1427 4339 1480 4382 nos
1498 4324 1598 4396 aliqua
1611 4325 1646 4382 de
1662 4323 1751 4395 pbilo-

91 4419 244 4470 otestatem
274 4413 380 4470 malam
409 4428 480 4481 esse,
495 4424 701 4486 quantumcun
721 4431 779 4488 que
793 4419 852 4476 sint
905 4416 1029 4488 sophicis
1057 4415 1237 4473 documentis
1259 4415 1392 4484 exempla
1415 4412 1461 4470 vel
1489 4412 1694 4471 similitudines
1707 4412 1750 4471 in·

105 4502 244 4559 exercitia
274 4502 413 4573 ipsarum,
440 4517 507 4560 cum
534 4511 561 4561 et
580 4505 657 4562 Deus
670 4519 785 4564 omnem
799 4508 849 4564 tri·
905 4507 1010 4565 ducere
1023 4505 1160 4572 viderint,
1176 4504 1284 4576 quibus
1308 4501 1422 4573 planius
1446 4501 1523 4572 qnod
1537 4501 1674 4559 volumus
1688 4500 1749 4570 liat,

91 4590 249 4655 seientiam,
272 4599 300 4648 et
326 4607 440 4650 omnem
460 4593 572 4650 ordinet
596 4601 772 4664 potestatem.
796 4596 851 4661 Qui
905 4596 1002 4652 statim
1016 4594 1186 4666 obstrepunt
1205 4591 1288 4665 quasi
1309 4591 1475 4649 sacraelidoi
1494 4597 1521 4647 et
1535 4591 1641 4649 divinis
1666 4589 1751 4649 ratio·

119 4679 154 4736 de
187 4687 323 4750 potestate
351 4681 529 4753 iniquissimi
552 4682 636 4740 Pilati
658 4684 798 4742 adversus
821 4699 851 4742 se
906 4683 993 4740 nibus
1019 4683 1088 4755 ipse
1116 4691 1228 4740 natura
1257 4694 1356 4739 rerum
1380 4695 1398 4738 a
1421 4681 1477 4738 lieo
1499 4680 1682 4738 conditarum
1697 4679 1753 4736 ini·

91 4769 147 4824 Noc
163 4768 273 4825 balmes
291 4773 322 4825 in
347 4787 388 4827 me
417 4775 593 4842 potestatem,
609 4775 666 4827 nisi
681 4773 776 4828 dutum
801 4774 853 4830 tlot
906 4772 988 4830 mices
998 4773 1178 4842 viderentur,
1187 4785 1315 4844 quarum
1330 4769 1462 4827 videlicet
1472 4777 1646 4827 naturarum
1657 4769 1750 4827 maxi·

91 4857 203 4928 desuper
229 4859 322 4928 (Joon.
338 4875 401 4928 xix,
419 4861 473 4924 ιι).
492 4860 853 4933 Scientiasitaqueappro-
906 4876 985 4919 mam
1009 4863 1102 4919 allec
1129 4861 1260 4933 peritiam
1289 4860 1342 4930 ipsi
1366 4869 1434 4917 sunt
1459 4874 1477 4916 a
1501 4861 1558 4917 Deo
1586 4857 1752 4931 pbilosopbl

91 4958 120 5014 s,
149 4947 197 5003 sed
234 4947 355 5004 laliaciis
385 4949 567 5006 abutentium
592 4949 760 5006 resistimus.
788 4951 853 5009 Non
907 4952 1054 5010 consecuti
1075 4957 1131 5009 :nt
1156 4965 1223 5007 cum
1254 4949 1346 5006 sancti
1379 4949 1508 5006 doctores
1544 4946 1752 5019 allegoriarum

91 5073 95 5099 ,
112 5041 181 5091 teste
200 5035 303 5105 Tullio,
320 5037 502 5095 mediocriter
529 5046 637 5107 errant,
652 5039 704 5110 qni
719 5052 756 5095 ex
782 5041 853 5098 vitio
907 5040 1042 5111 mysteria
1057 5041 1088 5097 in
1108 5039 1175 5111 ipsis
1190 5038 1360 5097 animalium
1375 5038 1420 5095 vel
1436 5037 1633 5110 quarumlibet
1652 5051 1752 5096 rerum

91 5121 131 5190 nis
162 5124 311 5181 scientiam
334 5126 463 5197 culpant.
488 5126 533 5183 Sic
561 5127 639 5184 enim
665 5142 733 5185 enm
757 5128 792 5184 de
807 5142 853 5187 re·
906 5129 1021 5187 naturis
1040 5128 1223 5199 investigent,
1246 5128 1331 5199 juxta
1360 5129 1488 5197 ipsorum
1515 5125 1753 5198 pbilosophorum

91 5211 194 5269 rosione
227 5216 514 5286 argumentationum
543 5215 573 5272 in
600 5216 743 5274 rhetorica
769 5217 851 5276 doce-
906 5219 982 5276 dicta
1010 5218 1063 5274 bas
1090 5217 1250 5289 assignent,
1275 5216 1402 5273 dicentes
1427 5215 1544 5288 quidem
1572 5215 1648 5273 banc
1663 5216 1752 5289 liujus

91 5301 115 5358 it
141 5301 215 5359 inter
238 5311 360 5361 caetera:
380 5326 391 5356 ι
408 5305 472 5362 Non
487 5304 524 5361 ad
550 5304 580 5362 id
596 5307 675 5377 quod
690 5307 853 5366 instituitur
907 5308 953 5365 vel
977 5307 1055 5364 illius
1067 5307 1110 5364 rei
1124 5320 1186 5364 esse
1200 5313 1348 5374 naturam,
1371 5305 1446 5363 sicut
1460 5304 1587 5376 physice
1615 5305 1753 5377 sriptores

91 5391 270 5450 rmodabitur
280 5393 381 5464 aliqua
397 5407 463 5464 pars
478 5397 750 5468 argumentationis,
766 5397 853 5456 sires
907 5397 1098 5456 tradiderunt.
1118 5398 1152 5454 ln
1167 5404 1281 5454 tantum
1296 5409 1364 5453 vero
1380 5397 1408 5453 in
1434 5395 1496 5467 ipsa
1514 5394 1626 5453 lactura
1639 5410 1694 5454 sua
1707 5396 1754 5455 de

91 5479 192 5540 ominis
210 5481 283 5539 vitio
309 5482 535 5555 vituperabitur,
552 5491 585 5544 ut
610 5485 718 5558 siquis
743 5485 853 5545 doctri·
908 5487 1030 5545 lectatur
1054 5486 1142 5558 Deus,
1167 5493 1200 5543 ut
1224 5484 1393 5558 trequenter
1419 5483 1488 5556 ipsis
1516 5495 1615 5543 rerunt
1638 5483 1753 5544 naturis
