3804 5962
120 194 171 249 tta
231 184 233 189 ⁴
378 188 479 245 unvai
498 187 685 247 aumhahm
702 187 779 245 oei.
799 187 890 245 PARS
906 187 956 244 lli.
971 215 1006 230 -
1018 184 1244 259 theotbalda
1262 185 1307 243 liv
1325 183 1592 243 pallescentem.
1815 187 1871 251 tle.

117 321 173 378 Nos
185 323 277 374 autem
300 316 478 388 sperabamus
501 314 575 383 quod
600 315 660 386 lpse
677 317 746 371 esset
770 314 961 384 redempturus
975 314 1001 368 a
1014 312 1120 381 aerati,
1136 312 1185 370 sed
1209 310 1355 382 acquisiti.
1373 308 1535 382 inquisivit
1548 309 1627 366 enim
1650 306 1705 366 sibi
1720 307 1798 366 hene
1819 323 1865 380 po·
1894 367 1899 408 ¹

115 409 201 466 Isuiel
224 409 297 479 (hue.
321 420 402 474 xxiv,
425 404 481 476 bi).
496 405 625 462 idorluos
648 404 717 462 lesu
743 403 852 461 Christi
880 403 957 470 dicit,
1014 402 1127 474 pulum,
1143 410 1171 459 et
1183 402 1298 472 perhoc
1313 399 1423 473 genuit.
1439 399 1578 457 decuisse
1597 405 1694 455 aulem
1712 398 1863 456 Dominum

115 497 201 555 idest
225 495 262 551 ad
284 494 421 551 honorem
445 491 545 563 ipsius,
570 492 622 564 qui
645 492 757 548 adhoc
782 491 887 548 mortui
903 491 962 547 iue-
1014 491 1089 549 dlios
1108 504 1262 562 uunquam
1287 503 1354 547 cum
1381 489 1565 561 proprietatis
1587 487 1801 560 significatione
1821 501 1863 544 eo

116 592 194 651 rant,
208 591 242 641 ιιι
255 597 322 639 cum
347 581 565 639 resurrectionis
587 595 647 637 suae
661 580 833 638 testimonio
855 578 961 652 gloriti·
1014 579 1191 652 gnoscimus.
1209 599 1224 628 »
1889 598 1899 651 ·,

117 680 226 731 carent.
241 674 396 730 Possumus
409 676 437 727 et
459 669 698 726 resurrectionem
721 668 878 739 spiritalem
902 668 964 724 ani·
1047 672 1099 726 Per
1116 685 1195 740 quem
1214 669 1366 739 occepimus
1389 671 1511 736 prelium
1525 671 1551 722 et
1570 667 1766 736 apostolatum.
1782 667 1860 725 com
1890 658 1899 671 '

116 777 171 820 mae
191 761 300 818 avitiis
314 761 452 830 accipere,
466 759 502 815 de
517 772 577 829 qua
600 759 715 815 Simeon
738 759 778 814 ait
800 761 868 829 quio
888 758 960 828 posi·
1014 759 1149 815 mandata
1162 757 1267 814 Christi
1288 771 1418 827 persona,
1434 757 1559 813 adnectit
1586 756 1862 814 commendationem

118 856 163 907 tus
186 856 225 907 est
247 850 290 904 bic
315 851 345 903 in
370 850 482 903 ruinam
509 852 536 902 et
566 849 786 903 resurrectionem
814 848 963 902 multorum
1013 861 1084 911 suae,
1100 847 1161 903 sive
1175 846 1260 903 oiheli
1285 847 1344 912 sui,
1368 860 1435 903 cum
1458 859 1521 902 sea
1542 852 1622 901 tanto
1645 851 1763 901 auctore
1787 845 1862 901 mitti

126 941 192 996 huc.
206 937 307 1008 mhi).
323 937 406 994 Solus
424 936 533 1008 quippe
552 944 594 993 est
608 934 739 993 Christus
762 934 814 1007 qui
842 941 964 991 amorte
1014 935 1146 1007 perhibet
1160 935 1197 991 ad
1214 935 1439 1005 predicandum,
1457 940 1491 990 ut
1516 934 1615 991 sallem
1639 948 1675 990 ex
1697 934 1865 991 anctoritate

22 1075 33 1093 ,
118 1029 222 1086 animae
244 1027 367 1083 liberare
380 1032 479 1096 potest,
496 1029 595 1095 agnus
618 1023 748 1082 videlicet
774 1023 824 1080 [lei
839 1023 892 1094 qui
911 1021 961 1079 tol·
1015 1024 1155 1080 mittentis
1170 1023 1277 1093 suscipi
1291 1024 1355 1095 ejus
1376 1023 1540 1093 predicatio
1563 1022 1674 1079 debeat.
1695 1023 1824 1079 Gratiam
1844 1028 1865 1079 et
1894 1064 1899 1071 .

118 1115 153 1174 ιιι
167 1123 283 1187 peccata
298 1114 398 1172 mundi
411 1114 503 1185 (loun.
517 1128 537 1182 r,
553 1114 608 1184 19).
1015 1113 1208 1183 apostolatum,
1238 1112 1293 1167 hoc
1318 1118 1360 1167 est
1394 1108 1571 1181 praedicandi
1609 1109 1735 1166 cilicium
1766 1109 1865 1181 gratis,
1895 1100 1899 1177 Ῑ

152 1203 318 1262 Notandum
333 1217 401 1260 vero
416 1201 504 1273 quod,
521 1209 553 1258 ut
567 1202 608 1258 ait
622 1201 724 1258 beatus
736 1198 919 1272 Augustinus
934 1199 965 1256 in
1016 1215 1075 1256 non
1089 1214 1126 1256 cx
1139 1200 1247 1256 meritis
1263 1200 1333 1262 suis,
1349 1200 1375 1255 ei
1392 1198 1544 1268 collatum3
1567 1198 1613 1255 vel
1632 1197 1726 1269 primo
1742 1198 1864 1269 gratiam

117 1292 306 1352 Euchiridion
331 1291 398 1363 (15),
426 1304 494 1347 cum
516 1290 631 1348 dicatur
665 1289 796 1346 Christus
817 1295 903 1345 natus
928 1301 965 1344 ex
1017 1289 1049 1345 iu
1079 1290 1264 1346 conversione
1291 1289 1381 1359 ipsius
1413 1296 1442 1344 et
1475 1288 1642 1345 remissione
1672 1295 1864 1357 peccatorum,

117 1381 227 1453 Spiritu
250 1388 391 1437 sanctoet
416 1379 514 1444 diaria,
531 1393 589 1435 non
612 1385 707 1434 tamen
723 1378 785 1434 ideo
810 1376 888 1433 illius
904 1376 963 1446 Spi-
1018 1391 1069 1434 seu
1101 1376 1286 1434 collocatione
1318 1378 1472 1443 virtutum,
1498 1375 1545 1432 vel
1575 1376 1784 1433 miraculorum
1818 1377 1867 1429 aul

117 1472 191 1527 ritus
205 1469 297 1525 sancti
311 1468 418 1525 dicitur
431 1468 508 1524 sieut
529 1467 638 1535 hiariae,
666 1480 734 1522 cum
757 1464 891 1522 videlicet
906 1479 964 1520 non
994 1466 1215 1538 ‚quorumlibet
1229 1466 1382 1532 donorum,
1397 1472 1424 1521 et
1448 1472 1546 1535 postea
1567 1463 1770 1534 apostolatum,
1797 1461 1866 1519 dum

118 1560 155 1616 sit
169 1566 256 1615 natus
270 1565 322 1615 aut
343 1564 499 1628 conceptus
513 1569 550 1613 ex
569 1556 735 1612 substantia
751 1554 875 1625 Spiritus
902 1567 967 1609 san·
1019 1556 1053 1612 ad
1072 1555 1289 1625 praedicandum
1316 1555 1421 1610 missus
1435 1561 1486 1609 est.
1508 1553 1624 1609 Possent
1647 1551 1769 1609 Romani
1790 1551 1866 1621 Apo·
1888 1622 1891 1627 Ι

118 1647 157 1705 cli
171 1647 246 1704 sicut
259 1661 296 1703 ex
311 1646 473 1703 substantia
486 1645 592 1713 itariae,
613 1643 661 1700 sed
684 1644 778 1714 potius
802 1657 854 1714 per
866 1655 965 1712 opera·
981 1654 1003 1710 Β
1020 1645 1091 1701 stolo
1106 1644 1220 1700 dicere:
1244 1643 1305 1699 Etsi
1327 1643 1363 1698 ad
1388 1641 1577 1712 apostolatum
1601 1649 1723 1698 vocatus
1743 1655 1786 1709 es,
1809 1653 1866 1696 non
1888 1636 1891 1649 '

117 1737 225 1795 tionem
239 1736 374 1807 Spiritus,
388 1735 418 1805 id
432 1743 475 1791 est
489 1734 598 1790 divina
622 1733 724 1806 gratiae
744 1733 887 1790 excellens
901 1732 965 1802 ejus
1019 1739 1115 1789 tarneu
1127 1746 1213 1802 super
1235 1739 1343 1803 gentes,
1368 1731 1412 1787 vel
1438 1745 1525 1801 super
1543 1737 1641 1802 gentes
1664 1729 1790 1799 aliquas,
1808 1741 1866 1784 non

119 1827 265 1896 conceptio
286 1824 346 1880 sive
368 1823 505 1879 nativitas
525 1823 601 1879 iacta
624 1830 676 1891 est,
698 1829 726 1880 et
755 1821 817 1878 ideo
842 1835 879 1878 ex
915 1819 964 1876 illo
1020 1828 1115 1879 tamen
1131 1834 1219 1891 super
1237 1833 1298 1876 nos.
1322 1819 1388 1876 ldeo
1407 1819 1514 1886 subdit,
1530 1821 1562 1873 iu
1584 1819 1707 1890 omuibus
1732 1818 1865 1887 pentibus,

118 1928 238 1987 quoque
252 1919 350 1978 natus,
366 1912 420 1968 hoc
445 1919 654 1982 estconceptns
678 1924 729 1981 per
749 1910 830 1967 illum
847 1909 963 1966 dicitur.
1019 1909 1074 1966 hoe
1098 1917 1150 1973 est,
1170 1916 1203 1965 nt
1221 1908 1356 1966 omnibus
1382 1908 1555 1978 ubicunque
1581 1907 1752 1977 predicaret
1776 1906 1866 1978 genti·

63 2034 72 2053 i
118 2003 182 2061 Non
196 2002 276 2059 enim
289 2015 373 2057 omne
388 1999 464 2071 quod
479 2012 516 2056 ex
546 1999 644 2070 aliquo
660 1999 791 2055 nascitur
813 1997 966 2065 filiuseius
1020 1996 1092 2054 lium
1128 1996 1306 2053 nationibus.
1340 1997 1441 2052 Gentes
1469 1996 1530 2051 sive
1566 1996 1699 2051 nationes
1728 1994 1868 2051 dicuntur

119 2091 237 2160 dicitur,
262 2097 297 2151 ul
313 2089 409 2160 capilli
424 2103 461 2147 ex
485 2089 589 2160 eapite,
615 2089 661 2144 vel
688 2086 812 2158 pediculi
827 2100 864 2144 ex
882 2086 966 2144 nobis
1020 2087 1104 2158 quasi
1122 2085 1305 2156 talesqnales
1323 2085 1427 2156 genitae
1447 2083 1492 2141 vel
1507 2091 1593 2150 natae,
1617 2083 1670 2140 hoc
1688 2090 1731 2141 est
1750 2083 1813 2140 sine
1825 2082 1864 2139 di·

119 2187 276 2236 noscentes.
293 2181 337 2236 iix
351 2192 429 2250 aqua
442 2192 560 2249 quoque
584 2183 612 2233 et
635 2176 740 2247 spiritu
762 2176 856 2232 denuo
882 2189 965 2232 rena·
1020 2174 1318 2247 sciplinalegisquasi
1334 2173 1455 2243 pecudes
1478 2172 1616 2230 viventes.
1641 2172 1750 2243 Pagani
1770 2178 1866 2228 autem

119 2275 230 2324 scentes
250 2280 438 2337 nequaquam
464 2266 516 2321 hlii
542 2278 628 2336 aquae
655 2265 788 2320 dicimur.
819 2262 915 2320 Solent
938 2270 967 2320 et
1021 2276 1138 2335 apago
1156 2263 1225 2319 dicti
1257 2270 1337 2327 sunt,
1370 2262 1397 2317 id
1427 2269 1470 2318 est
1500 2261 1582 2317 nulla
1609 2275 1658 2317 seu
1689 2273 1866 2333 quacunque

120 2353 171 2411 dlii
193 2353 249 2410 dici
270 2367 380 2420 eorum,
405 2367 422 2409 a
444 2352 553 2424 quibus
578 2366 637 2408 non
664 2358 829 2408 naseuntur
856 2354 890 2407 ul
914 2351 966 2407 dlii
1020 2354 1170 2410 mansione
1184 2359 1268 2409 extra
1286 2351 1442 2419 civitatem,
1464 2358 1497 2408 ut
1515 2351 1572 2406 sint
1597 2349 1702 2421 pagani
1719 2349 1805 2421 quasi
1820 2363 1867 2406 ru·

119 2441 257 2512 adoptivi,
278 2440 328 2497 iiiii
350 2440 467 2508 diaboli,
482 2440 534 2496 lilii
550 2441 700 2511 gehennae,
716 2440 761 2496 vel
778 2439 829 2495 dlii
853 2453 905 2510 per
917 2440 965 2496 do·
1021 2442 1096 2508 elici,
1120 2448 1149 2498 ct
1173 2455 1231 2498 non
1246 2440 1368 2508 urbani,
1384 2440 1436 2510 qui
1462 2439 1592 2495 nondum
1613 2438 1725 2510 legibus
1743 2436 1866 2495 civitatis
1892 2484 1896 2497 .

120 2530 256 2588 ctriuam.
273 2528 384 2600 Siquis
401 2537 497 2586 tamen
519 2528 667 2584 Christum
693 2528 855 2585 secundum
871 2528 966 2584 homi·
1022 2532 1057 2587 ad
1070 2537 1145 2587 recte
1159 2537 1211 2586 aut
1231 2529 1349 2585 honeste
1372 2528 1534 2584 vivendum
1556 2527 1687 2583 instructi
1714 2534 1795 2583 sunt.
1819 2527 1866 2582 list
1892 2526 1895 2537 '

122 2632 189 2677 nem
207 2618 314 2674 Filium
338 2617 388 2674 Dei
410 2624 461 2674 aut
477 2616 601 2687 Spiritus
625 2617 716 2672 sancti
740 2617 828 2682 dicat,
856 2630 888 2672 co
902 2617 967 2687 qui·
1021 2619 1130 2691 qnippe
1145 2618 1246 2674 civitas
1259 2624 1419 2674 conventus
1433 2617 1600 2680 hominum,
1625 2629 1710 2687 requo
1730 2617 1799 2687 jure
1823 2615 1864 2671 vi·
1893 2616 1896 2693 ζ

120 2705 184 2761 dem
201 2704 285 2761 modo
300 2717 358 2775 quo
373 2710 488 2759 caeteros
507 2702 603 2759 ildeles
624 2715 675 2773 per
695 2700 811 2759 filialem
840 2702 866 2759 ei
888 2715 967 2758 amo·
1020 2708 1159 2764 rendum.
1185 2705 1240 2770 Qui
1261 2720 1331 2777 ergo
1359 2718 1376 2760 a
1415 2705 1532 2762 civitate
1560 2703 1609 2760 liei
1639 2703 1756 2774 penitus
1778 2701 1865 2759 alieni

121 2807 183 2851 rem
205 2793 357 2864 subjectos,
374 2804 433 2848 uon
444 2791 604 2848 absurdum
629 2791 763 2848 arbitror.
788 2791 851 2848 Non
871 2799 968 2847 tamen
1021 2804 1114 2865 erant,
1129 2793 1219 2851 nullis
1232 2793 1329 2850 adhuc
1348 2793 1455 2849 divinis
1479 2793 1589 2865 legibus
1605 2791 1748 2859 instructi,
1766 2791 1866 2849 merito

121 2881 184 2939 ideo
200 2881 296 2952 plures
313 2881 418 2938 babent
434 2889 528 2951 patres
543 2887 659 2951 propter
671 2880 773 2947 Deum,
789 2879 897 2936 scilicet
911 2881 968 2934 Pa·
1022 2886 1127 2957 pagani
1143 2891 1226 2940 erant
1243 2881 1389 2953 appellati,
1405 2882 1458 2952 qni
1481 2897 1560 2939 nnnc
1581 2896 1612 2938 se
1637 2881 1794 2938 Saracenos
1807 2894 1866 2937 ma·

123 2977 196 3028 trem
220 2978 248 3027 et
264 2969 402 3039 Spiritum
418 2977 563 3035 sancium,
576 2982 644 3025 cum
670 2969 826 3038 praesertim
847 2982 900 3023 nec
913 2982 968 3024 οοι-
983 2999 1005 3058 c
1022 2976 1065 3046 gis
1080 2987 1167 3043 quam
1182 2975 1330 3044 agarenos
1345 2972 1442 3027 vocari
1465 2970 1578 3034 volunt,
1604 2970 1690 3042 quasi
1713 2983 1731 3027 a
1751 2969 1823 3027 Sara
1837 2969 1867 3026 li·

68 3121 71 3137 Ι
122 3059 186 3133 leri
200 3057 280 3114 electi
303 3058 400 3128 piures
423 3065 518 3126 patres
540 3058 596 3113 ileo
621 3056 746 3112 habeant
768 3064 883 3127 propter
905 3070 967 3127 per·
1022 3064 1091 3121 hera
1113 3060 1206 3133 magis
1233 3075 1321 3132 quam
1350 3059 1386 3116 ah
1407 3063 1485 3131 Agar
1508 3060 1613 3116 ancilla
1643 3058 1811 3129 nuncupari
1839 3073 1867 3116 se

40 3160 42 3164 ·
123 3160 262 3204 sonarum
287 3145 494 3202 diversitatem.
517 3144 616 3214 Neque
639 3143 716 3201 enim
737 3143 776 3200 ihi
798 3145 896 3215 plures
917 3158 968 3215 pa·
1022 3151 1188 3224 gloriantes.
1220 3149 1266 3205 Ad
1298 3149 1478 3204 obediendum
1506 3149 1581 3217 eido.
1606 3150 1663 3204 iioc
1685 3156 1738 3216 est,
1767 3146 1805 3204 ad
1835 3160 1867 3204 ca

123 3242 181 3292 tres
203 3233 358 3290 dicendum
380 3239 432 3300 est,
457 3233 531 3288 sicui
552 3246 606 3289 1100
626 3231 724 3302 tillires
746 3233 813 3289 drus
840 3239 892 3289 1111
918 3232 965 3288 d0·
1021 3253 1108 3311 opera
1136 3237 1283 3309 implenda
1306 3252 1372 3308 quae
1410 3245 1477 3294 ante
1507 3237 1681 3293 crediderint
1710 3236 1865 3306 implenda.

123 3321 218 3379 minos
232 3335 299 3377 cum
320 3319 402 3377 nulla
424 3319 461 3376 sit
484 3320 523 3376 ibi
545 3333 644 3377 rerum
670 3320 831 3387 diversitas,
854 3328 969 3377 asrtno
1023 3329 1117 3385 Primo
1127 3328 1237 3399 quippe
1260 3327 1330 3383 seiri
1344 3333 1456 3396 oportet
1469 3340 1535 3396 quae
1545 3326 1676 3382 iacienda
1695 3333 1766 3382 sunt
1781 3340 1867 3397 quam

121 3407 417 3466 minumoieerentia.
444 3406 472 3464 st
488 3421 556 3465 vero
578 3415 730 3479 quaeratur
756 3415 856 3465 utrum
883 3410 968 3465 homo
1022 3431 1106 3488 opere
1120 3414 1330 3486 compleantur.
1353 3415 1663 3484 praemunirem
1687 3406 1729 3471 'est
1744 3415 1794 3471 oei
1809 3416 1867 3472 sire

122 3497 170 3554 illc
185 3499 214 3553 in
229 3496 341 3554 Christo
359 3496 485 3555 &Verbo
509 3505 675 3567 assumptus
700 3495 737 3552 111
751 3498 904 3568 allophilis
919 3497 968 3554 1)θί
1022 3504 1138 3570 Christi,
1156 3511 1188 3560 ut
1202 3503 1335 3560 videlicet
1350 3503 1410 3573 ipse
1431 3509 1622 3573 cognoscatur
1642 3510 1670 3559 et
1689 3503 1731 3558 sic
1756 3511 1868 3559 ametur

123 3585 215 3642 Filius
225 3585 300 3641 111111
313 3584 407 3642 ssaeleri
430 3584 522 3652 1111111,
549 3585 692 3642 1111111101
716 3585 825 3642 bonum
851 3601 969 3657 quoque
1022 3594 1182 3651 secuudum
1197 3593 1274 3663 quod
1290 3592 1349 3661 ipse
1364 3591 1496 3647 Christus
1515 3591 1549 3647 de
1564 3604 1593 3647 se
1616 3598 1645 3647 et
1667 3590 1753 3647 Patre
1775 3591 1867 3662 loqui-

122 3687 175 3746 per
188 3675 312 3747 gratiam
340 3674 454 3741 haheat,
479 3689 538 3731 uon
567 3682 637 3745 pulo
663 3675 888 3732 concedendum·
914 3675 969 3743 Qui
1024 3689 1081 3750 tur,
1116 3689 1149 3737 ut
1170 3688 1346 3753 cognoscant
1372 3688 1398 3737 te
1420 3680 1514 3736 solum
1538 3688 1566 3736 et
1585 3694 1671 3751 quem
1696 3679 1800 3736 misisti
1823 3681 1868 3736 le·

121 3763 200 3821 enim
215 3765 392 3837 adoptantur
407 3771 435 3820 ct
447 3764 488 3819 sic
504 3762 556 3819 illii
571 3762 749 3831 alliciuntur,
770 3763 873 3835 utique
888 3765 969 3834 prins
1022 3782 1089 3825 sum
1107 3766 1265 3823 Christum.
1284 3765 1425 3831 Quaelihet
1437 3781 1482 3824 res
1504 3767 1620 3824 nomine
1641 3780 1694 3823 suo
1712 3764 1868 3839 significari

122 3859 205 3909 erant
226 3866 285 3909 non
309 3866 342 3908 eo
369 3852 452 3908 modo
473 3850 527 3907 dlii
553 3866 612 3922 quo
645 3851 712 3908 iacti
734 3859 813 3909 sunt.
836 3853 873 3909 Αι
900 3866 968 3909 vero
1021 3864 1049 3914 et
1072 3855 1206 3927 cognosci
1230 3855 1327 3923 habet,
1356 3855 1477 3927 ideoque
1497 3869 1601 3910 nomen
1627 3855 1672 3912 hic
1694 3869 1745 3925 pro
1769 3853 1869 3911 notitia

123 3940 211 3999 homo
226 3940 273 3997 iile
296 3954 313 3997 a
334 3940 429 3999 Verbo
443 3947 611 4011 assumptus
627 3940 744 3997 omniuo
767 3940 830 3997 siue
854 3948 968 4010 peccato
1022 3945 1151 4016 ponitur.
1173 3944 1309 4015 cognosci
1326 3950 1423 4000 aulem
1451 3957 1518 4000 vere
1537 3950 1652 3999 tantum
1679 3943 1789 4000 bonum
1813 3956 1868 3999 uon

122 4039 150 4088 et
165 4036 289 4087 natuset
303 4037 467 4099 conceptus,
496 4029 594 4084 statim
617 4042 654 4085 ex
678 4043 737 4101 quo
752 4029 863 4086 exstitit
879 4029 969 4084 Filius
1021 4039 1122 4104 polest,
1147 4031 1203 4087 nisi
1227 4038 1255 4088 ct
1277 4031 1375 4088 statim
1397 4029 1544 4102 diligatur.
1566 4034 1599 4087 iu
1629 4032 1730 4100 qulbus
1759 4033 1825 4087 estis
1846 4034 1869 4084 et

124 4119 175 4176 Dei
190 4117 376 4189 pergratiam
392 4116 457 4173 init.
473 4116 536 4172 Non
555 4129 623 4173 vero
639 4116 689 4172 alii
704 4116 756 4189 qui
771 4131 838 4174 cum
854 4125 968 4187 peccato
1022 4137 1078 4189 uos,
1094 4121 1178 4177 idest
1192 4120 1222 4175 in
1237 4133 1364 4190 quarum
1389 4121 1518 4190 gentium
1542 4120 1693 4177 vocatione
1706 4128 1734 4177 et
1749 4134 1801 4177 vos
1816 4120 1868 4177 lio·

82 4242 90 4257 .
123 4205 282 4273 nascimur,
297 4212 326 4262 et
341 4204 393 4260 lilii
412 4204 464 4260 irae
483 4204 619 4271 dicimur,
636 4205 729 4261 renati
754 4205 894 4275 baptismo
918 4219 969 4277 per
1023 4209 1173 4279 manijam
1187 4209 1265 4265 estis.
1289 4210 1385 4264 Vocati
1405 4211 1469 4264 lesu
1489 4208 1600 4264 christi.
1620 4211 1676 4266 lioc
1696 4210 1792 4266 estex
1812 4207 1867 4280 glo·

123 4295 305 4366 adoptionem
319 4307 379 4350 esse
403 4292 559 4363 incipimus
573 4293 649 4363 quod
667 4308 725 4350 non
744 4294 827 4365 prius
840 4308 967 4352 eramus.
1023 4297 1100 4355 rioso
1112 4297 1176 4367 ejus
1190 4296 1308 4353 nominc
1322 4295 1478 4352 Christiani
1495 4297 1642 4368 appellati.

122 4382 173 4440 lile
183 4382 281 4452 itaque
296 4382 362 4438 licet
376 4395 427 4453 per
440 4384 563 4453 gratiam
578 4383 738 4440 mcundum
757 4366 1008 4440 humanitatemfl
1059 4385 1190 4443 Omnibus
1223 4387 1271 4456 qui
1289 4389 1353 4441 suut
1384 4388 1483 4442 Roma.
1516 4387 1672 4457 Hucusque
1699 4385 1795 4444 littera
1815 4393 1871 4443 tota

122 4470 216 4528 Filius
228 4470 354 4540 dicatur,
369 4485 429 4528 non
443 4479 540 4528 tamen
556 4486 606 4544 per
621 4473 802 4545 adoptionem
817 4471 872 4528 hoc
885 4485 965 4528 acce-
1024 4475 1173 4547 praemissa
1192 4474 1280 4543 hujus
1309 4473 1490 4531 salutationis
1522 4475 1695 4545 suspensiva
1713 4482 1767 4539 est,
1789 4475 1871 4547 qnasi

123 4560 167 4631 pit
181 4559 232 4632 qui
256 4559 309 4616 hoc
331 4573 368 4615 ex
387 4573 446 4629 quo
469 4559 524 4616 luit
552 4559 663 4616 hahuit.
690 4560 769 4617 Unde
791 4558 918 4616 Hilarius
936 4559 971 4616 de
1026 4564 1150 4631 dicatur,
1174 4561 1302 4634 repetitis
1321 4561 1456 4620 omnihus
1478 4564 1643 4634 premissis,
1680 4563 1790 4621 Paulus
1811 4577 1868 4620 aer·

122 4648 263 4705 Trinitate
276 4646 330 4704 lib.
346 4662 386 4704 ιιιι
399 4646 456 4718 (16)
472 4663 479 4702 :
496 4667 510 4697 ο
525 4649 562 4704 lit
576 4662 628 4704 nos
643 4648 696 4718 qui
712 4648 761 4703 dlii
777 4648 839 4715 liei,
855 4649 904 4706 sed
921 4662 971 4720 per
1025 4665 1091 4720 vus,
1106 4660 1173 4722 eto,
1188 4653 1319 4718 mandat,
1341 4652 1482 4708 subaudis
1502 4652 1557 4708 boc
1579 4652 1716 4710 omnihus
1735 4653 1786 4723 qui
1804 4659 1871 4709 sunt

123 4734 342 4803 iacturamdlii,
369 4735 481 4793 luimus
493 4736 572 4792 enim
591 4734 752 4805 aliquando
777 4735 828 4791 iiiii
854 4736 968 4794 iracuu·
1026 4742 1123 4799 llomae
1144 4740 1258 4797 dilectis
1278 4740 1328 4797 Dei
1347 4742 1456 4798 voeatis
1488 4741 1606 4808 sanctis,
1641 4742 1706 4808 hoc,
1739 4742 1869 4813 inquam,

123 4823 188 4893 diae,
204 4824 253 4880 sed
271 4822 322 4880 tilii
349 4823 398 4880 liei
418 4837 470 4895 per
492 4822 673 4894 adoptionem
697 4821 801 4891 effecti,
820 4831 849 4881 et
861 4825 923 4882 dici
941 4825 972 4882 id
1025 4830 1145 4887 mandat
1164 4847 1172 4908 ξ
1193 4831 1290 4887 Gratia
1307 4832 1345 4885 sit
1362 4830 1437 4886 uobis
1462 4835 1487 4885 et
1502 4845 1574 4900 pau,
1594 4838 1648 4887 etc.
1681 4831 1793 4886 Dilectis
1813 4832 1869 4886 het.

123 4925 270 4969 meremur
297 4911 393 4984 potius
423 4925 513 4983 quam
544 4911 703 4969 nascimur.
736 4913 772 4970 lit
794 4914 864 4984 quia
887 4928 972 4973 omno
1025 4920 1066 4976 hc
1088 4919 1112 4974 si
1135 4918 1263 4975 diecret:
1289 4918 1353 4975 Non
1375 4918 1440 4975 dieo
1461 4918 1631 4989 simpliciter
1655 4918 1794 4976 omnihus
1819 4918 1871 4991 qul

123 5000 203 5070 quod
218 5000 249 5058 iit
263 5009 420 5073 antequam
435 5000 486 5057 ilat
506 5015 564 5058 non
584 4999 649 5067 luit,
666 5015 718 5059 uos
741 5016 808 5059 cum
830 5001 881 5058 iiiii
912 5016 971 5058 non
1026 5015 1094 5065 sunt
1108 4998 1215 5074 Romae,
1242 5013 1299 5063 lam
1320 5006 1454 5064 fidelihus
1467 5006 1576 5064 scilicet
1593 5020 1682 5078 quam
1696 5007 1871 5069 infidelibus,

122 5086 288 5159 iuhsemus,
305 5090 342 5147 ad
358 5091 386 5148 id
400 5091 479 5162 qnod
493 5104 596 5147 sumus
617 5089 772 5148 efficimur.
795 5093 869 5148 aute
892 5091 971 5148 enim
1026 5103 1085 5154 tam
1098 5095 1194 5153 electis
1208 5109 1298 5166 quam
1317 5095 1468 5167 reprobis:
1488 5095 1537 5152 sed
1561 5095 1608 5152 his
1621 5103 1738 5153 tantum
1754 5095 1808 5167 qui
1823 5108 1872 5166 per

123 5174 174 5233 tilii
189 5191 248 5236 non
266 5191 392 5248 eramus,
418 5178 467 5236 sed
491 5185 646 5251 postquam
668 5183 830 5238 meruimus
851 5179 907 5238 hoc
922 5194 971 5238 su·
1026 5185 1243 5242 conversionem
1266 5197 1349 5241 suam
1368 5185 1429 5255 jam
1453 5183 1612 5240 amicitiam
1636 5197 1704 5242 cum
1725 5184 1782 5242 ileo
1807 5184 1875 5242 inic

125 5277 201 5322 mue.
216 5265 326 5324 Sumus
339 5274 436 5325 autem
459 5281 518 5326 non
546 5268 617 5339 nati,
638 5268 688 5325 sed
710 5265 795 5328 iacti:
811 5284 907 5341 neque
921 5284 972 5343 ge·
1026 5281 1106 5343 runt,
1129 5273 1252 5345 subjecti
1270 5273 1332 5345 iam
1358 5272 1385 5330 ei
1404 5286 1483 5330 more
1504 5273 1747 5343 Christianorum,
1778 5273 1807 5330 id
1833 5282 1877 5332 est

164 5438 221 5513 (ib)
236 5438 344 5500 Petrei·
360 5448 428 5500 ιοιιι.
446 5441 503 5512 lib,
517 5443 572 5502 ool.
585 5444 647 5502 aba.
1062 5445 1119 5522 (bb)
1135 5446 1240 5509 Patrol.
1258 5453 1327 5508 tom.
1347 5447 1385 5519 X,
1399 5448 1453 5508 ool.
1468 5449 1531 5520 iio,
1547 5449 1611 5508 111.
