3804 5962
97 208 150 268 ao,
354 203 457 258 earm
477 173 665 261 senatum
687 208 763 262 ore.
784 207 875 266 raas
894 208 982 267 rus-
995 208 1220 269 rtusouocrea
1240 212 1282 269 ur
1301 209 1569 269 enruosornrut.

1786 212 1838 268 760

88 306 301 383 debissclticet
326 323 525 380 animantibus
555 340 621 395 quae
648 327 788 396 producta
817 337 886 386 sunt
900 344 936 386 ex
952 332 976 386 Α
992 331 1136 402 dispositis
1151 338 1267 402 proptor
1291 330 1447 398 bominem,
1475 344 1541 386 eum
1561 330 1716 386 novissime
1737 329 1840 387 eondi-

87 408 181 486 aquis.
206 419 385 468 sacramento
413 412 547 482 baptismi
589 413 748 483 plurimum
773 432 933 488 congruere
954 450 958 454 -

86 502 213 567 videtur,
238 501 288 556 ubi
311 514 329 555 a
354 509 468 568 peccato
499 501 610 558 liberati
631 512 658 558 et
682 505 766 574 quasi
781 505 816 561 de
844 515 933 563 morte

88 592 218 649 suscitati
236 603 286 659 per
308 589 512 646 vivificatorem
531 593 664 660 spiritum
686 594 765 650 nasei
785 608 819 650 ao
837 595 935 652 vivere

90 681 119 736 in
148 679 204 736 Deo
227 678 392 747 incipimus,
423 692 457 733 ao
480 679 514 734 de
539 683 629 736 veteri
656 682 745 737 Adam
771 683 801 739 in
825 699 934 741 novum

87 773 334 838 promovemuret
358 765 387 820 in
411 767 539 823 membra
555 769 658 824 curisti
681 771 934 829 transformamur.

88 854 124 909 Et
139 854 252 909 attende
275 854 353 924 qnod
384 855 451 911 solis
484 856 683 914 animantibus
709 859 771 916 istis
802 876 838 917 en
859 876 936 932 aqua

89 942 195 1000 seilicet
210 943 312 998 crealis
340 951 367 998 et
396 944 577 1013 postmodum
600 947 765 1004 bominibus
779 957 806 1005 et
822 952 937 1007 tandem

89 1031 209 1102 septimo
223 1031 279 1088 diei
303 1033 377 1088 Deus
394 1033 468 1088 inter
498 1034 557 1090 liaeo
582 1049 668 1104 opera
686 1037 853 1094 benedicere
872 1053 932 1095 mo·

90 1129 233 1190 moratur,
266 1120 462 1177 benedictione
495 1122 621 1178 bominis
650 1125 745 1180 media
771 1128 936 1196 constituta,

91 1216 233 1280 tauquam
256 1211 293 1265 ad
317 1209 395 1265 illam
414 1211 526 1266 caeteris
550 1212 666 1268 duabus
688 1216 937 1272 convenientibus.

91 1297 256 1355 Benedictio
276 1299 384 1369 quippe
402 1299 527 1354 bominis
552 1314 569 1354 a
593 1300 736 1371 baptismo
759 1304 869 1373 incipit,
892 1319 940 1360 re-

92 1386 228 1444 missione
244 1386 570 1468 plenarialpeceatorum
587 1389 788 1475 ibispercepta,
811 1406 845 1449 ae
860 1401 939 1463 post-

92 1476 212 1533 modum
239 1477 268 1531 in
289 1476 443 1532 sabbatum
467 1491 603 1547 supernae
633 1478 779 1536 felicitatis
812 1490 942 1553 promota

93 1573 323 1633 consummatur,
348 1574 381 1622 ut
404 1565 600 1636 uinoquoque
620 1567 803 1626 benedictum
832 1572 868 1628 sit
891 1587 940 1628 su-

990 420 1041 488 dit,
1056 428 1083 476 et
1102 429 1242 492 tanquam
1257 421 1287 476 in
1314 419 1370 476 tine
1386 433 1505 475 suorum
1526 433 1647 489 operum
1662 420 1813 476 constituit
1830 437 1837 474 ε
1894 478 1896 483 ,

992 511 1027 567 ad
1042 526 1127 581 quem
1142 521 1281 581 tanquam
1305 509 1389 565 finem
1416 517 1444 565 et
1469 523 1587 564 eausam
1611 524 1672 565 sure
1687 507 1841 566 creationis

991 608 1097 655 caetera
1110 600 1208 655 omnia
1229 600 1393 666 tendebant,
1425 613 1490 654 eum
1510 608 1625 668 propter
1645 613 1711 654 eum
1743 597 1842 653 fierent

992 690 1137 744 universa.
1153 689 1234 745 Unde
1251 703 1303 744 nec
1323 703 1389 744 eum
1413 687 1505 743 creari
1525 688 1651 757 oportuit
1679 686 1733 741 nisi
1756 693 1841 741 eaele-

992 778 1153 847 risquibus
1177 793 1297 848 praeesse
1328 778 1459 842 debebat,
1481 777 1528 832 vel
1546 791 1612 846 quae
1638 776 1690 846 ipsi
1707 776 1735 832 io
1757 787 1840 829 esum
1880 767 1884 774 ⁴

992 868 1163 933 necessaria,
1185 866 1228 921 rel
1246 865 1346 940 saitem
1366 866 1401 920 ad
1424 864 1643 935 glorificandum
1663 864 1754 919 Deum
1776 875 1845 917 cou-

994 968 1069 1025 grua
1093 964 1176 1010 erant
1203 961 1269 1010 ante
1293 955 1396 1010 crealis
1420 953 1490 1009 etei
1516 953 1695 1022 preparatis,
1719 950 1843 1020 nequid

993 1043 1066 1098 forto
1097 1044 1132 1098 de
1164 1044 1322 1114 indigentia
1354 1044 1383 1098 in
1413 1043 1628 1099 exctrsaliouem
1667 1044 1710 1097 sui
1738 1039 1847 1110 peceati

995 1134 1173 1201 praetendere
1194 1139 1296 1201 posset,
1312 1140 1340 1187 et
1365 1140 1442 1187 lanto
1468 1131 1595 1200 amplius
1609 1129 1646 1185 ab
1671 1128 1781 1185 oflensa
1796 1126 1846 1182 Dei

995 1222 1124 1278 revocari
1165 1228 1270 1290 posset,
1292 1228 1402 1291 quanto
1428 1217 1743 1289 majorem‘dileotionis
1777 1216 1842 1286 ejus

996 1323 1115 1365 oausam
1131 1310 1259 1376 liaberet,
1275 1310 1327 1379 qui
1349 1323 1416 1365 eum
1445 1308 1603 1379 praefecerit
1627 1307 1780 1368 universis,
1797 1302 1842 1360 vel

995 1399 1081 1455 eliam
1110 1406 1173 1468 post
1192 1412 1293 1454 casum
1320 1398 1357 1453 ad
1384 1398 1580 1466 poenitentiam
1612 1395 1698 1451 citius
1718 1406 1844 1450 movere-

997 1494 1055 1553 tur,
1079 1487 1177 1543 dolens
1200 1501 1230 1543 se
1254 1487 1336 1543 illum
1360 1485 1512 1541 offendisse
1537 1487 1585 1541 cui
1615 1491 1695 1540 lauta
1713 1482 1844 1539 debebat.

997 1577 1088 1646 Cuius
1104 1575 1220 1646 quidem
1245 1575 1400 1631 creationis
1423 1573 1622 1630 excellentiam
1648 1578 1778 1642 patenter
1803 1573 1846 1625 iu·

94 1653 194 1724 perius
221 1653 341 1723 produci
363 1668 400 1710 ex
429 1654 513 1724 aquis
541 1656 667 1712 animam
690 1658 835 1715 virentem
856 1666 1107 1731 atquopsinuat,
1138 1679 1204 1720 eum
1238 1664 1322 1734 quasi
1347 1678 1382 1718 ex
1410 1664 1536 1734 quodam
1568 1661 1686 1717 consilio
1714 1661 1844 1730 loquens,

94 1742 268 1799 motabilem.
288 1745 320 1798 ln
347 1742 487 1811 baptismo
511 1744 619 1814 quippe
651 1745 749 1801 vivere
775 1746 940 1817 incipimus,

95 1841 129 1890 ut
149 1831 412 1902 indepostmodum
441 1834 470 1887 iu
497 1834 670 1901 praedictum
694 1835 849 1893 sabbatum
877 1850 946 1906 pro·

97 1919 167 1975 moti
179 1921 289 1990 pariter
301 1919 497 1988 quiescamus.

415 2078 451 2120 bb
464 2078 558 2121 SEXTA
571 2079 631 2121 ΝΕ.

133 2188 263 2243 Animam
282 2191 425 2243 eluentem.
459 2191 571 2246 lloeest
599 2191 759 2249 animatum
776 2206 812 2248 ex
847 2207 877 2249 se
901 2194 950 2249 vi-

99 2290 181 2341 rens,
195 2290 252 2331 uon
274 2290 311 2331 ea
333 2284 410 2333 terra
430 2278 520 2334 vitam
544 2281 728 2347 contrahens,
755 2282 890 2351 quamvis
913 2295 949 2337 ex

100 2372 178 2421 terra
201 2364 247 2432 sit,
274 2366 374 2422 sieute
390 2369 537 2424 contrario
573 2369 679 2439 plautae
709 2369 828 2426 faciunt.
852 2373 949 2425 Visen-

101 2459 163 2521 iem,
182 2454 286 2525 inquit,
307 2457 337 2508 in
358 2469 455 2521 periere
482 2472 541 2522 suo,
566 2459 635 2527 quia
656 2458 709 2513 etsi
730 2458 790 2529 jam
817 2459 865 2514 illa
879 2461 947 2514 aui-

101 2545 212 2600 mantia
226 2558 292 2614 quae
317 2544 396 2614 prius
425 2553 520 2601 creata
541 2545 660 2604 fuerunt
674 2552 701 2604 in
726 2565 755 2606 se
771 2549 946 2616 defecerunt,

102 2648 156 2690 nec
168 2634 229 2703 Jam
242 2634 342 2688 eadem
364 2649 486 2691 numero
500 2645 668 2706 permanent
684 2652 750 2708 quae
774 2638 854 2708 prius
876 2637 951 2693 facta

103 2731 183 2787 suut,
213 2720 243 2776 in
271 2736 324 2777 suo
348 2730 444 2779 tamen
465 2738 568 2795 genere
598 2727 810 2795 quodammodo
840 2739 952 2796 semper

104 2810 219 2876 vivunt,
240 2824 300 2879 qua
316 2811 513 2869 decidentibus
529 2814 687 2869 individuis
711 2830 803 2885 genus
817 2815 876 2870 sive
889 2828 951 2883 spe·

106 2988 199 3057 speeie
223 3001 288 3053 sna,
309 3003 375 3057 quae
398 2990 490 3057 primo
514 2996 610 3045 creata
629 2999 708 3054 suut,
732 2992 782 3045 ersi
804 2991 864 3060 J'am
880 2991 909 3045 iu
925 3005 954 3046 se

106 3090 165 3132 nou
181 3076 291 3142 vivant,
307 3078 381 3132 sieut
405 3086 432 3133 et
456 3079 490 3133 de
515 3078 613 3148 aliquo
632 3078 738 3134 dieitur
759 3088 882 3148 tyranno
894 3081 955 3150 jam

108 3174 232 3228 mortuo,
245 3165 315 3235 quia
340 3163 411 3219 vivit
426 3165 456 3220 in
471 3165 538 3221 liliis
561 3166 629 3221 suis.
653 3166 688 3220 El
703 3175 771 3223 nota
797 3168 873 3237 quod
888 3182 955 3224 eum

109 3254 148 3309 ait
163 3255 283 3306 animam
296 3251 428 3308 viventem
442 3253 477 3309 de
492 3254 537 3309 bis
565 3269 631 3325 quae
650 3256 684 3310 de
713 3264 790 3311 terra
806 3256 955 3326 produxit,

109 3354 167 3396 non
185 3341 288 3410 adjecit
313 3342 477 3397 motabilem
494 3343 568 3399 siout
584 3343 663 3413 prius
677 3345 712 3401 de
732 3344 777 3400 bic
793 3359 857 3415 quae
873 3358 957 3416 aquae

109 3429 330 3498 produxeram
349 3429 418 3498 quia
434 3444 500 3486 cum
515 3432 687 3488 elementum
703 3446 787 3504 aquae
814 3434 907 3489 levius
921 3435 958 3490 sit

109 3523 198 3576 terra,
222 3518 346 3586 profecto
359 3520 497 3575 animalia
519 3520 554 3576 de
579 3521 663 3591 aquis
687 3522 827 3591 producta
853 3521 958 3577 facilio-

111 3619 171 3663 rem
187 3606 292 3662 babent
319 3616 439 3677 motum,
468 3617 495 3664 et
522 3622 644 3679 corpora
663 3611 908 3666 ‚eorumfacilius
921 3611 958 3666 ab

111 3695 209 3751 anima
229 3696 336 3753 moveri
351 3707 438 3768 atque
466 3697 568 3769 agitari
586 3708 716 3769 possunt,
733 3708 765 3755 ut
782 3699 844 3770 jam
870 3713 959 3769 supra

111 3784 307 3840 meminimus.

146 3872 283 3929 fomento.
312 3875 343 3930 Id
359 3883 400 3932 est
415 3875 615 3946 quadrupedia
635 3877 791 3933 domestica
807 3878 890 3948 quasi
904 3877 958 3933 sub

110 3963 182 4034 jugo
195 3971 222 4018 et
236 3964 363 4020 dominio
377 3975 474 4020 nostro
493 3965 593 4034 posita.
676 4026 678 4031 ,

148 4053 270 4121 Replilt'a
290 4057 378 4107 terrae.
398 4052 443 4108 sic
472 4055 548 4108 euim
571 4054 754 4124 jungendum
766 4062 809 4110 est
823 4054 859 4110 ad
875 4053 960 4111 utite-

113 4141 235 4196 rentiam
252 4141 360 4197 scilioet
374 4141 608 4210 supradictorum
624 4143 768 4212 reptilium
786 4156 880 4213 aquae.

149 4227 270 4303 Bestias.
286 4229 424 4285 Videlicet
443 4228 640 4294 silvestresut
659 4230 744 4298 feras,
753 4231 799 4288 vel
816 4245 962 4303 quascun-

115 4331 172 4390 que
191 4329 209 4372 a
222 4325 319 4373 nostra
331 4318 547 4375 conversatione
556 4326 690 4376 remotas.

149 4409 185 4462 fit
197 4408 272 4474 feeit.
290 4406 386 4464 Primo
410 4406 485 4463 dixit
502 4410 628 4476 :factam
646 4413 687 4463 esl
709 4412 760 4471 ita,
784 4409 862 4480 quod
881 4409 963 4466 seili-

115 4506 160 4554 oet
189 4503 266 4554 terra
301 4496 439 4567 produxit
472 4497 621 4559 animalia,
661 4498 964 4568 secundumcorporis

115 4586 325 4652 substautiam;
350 4585 400 4642 sed
424 4587 605 4656 postmodum
630 4586 692 4643 baee
727 4587 867 4643 Dominus
894 4601 963 4644 eon·

117 4674 290 4731 summando
315 4674 388 4741 feeit,
419 4673 503 4745 quasi
528 4674 655 4744 perfecit,
688 4673 805 4730 vitalem
829 4675 963 4745 spiritum

117 4763 157 4820 eis
172 4763 266 4819 dando
290 4763 325 4819 de
348 4776 436 4834 aqua,
461 4771 491 4820 ut
515 4763 665 4819 nonnullis
686 4762 813 4832 videtur,
843 4761 903 4819 sive
929 4766 964 4820 de

117 4852 226 4925 ceteris
239 4852 396 4920 elementis,
411 4865 471 4907 uon
488 4851 528 4908 ita
549 4851 724 4921 corpulentis
739 4860 790 4907 aut
812 4853 962 4923 gravibus,

118 4941 169 4998 sed
184 4942 276 5013 magis
286 4941 400 4998 levibus
415 4947 504 5012 atque
519 4939 684 4997 mobilibus.
693 4940 755 4996 Nou
772 4940 878 4997 dieitur
891 4943 966 4999 bens

118 5029 298 5088 benedixisse
313 5030 410 5088 bestiis
425 5031 498 5086 sieut
515 5029 641 5099 piscibus
655 5038 682 5084 et
698 5029 876 5097 volucribus,
895 5043 965 5100 quia

118 5133 235 5190 serpens
248 5120 296 5176 eui
312 5120 519 5176 maledicturus
539 5127 603 5174 erat
634 5119 670 5175 de
685 5118 782 5175 bestiis
798 5127 868 5175 tune
891 5127 962 5175 erat.

118 5208 231 5266 Homini
256 5220 324 5264 vero
339 5208 484 5265 benedixit
498 5221 670 5280 quanquam
694 5216 866 5278 peccaturus
880 5215 964 5276 esset,

119 5308 173 5351 neo
204 5306 281 5359 eum,
311 5292 362 5348 sed
392 5300 498 5350 terram
522 5302 638 5364 propter
675 5307 742 5351 eum
783 5292 965 5350 maledictam

119 5381 198 5438 dicit.

152 5471 296 5529 declamas
324 5467 469 5533 bominem.
493 5469 604 5533 creatis
623 5471 734 5531 ceteris
752 5468 890 5528 omuibus
903 5467 967 5528 sire

1001 1753 1089 1809 dicit:
1119 1756 1265 1822 sociamus.
1290 1752 1346 1808 Sed
1359 1766 1412 1808 cur
1431 1752 1582 1822 pluraliter
1607 1750 1735 1806 dicitur:
1756 1750 1849 1816 socio-

1000 1858 1061 1897 mus
1078 1843 1222 1899 homiuem
1249 1843 1284 1897 ad
1302 1843 1456 1912 imaginem
1473 1849 1611 1905 nostram,
1629 1839 1651 1894 si
1668 1837 1749 1894 nulla
1765 1850 1846 1906 pror-

1001 1945 1052 1987 sus
1068 1931 1216 2001 pluralitas
1231 1932 1258 1985 in
1275 1932 1331 1985 Deo
1346 1931 1393 1992 sit,
1412 1929 1463 2000 qui
1477 1929 1554 1984 solus
1576 1928 1721 1983 bominem
1736 1938 1848 1980 creasse

1002 2020 1038 2076 ad
1058 2020 1211 2091 imaginem
1240 2033 1324 2075 suam
1360 2028 1457 2088 postea
1473 2024 1650 2072 memoratur
1666 2015 1710 2071 lus
1733 2013 1851 2070 verbis:

1003 2109 1043 2162 El
1072 2112 1172 2162 creauit
1204 2111 1274 2162 Dens
1299 2108 1435 2162 bominem
1457 2107 1494 2161 ad
1523 2109 1670 2173 imaginem
1696 2118 1786 2168 suam,
1810 2102 1849 2155 ad

1004 2198 1152 2264 imaginem
1168 2199 1216 2250 Dei
1227 2198 1328 2249 creauit
1347 2197 1435 2249 illum.

1039 2286 1140 2340 bieant
1155 2285 1246 2341 iudei
1270 2285 1294 2340 si
1315 2290 1444 2353 possunt,
1477 2282 1520 2338 rel
1537 2282 1687 2338 nobiseum
1704 2279 1853 2335 fateantur

1003 2373 1034 2429 in
1049 2389 1108 2429 una
1124 2374 1288 2429 divinitatis
1303 2373 1426 2428 essentia
1446 2371 1639 2442 pluralitatem
1660 2381 1852 2440 personarum

1005 2464 1199 2533 magisquam
1214 2475 1311 2517 rerum
1338 2475 1407 2516 esse.
1433 2460 1515 2524 Quod
1539 2458 1691 2528 diligenter
1715 2455 1856 2525 propbeta

1006 2552 1190 2607 considerans
1221 2551 1255 2605 ad
1288 2549 1498 2605 distinctionem
1530 2559 1718 2617 personarum
1750 2544 1857 2598 lacien-

1007 2639 1085 2704 dam,
1101 2639 1169 2694 dicit
1197 2638 1362 2707 pluraliter:
1382 2638 1527 2690 Faciamus
1544 2652 1551 2701 ;
1572 2633 1607 2689 ad
1631 2634 1770 2689 unitatem
1786 2643 1856 2685 vero

1007 2728 1054 2782 Dei
1077 2727 1283 2797 assignandam
1298 2725 1451 2795 subjunxit
1475 2722 1671 2794 singulariter,
1704 2725 1730 2774 et
1755 2720 1858 2773 creavit

971 2868 989 2892 fl
1008 2819 1075 2869 fieus
1106 2817 1250 2878 bominem,
1275 2822 1328 2870 etc.
1365 2812 1451 2876 Quasi
1476 2826 1544 2882 ergo
1564 2810 1670 2880 aliquis
1694 2822 1792 2864 secum
1817 2807 1858 2861 lo·

106 2899 230 2955 eiesnon
255 2899 373 2968 deperit.
398 2901 508 2958 Vivunt
523 2916 591 2970 ergo
606 2902 636 2956 iu
659 2916 772 2973 genere,
803 2903 908 2958 honest
923 2903 951 2957 in
976 2903 991 2926 '¹

1008 2918 1100 2974 aqueus
1125 2918 1154 2959 se
1183 2911 1211 2959 et
1238 2902 1378 2957 rationem
1408 2914 1490 2956 suam
1514 2902 1598 2969 quasi
1622 2898 1679 2954 duo
1703 2895 1856 2953 constituit

1008 3007 1073 3048 eum
1088 3005 1150 3047 eam
1177 2991 1309 3057 consulit,
1326 2991 1399 3046 sicul
1421 2989 1535 3045 Boetius
1559 2989 1587 3042 in
1612 2987 1686 3042 libro
1710 2988 1857 3040 become-

1010 3080 1314 3149 lotionePbilosopltiae,
1341 3078 1385 3134 vel
1412 3077 1594 3148 Augustinus
1609 3076 1637 3131 io
1656 3075 1729 3131 libro
1753 3072 1858 3129 Solito-

1009 3173 1145 3236 quiorom.
1171 3169 1216 3224 Sic
1237 3170 1312 3224 [leus
1351 3168 1434 3223 Pater
1465 3167 1501 3221 ad
1526 3164 1697 3221 creationem
1731 3161 1858 3217 hominis

1009 3266 1067 3314 tam
1084 3258 1257 3327 Sapientiam
1282 3271 1368 3326 quam
1388 3257 1558 3319 bonitatem,
1587 3254 1640 3310 boc
1652 3256 1694 3309 est
1710 3251 1814 3306 Filium
1830 3253 1859 3305 et

1010 3346 1147 3415 Spiritum
1174 3354 1306 3401 sanetum
1338 3344 1422 3414 quasi
1451 3343 1578 3397 invitans
1604 3341 1689 3395 dicit:
1709 3341 1857 3395 Faciamus

1009 3449 1075 3490 euru
1092 3436 1175 3490 talem
1198 3442 1363 3500 iat-lautum,
1383 3440 1413 3488 ut
1436 3434 1531 3502 imago
1554 3438 1652 3487 nostra
1667 3429 1703 3484 sit
1718 3428 1762 3484 rel
1779 3426 1858 3483 simi-

1010 3521 1112 3578 litudo.
1137 3522 1205 3589 Qum
1221 3523 1336 3592 quidem
1364 3520 1469 3576 creatio
1490 3534 1579 3590 quam
1607 3516 1803 3574 excelleussil
1831 3523 1859 3570 et

1009 3612 1121 3666 caeteris
1135 3625 1224 3680 supra
1249 3611 1347 3680 positis
1381 3610 1464 3679 longe
1480 3609 1622 3690 superior,
1642 3607 1711 3676 ipsis
1740 3617 1860 3675 quoque

1012 3698 1107 3757 verbis
1119 3701 1293 3769 exprimitur
1308 3708 1449 3770 tauquam
1464 3698 1492 3752 in
1517 3697 1634 3752 consilo
1650 3694 1776 3765 quodam
1803 3692 1861 3748 eol·

1012 3789 1077 3845 latis
1089 3789 1125 3844 ad
1150 3802 1289 3859 maguum
1317 3788 1425 3858 aliquid
1450 3786 1610 3842 faciendum
1636 3798 1703 3839 cum
1733 3782 1859 3837 dicitur:

1012 3878 1165 3932 Faciamus.
1191 3879 1223 3932 ln
1247 3879 1357 3932 caeteris
1383 3889 1450 3930 vero
1461 3874 1656 3930 creationibus
1677 3886 1734 3927 non
1762 3873 1802 3925 ita
1818 3868 1861 3924 di·

1013 3975 1092 4021 etum
1107 3973 1159 4030 est,
1184 3965 1232 4021 sed
1256 3963 1435 4020 solummodo
1452 3970 1483 4017 ut
1511 3965 1561 4017 liat
1584 3961 1637 4016 froc
1652 3961 1695 4015 vel
1714 3959 1796 4024 illud,
1817 3955 1862 4012 vel

1014 4062 1091 4109 terra
1102 4055 1160 4109 sire
1175 4067 1253 4124 aqua
1270 4053 1323 4108 lroc
1344 4053 1389 4107 vel
1405 4051 1473 4106 illud
1498 4052 1646 4120 producat.
1669 4049 1741 4106 Cum
1763 4055 1862 4101 aulem

976 4143 1102 4200 illiomo
1116 4156 1269 4198 cunimune
1290 4155 1394 4196 nornen
1416 4140 1452 4195 sit
1475 4148 1531 4194 tatu
1550 4139 1603 4194 viri
1632 4151 1720 4208 quarn
1738 4136 1860 4200 feminae,

1016 4231 1146 4286 sumsit
1182 4238 1340 4299 utramque
1375 4226 1482 4283 animal
1523 4225 1692 4296 rationale;
1729 4224 1806 4279 unde
1835 4228 1863 4278 et

1018 4320 1250 4390 insequentibus
1265 4332 1332 4374 curn
1356 4317 1471 4384 dicitur,
1483 4320 1551 4386 qaia
1563 4318 1665 4369 creauit
1681 4317 1753 4369 Deus
1777 4313 1864 4366 bomi-

1016 4424 1088 4475 nem,
1127 4407 1223 4463 statim
1256 4403 1461 4461 subinfertur:
1492 4405 1643 4458 musculum
1674 4406 1699 4455 ef
1730 4403 1866 4467 seminem

1017 4500 1118 4551 creavit
1141 4511 1196 4562 eos,
1223 4494 1412 4564 intelligimus
1441 4493 1536 4548 virum
1570 4493 1605 4546 a'l
1632 4491 1788 4560 imaginem
1815 4488 1864 4544 liei

1017 4592 1157 4650 creatum,
1180 4584 1318 4639 feminam
1339 4595 1405 4637 vero
1430 4581 1465 4637 ad
1490 4579 1717 4637 similitudinem.
1746 4578 1784 4633 lie
1800 4579 1865 4632 viro

1018 4674 1126 4745 quippe
1141 4673 1292 4742 apostolus
1315 4671 1355 4726 ait
1372 4687 1379 4725 ι
1399 4671 1449 4723 Vir
1467 4669 1578 4738 quidem
1596 4682 1651 4721 noia
1671 4666 1748 4720 debet
1773 4665 1866 4719 velare

1017 4769 1100 4832 copul
1123 4777 1215 4828 sautia,
1241 4762 1307 4830 quio
1321 4761 1411 4827 imago
1431 4765 1455 4813 el
1475 4758 1566 4826 pleriq
1594 4757 1647 4811 Dei
1665 4757 1741 4825 eslii
1758 4756 1865 4819 Gemit,

1018 4855 1055 4919 7).
1074 4851 1187 4907 Hoeest
1205 4849 1356 4921 gloriosior
1378 4857 1406 4903 et
1427 4846 1578 4916 pretiosior
1605 4845 1667 4914 eius
1695 4843 1865 4900 similitudo.

1017 4939 1107 4995 Distat
1117 4945 1214 4994 autem
1238 4936 1313 4993 inter
1327 4934 1481 5005 imaginem
1497 4942 1524 4989 et
1541 4932 1760 4988 similitudinem
1786 4931 1866 5001 quod

1018 5027 1178 5083 similitudo
1203 5026 1243 5082 rei
1266 5032 1356 5094 potest
1383 5023 1439 5079 diei
1463 5022 1540 5092 quod
1562 5021 1792 5077 convenientiam
1812 5019 1866 5074 ali·

1019 5129 1106 5186 quam
1124 5097 1289 5171 debetcum
1303 5113 1376 5183 ipsa,
1400 5111 1478 5167 unde
1507 5109 1600 5165 simile
1627 5109 1667 5163 illi
1692 5108 1746 5163 diei
1769 5115 1867 5178 queat

1019 5201 1119 5274 imago
1146 5216 1213 5258 vero
1248 5212 1383 5269 expressa
1413 5204 1525 5254 tautum
1564 5195 1722 5251 similitudo
1748 5195 1865 5263 dieitur,

1018 5290 1092 5347 siout
1116 5289 1217 5361 figurae
1247 5288 1396 5345 bominum
1421 5299 1487 5358 quae
1519 5298 1571 5355 per
1597 5283 1715 5355 singula
1737 5284 1868 5340 membra

1020 5380 1173 5453 perfectius
1187 5392 1235 5436 eos
1245 5383 1461 5449 repraeseutaut.

1055 5469 1129 5535 Quia
1142 5482 1211 5539 ergo
1226 5469 1270 5525 vir
1289 5467 1404 5539 dignior
1417 5477 1508 5538 quam
1527 5462 1636 5521 femina
1648 5469 1692 5520 est
1705 5471 1734 5519 et
1749 5475 1800 5533 per
1815 5460 1870 5519 boe
