<?xml version="1.0" encoding="UTF-8"?>
<!DOCTYPE html PUBLIC "-//W3C//DTD XHTML 1.0 Transitional//EN"
    "http://www.w3.org/TR/xhtml1/DTD/xhtml1-transitional.dtd">
<html xmlns="http://www.w3.org/1999/xhtml" xml:lang="en" lang="en">
 <head>
  <title>
</title>
<meta http-equiv="Content-Type" content="text/html;charset=utf-8" />
  <meta name='ocr-system' content='tesseract 3.04.00' />
  <meta name='ocr-capabilities' content='ocr_page ocr_carea ocr_par ocr_line ocrx_word'/>
</head>
<body>
  <div class='ocr_page' id='page_1' title='image "./patrologiaecurs53unkngoog/patrologiaecurs53unkngoog_0583.png"; bbox 0 0 3804 5962; ppageno 0'>
   <div class='ocr_carea' id='block_1_1' title="bbox 120 141 1861 245">
    <p class='ocr_par' dir='ltr' id='par_1_1' title="bbox 120 141 1861 245">
     <span class='ocr_line' id='line_1_1' title="bbox 120 141 1861 245; baseline -0.003 -2"><span class='ocrx_word' id='word_1_1' title='bbox 120 189 185 245; x_wconf 76' lang='lat' dir='ltr'>titi</span> <span class='ocrx_word' id='word_1_2' title='bbox 384 185 486 243; x_wconf 80' lang='lat' dir='ltr'>PETRI</span> <span class='ocrx_word' id='word_1_3' title='bbox 504 184 691 242; x_wconf 73' lang='lat' dir='ltr'>sumntum</span> <span class='ocrx_word' id='word_1_4' title='bbox 709 184 785 242; x_wconf 90' lang='lat' dir='ltr'><strong>0PP.</strong></span> <span class='ocrx_word' id='word_1_5' title='bbox 805 183 896 241; x_wconf 76' lang='lat' dir='ltr'>Plus</span> <span class='ocrx_word' id='word_1_6' title='bbox 917 184 966 240; x_wconf 88' lang='lat' dir='ltr'>ill.</span> <span class='ocrx_word' id='word_1_7' title='bbox 982 212 1015 224; x_wconf 97' lang='lat'><em>-</em></span> <span class='ocrx_word' id='word_1_8' title='bbox 1028 177 1251 238; x_wconf 76' lang='lat' dir='ltr'>rueoloelcn</span> <span class='ocrx_word' id='word_1_9' title='bbox 1268 141 1313 235; x_wconf 75' lang='lat' dir='ltr'>tlt</span> <span class='ocrx_word' id='word_1_10' title='bbox 1332 177 1598 238; x_wconf 76' lang='lat' dir='ltr'>rlltlosorrsscl.</span> <span class='ocrx_word' id='word_1_11' title='bbox 1799 190 1861 245; x_wconf 71' lang='lat' dir='ltr'>tm</span> 
     </span>
    </p>
   </div>
   <div class='ocr_carea' id='block_1_2' title="bbox 112 303 1891 912">
    <p class='ocr_par' dir='ltr' id='par_1_2' title="bbox 112 303 1890 912">
     <span class='ocr_line' id='line_1_2' title="bbox 115 303 1858 383; baseline 0.001 -14"><span class='ocrx_word' id='word_1_12' title='bbox 115 325 211 383; x_wconf 82' lang='lat' dir='ltr'>ipsum</span> <span class='ocrx_word' id='word_1_13' title='bbox 245 322 356 381; x_wconf 79' lang='lat' dir='ltr'><strong>semper</strong></span> <span class='ocrx_word' id='word_1_14' title='bbox 394 316 485 367; x_wconf 89' lang='lat' dir='ltr'>totum</span> <span class='ocrx_word' id='word_1_15' title='bbox 513 309 617 366; x_wconf 92' lang='lat' dir='ltr'>mundi</span> <span class='ocrx_word' id='word_1_16' title='bbox 652 323 757 380; x_wconf 90' lang='lat' dir='ltr'>eorpus</span> <span class='ocrx_word' id='word_1_17' title='bbox 780 308 955 366; x_wconf 80' lang='lat' dir='ltr'>intenditi»</span> <span class='ocrx_word' id='word_1_18' title='bbox 972 303 1354 377; x_wconf 79' lang='lat' dir='ltr'>hntumqueprcventunt</span> <span class='ocrx_word' id='word_1_19' title='bbox 1369 303 1511 374; x_wconf 82' lang='lat' dir='ltr'>providet</span> <span class='ocrx_word' id='word_1_20' title='bbox 1531 303 1662 363; x_wconf 81' lang='lat' dir='ltr'>divinam</span> <span class='ocrx_word' id='word_1_21' title='bbox 1677 317 1721 366; x_wconf 91' lang='lat' dir='ltr'>est</span> <span class='ocrx_word' id='word_1_22' title='bbox 1733 312 1858 371; x_wconf 79' lang='lat' dir='ltr'>omnium</span> 
     </span>
     <span class='ocr_line' id='line_1_3' title="bbox 112 391 1891 468; baseline 0.002 -12"><span class='ocrx_word' id='word_1_23' title='bbox 112 401 153 456; x_wconf 80' lang='lat' dir='ltr'>lle</span> <span class='ocrx_word' id='word_1_24' title='bbox 178 397 316 456; x_wconf 89' lang='lat' dir='ltr'>Salviano</span> <span class='ocrx_word' id='word_1_25' title='bbox 340 405 437 454; x_wconf 87' lang='lat' dir='ltr'>autem</span> <span class='ocrx_word' id='word_1_26' title='bbox 461 397 515 453; x_wconf 89' lang='lat' dir='ltr'>isto</span> <span class='ocrx_word' id='word_1_27' title='bbox 538 396 723 454; x_wconf 79' lang='lat' dir='ltr'>Massiliensis</span> <span class='ocrx_word' id='word_1_28' title='bbox 751 397 883 454; x_wconf 77' lang='lat' dir='ltr'>Ecclesiae</span> <span class='ocrx_word' id='word_1_29' title='bbox 903 398 963 468; x_wconf 88' lang='lat' dir='ltr'>epi·</span> <span class='ocrx_word' id='word_1_30' title='bbox 1019 395 1075 467; x_wconf 82' lang='grc'>(48)</span> <span class='ocrx_word' id='word_1_31' title='bbox 1108 400 1244 450; x_wconf 90' lang='lat' dir='ltr'>naturam</span> <span class='ocrx_word' id='word_1_32' title='bbox 1283 391 1496 462; x_wconf 90' lang='lat' dir='ltr'>providentiam</span> <span class='ocrx_word' id='word_1_33' title='bbox 1534 393 1672 462; x_wconf 85' lang='lat' dir='ltr'>assignat,</span> <span class='ocrx_word' id='word_1_34' title='bbox 1705 404 1734 454; x_wconf 90' lang='lat' dir='ltr'>et</span> <span class='ocrx_word' id='word_1_35' title='bbox 1761 399 1891 460; x_wconf 86' lang='lat' dir='ltr'>divine</span> 
     </span>
     <span class='ocr_line' id='line_1_4' title="bbox 114 476 1890 559; baseline 0.001 -13"><span class='ocrx_word' id='word_1_36' title='bbox 114 503 210 559; x_wconf 87' lang='lat' dir='ltr'>scopo,</span> <span class='ocrx_word' id='word_1_37' title='bbox 225 494 252 544; x_wconf 88' lang='lat' dir='ltr'>et</span> <span class='ocrx_word' id='word_1_38' title='bbox 278 487 312 544; x_wconf 86' lang='lat' dir='ltr'>de</span> <span class='ocrx_word' id='word_1_39' title='bbox 335 485 409 543; x_wconf 90' lang='lat' dir='ltr'>libro</span> <span class='ocrx_word' id='word_1_40' title='bbox 427 485 491 556; x_wconf 88' lang='lat' dir='ltr'>ejus</span> <span class='ocrx_word' id='word_1_41' title='bbox 515 486 551 542; x_wconf 90' lang='lat' dir='ltr'>ad</span> <span class='ocrx_word' id='word_1_42' title='bbox 567 485 714 542; x_wconf 84' lang='lat' dir='ltr'>Salonium</span> <span class='ocrx_word' id='word_1_43' title='bbox 740 487 917 558; x_wconf 87' lang='lat' dir='ltr'>episcopum,</span> <span class='ocrx_word' id='word_1_44' title='bbox 934 492 964 542; x_wconf 89' lang='lat' dir='ltr'>et</span> <span class='ocrx_word' id='word_1_45' title='bbox 1018 476 1226 556; x_wconf 75' lang='lat' dir='ltr'>plenitudinem</span> <span class='ocrx_word' id='word_1_46' title='bbox 1243 481 1381 547; x_wconf 75' lang='lat' dir='ltr'>scientie,</span> <span class='ocrx_word' id='word_1_47' title='bbox 1398 495 1435 538; x_wconf 91' lang='lat' dir='ltr'>ex</span> <span class='ocrx_word' id='word_1_48' title='bbox 1454 495 1512 552; x_wconf 90' lang='lat' dir='ltr'>quc</span> <span class='ocrx_word' id='word_1_49' title='bbox 1531 482 1594 553; x_wconf 89' lang='lat' dir='ltr'>ipsa</span> <span class='ocrx_word' id='word_1_50' title='bbox 1607 484 1696 541; x_wconf 90' lang='lat' dir='ltr'>etiam</span> <span class='ocrx_word' id='word_1_51' title='bbox 1712 487 1790 546; x_wconf 85' lang='lat' dir='ltr'>Deus</span> <span class='ocrx_word' id='word_1_52' title='bbox 1807 503 1858 549; x_wconf 83' lang='lat' dir='ltr'>esse</span> <span class='ocrx_word' id='word_1_53' title='bbox 1886 484 1890 553; x_wconf 95' lang='grc' dir='ltr'>Ι</span> 
     </span>
     <span class='ocr_line' id='line_1_5' title="bbox 115 571 1858 646; baseline 0.004 -14"><span class='ocrx_word' id='word_1_54' title='bbox 115 576 180 633; x_wconf 87' lang='lat' dir='ltr'>aliis</span> <span class='ocrx_word' id='word_1_55' title='bbox 201 575 336 646; x_wconf 89' lang='lat' dir='ltr'>operibus</span> <span class='ocrx_word' id='word_1_56' title='bbox 364 574 466 644; x_wconf 90' lang='lat' dir='ltr'>ipsius,</span> <span class='ocrx_word' id='word_1_57' title='bbox 488 573 655 630; x_wconf 81' lang='lat' dir='ltr'>Gennadius</span> <span class='ocrx_word' id='word_1_58' title='bbox 679 574 866 631; x_wconf 77' lang='lat' dir='ltr'>Massiliensis</span> <span class='ocrx_word' id='word_1_59' title='bbox 906 589 967 644; x_wconf 91' lang='lat' dir='ltr'>pre·</span> <span class='ocrx_word' id='word_1_60' title='bbox 1017 575 1172 632; x_wconf 90' lang='lat' dir='ltr'>innuitur:</span> <span class='ocrx_word' id='word_1_61' title='bbox 1188 572 1283 629; x_wconf 89' lang='lat' dir='ltr'>metiri</span> <span class='ocrx_word' id='word_1_62' title='bbox 1300 585 1333 627; x_wconf 87' lang='lat' dir='ltr'>ac</span> <span class='ocrx_word' id='word_1_63' title='bbox 1359 571 1517 629; x_wconf 89' lang='lat' dir='ltr'>deliberare</span> <span class='ocrx_word' id='word_1_64' title='bbox 1539 587 1574 630; x_wconf 90' lang='lat' dir='ltr'>ea</span> <span class='ocrx_word' id='word_1_65' title='bbox 1589 589 1655 645; x_wconf 81' lang='lat' dir='ltr'>que</span> <span class='ocrx_word' id='word_1_66' title='bbox 1673 576 1775 635; x_wconf 84' lang='lat' dir='ltr'>lutura</span> <span class='ocrx_word' id='word_1_67' title='bbox 1796 589 1858 639; x_wconf 86' lang='lat' dir='ltr'>sunt</span> 
     </span>
     <span class='ocr_line' id='line_1_6' title="bbox 115 661 1857 736; baseline 0.003 -14"><span class='ocrx_word' id='word_1_68' title='bbox 115 665 213 736; x_wconf 85' lang='lat' dir='ltr'>sbyter</span> <span class='ocrx_word' id='word_1_69' title='bbox 234 664 268 719; x_wconf 91' lang='lat' dir='ltr'>de</span> <span class='ocrx_word' id='word_1_70' title='bbox 285 663 446 720; x_wconf 85' lang='lat' dir='ltr'>illustribus</span> <span class='ocrx_word' id='word_1_71' title='bbox 479 663 551 719; x_wconf 89' lang='lat' dir='ltr'>viris</span> <span class='ocrx_word' id='word_1_72' title='bbox 573 663 715 732; x_wconf 89' lang='lat' dir='ltr'>scribens,</span> <span class='ocrx_word' id='word_1_73' title='bbox 742 664 816 720; x_wconf 91' lang='lat' dir='ltr'>inter</span> <span class='ocrx_word' id='word_1_74' title='bbox 837 663 966 721; x_wconf 84' lang='lat' dir='ltr'>illustres</span> <span class='ocrx_word' id='word_1_75' title='bbox 1016 679 1052 722; x_wconf 88' lang='lat' dir='ltr'>ex</span> <span class='ocrx_word' id='word_1_76' title='bbox 1068 662 1258 735; x_wconf 70' lang='lat' dir='ltr'>presentibus</span> <span class='ocrx_word' id='word_1_77' title='bbox 1272 661 1388 725; x_wconf 88' lang='lat' dir='ltr'>dieitur,</span> <span class='ocrx_word' id='word_1_78' title='bbox 1405 661 1619 732; x_wconf 86' lang='lat' dir='ltr'>qniajnxtaea</span> <span class='ocrx_word' id='word_1_79' title='bbox 1635 666 1776 736; x_wconf 84' lang='lat' dir='ltr'>quaejam</span> <span class='ocrx_word' id='word_1_80' title='bbox 1795 677 1857 727; x_wconf 88' lang='lat' dir='ltr'>sunt</span> 
     </span>
     <span class='ocr_line' id='line_1_7' title="bbox 112 749 1858 824; baseline 0.003 -15"><span class='ocrx_word' id='word_1_81' title='bbox 112 753 193 809; x_wconf 86' lang='lat' dir='ltr'>viros</span> <span class='ocrx_word' id='word_1_82' title='bbox 217 758 245 808; x_wconf 88' lang='lat' dir='ltr'>et</span> <span class='ocrx_word' id='word_1_83' title='bbox 268 765 368 808; x_wconf 93' lang='lat' dir='ltr'>eornm</span> <span class='ocrx_word' id='word_1_84' title='bbox 394 764 481 822; x_wconf 89' lang='lat' dir='ltr'>opera</span> <span class='ocrx_word' id='word_1_85' title='bbox 504 752 682 808; x_wconf 86' lang='lat' dir='ltr'>mentionem</span> <span class='ocrx_word' id='word_1_86' title='bbox 703 750 783 821; x_wconf 85' lang='lat' dir='ltr'>iacit,</span> <span class='ocrx_word' id='word_1_87' title='bbox 809 752 860 823; x_wconf 87' lang='lat' dir='ltr'>qui</span> <span class='ocrx_word' id='word_1_88' title='bbox 876 753 962 808; x_wconf 89' lang='lat' dir='ltr'>etiam</span> <span class='ocrx_word' id='word_1_89' title='bbox 1016 758 1125 823; x_wconf 85' lang='lat' dir='ltr'>oportet</span> <span class='ocrx_word' id='word_1_90' title='bbox 1154 750 1253 807; x_wconf 88' lang='lat' dir='ltr'>lutura</span> <span class='ocrx_word' id='word_1_91' title='bbox 1276 749 1445 819; x_wconf 79' lang='lat' dir='ltr'>preparari,</span> <span class='ocrx_word' id='word_1_92' title='bbox 1476 755 1508 806; x_wconf 89' lang='grc' dir='ltr'>ιιι</span> <span class='ocrx_word' id='word_1_93' title='bbox 1532 750 1574 806; x_wconf 90' lang='lat' dir='ltr'>eis</span> <span class='ocrx_word' id='word_1_94' title='bbox 1601 765 1733 824; x_wconf 86' lang='lat' dir='ltr'>congrua</span> <span class='ocrx_word' id='word_1_95' title='bbox 1749 756 1858 814; x_wconf 84' lang='lat' dir='ltr'>ordint·</span> 
     </span>
     <span class='ocr_line' id='line_1_8' title="bbox 115 836 1854 912; baseline 0.001 -22"><span class='ocrx_word' id='word_1_96' title='bbox 115 848 179 912; x_wconf 72' lang='lat' dir='ltr'>pist</span> <span class='ocrx_word' id='word_1_97' title='bbox 209 840 379 911; x_wconf 83' lang='lat' dir='ltr'>Pythagorae</span> <span class='ocrx_word' id='word_1_98' title='bbox 408 839 606 896; x_wconf 87' lang='lat' dir='ltr'>testimonium</span> <span class='ocrx_word' id='word_1_99' title='bbox 639 839 768 896; x_wconf 81' lang='lat' dir='ltr'>l&#39;ullinm</span> <span class='ocrx_word' id='word_1_100' title='bbox 811 840 961 908; x_wconf 89' lang='lat' dir='ltr'>inducens,</span> <span class='ocrx_word' id='word_1_101' title='bbox 1017 842 1093 898; x_wconf 90' lang='lat' dir='ltr'>tione</span> <span class='ocrx_word' id='word_1_102' title='bbox 1119 839 1260 895; x_wconf 79' lang='lat' dir='ltr'>coherere</span> <span class='ocrx_word' id='word_1_103' title='bbox 1283 836 1391 907; x_wconf 82' lang='lat' dir='ltr'>possint</span> <span class='ocrx_word' id='word_1_104' title='bbox 1413 843 1500 908; x_wconf 84' lang='lat' dir='ltr'>atque</span> <span class='ocrx_word' id='word_1_105' title='bbox 1527 838 1629 908; x_wconf 89' lang='lat' dir='ltr'>aptari.</span> <span class='ocrx_word' id='word_1_106' title='bbox 1654 842 1736 906; x_wconf 80' lang='lat' dir='ltr'>Quod</span> <span class='ocrx_word' id='word_1_107' title='bbox 1762 850 1854 902; x_wconf 66' lang='lat' dir='ltr'>autem</span> 
     </span>
    </p>
   </div>
   <div class='ocr_carea' id='block_1_3' title="bbox 35 924 1859 999">
    <p class='ocr_par' dir='ltr' id='par_1_3' title="bbox 35 924 1859 999">
     <span class='ocr_line' id='line_1_9' title="bbox 35 924 1859 999; baseline 0.003 -14"><span class='ocrx_word' id='word_1_108' title='bbox 35 944 39 953; x_wconf 94' lang='lat'><em>·</em></span> <span class='ocrx_word' id='word_1_109' title='bbox 115 928 207 986; x_wconf 88' lang='lat' dir='ltr'>Deum</span> <span class='ocrx_word' id='word_1_110' title='bbox 222 929 318 999; x_wconf 90' lang='lat' dir='ltr'>ipsum</span> <span class='ocrx_word' id='word_1_111' title='bbox 336 940 424 999; x_wconf 83' lang='lat' dir='ltr'>quem</span> <span class='ocrx_word' id='word_1_112' title='bbox 438 927 614 998; x_wconf 85' lang='lat' dir='ltr'>Pythagoras</span> <span class='ocrx_word' id='word_1_113' title='bbox 628 929 760 985; x_wconf 90' lang='lat' dir='ltr'>animum</span> <span class='ocrx_word' id='word_1_114' title='bbox 772 937 866 994; x_wconf 87' lang='lat' dir='ltr'>vocat,</span> <span class='ocrx_word' id='word_1_115' title='bbox 881 943 964 984; x_wconf 89' lang='lat' dir='ltr'>men·</span> <span class='ocrx_word' id='word_1_116' title='bbox 1017 928 1155 988; x_wconf 87' lang='lat' dir='ltr'>subditur</span> <span class='ocrx_word' id='word_1_117' title='bbox 1179 941 1215 984; x_wconf 88' lang='lat' dir='ltr'>ex</span> <span class='ocrx_word' id='word_1_118' title='bbox 1231 924 1362 997; x_wconf 83' lang='lat' dir='ltr'>reliquiis</span> <span class='ocrx_word' id='word_1_119' title='bbox 1381 927 1571 983; x_wconf 82' lang='lat' dir='ltr'>concretionis</span> <span class='ocrx_word' id='word_1_120' title='bbox 1586 929 1744 987; x_wconf 78' lang='lat' dir='ltr'>mundane</span> <span class='ocrx_word' id='word_1_121' title='bbox 1764 933 1859 991; x_wconf 84' lang='lat' dir='ltr'>anime</span> 
     </span>
    </p>
   </div>
   <div class='ocr_carea' id='block_1_4' title="bbox 116 1014 1860 1649">
    <p class='ocr_par' dir='ltr' id='par_1_4' title="bbox 116 1014 1860 1649">
     <span class='ocr_line' id='line_1_10' title="bbox 117 1014 1859 1091; baseline 0.003 -16"><span class='ocrx_word' id='word_1_122' title='bbox 117 1024 173 1076; x_wconf 89' lang='lat' dir='ltr'>tem</span> <span class='ocrx_word' id='word_1_123' title='bbox 186 1031 204 1074; x_wconf 90' lang='lat' dir='ltr'>a</span> <span class='ocrx_word' id='word_1_124' title='bbox 216 1017 309 1074; x_wconf 85' lang='lat' dir='ltr'>Tullio</span> <span class='ocrx_word' id='word_1_125' title='bbox 323 1016 462 1087; x_wconf 88' lang='lat' dir='ltr'>appellari</span> <span class='ocrx_word' id='word_1_126' title='bbox 474 1024 690 1086; x_wconf 86' lang='lat' dir='ltr'>commemorat,</span> <span class='ocrx_word' id='word_1_127' title='bbox 715 1017 813 1073; x_wconf 89' lang='lat' dir='ltr'>dicens</span> <span class='ocrx_word' id='word_1_128' title='bbox 828 1032 837 1076; x_wconf 85' lang='lat'>:</span> <span class='ocrx_word' id='word_1_129' title='bbox 855 1017 960 1072; x_wconf 74' lang='lat' dir='ltr'>Mallius</span> <span class='ocrx_word' id='word_1_130' title='bbox 1016 1025 1129 1076; x_wconf 90' lang='lat' dir='ltr'>nostras</span> <span class='ocrx_word' id='word_1_131' title='bbox 1149 1016 1177 1072; x_wconf 91' lang='lat' dir='ltr'>id</span> <span class='ocrx_word' id='word_1_132' title='bbox 1196 1022 1238 1071; x_wconf 90' lang='lat' dir='ltr'>est</span> <span class='ocrx_word' id='word_1_133' title='bbox 1265 1014 1410 1071; x_wconf 90' lang='lat' dir='ltr'>humanas</span> <span class='ocrx_word' id='word_1_134' title='bbox 1432 1015 1543 1071; x_wconf 88' lang='lat' dir='ltr'>animas</span> <span class='ocrx_word' id='word_1_135' title='bbox 1559 1030 1621 1074; x_wconf 89' lang='lat' dir='ltr'>esse</span> <span class='ocrx_word' id='word_1_136' title='bbox 1639 1018 1793 1091; x_wconf 85' lang='lat' dir='ltr'>contectas,</span> <span class='ocrx_word' id='word_1_137' title='bbox 1811 1022 1859 1079; x_wconf 82' lang='lat' dir='ltr'>tale</span> 
     </span>
     <span class='ocr_line' id='line_1_11' title="bbox 116 1103 1857 1180; baseline 0.002 -17"><span class='ocrx_word' id='word_1_138' title='bbox 116 1120 245 1178; x_wconf 84' lang='lat' dir='ltr'>quoque,</span> <span class='ocrx_word' id='word_1_139' title='bbox 260 1105 341 1162; x_wconf 86' lang='lat' dir='ltr'>«Nec</span> <span class='ocrx_word' id='word_1_140' title='bbox 359 1119 428 1162; x_wconf 91' lang='lat' dir='ltr'>vero</span> <span class='ocrx_word' id='word_1_141' title='bbox 456 1106 531 1161; x_wconf 87' lang='lat' dir='ltr'>ileos</span> <span class='ocrx_word' id='word_1_142' title='bbox 561 1104 629 1176; x_wconf 90' lang='lat' dir='ltr'>ipse,</span> <span class='ocrx_word' id='word_1_143' title='bbox 645 1105 751 1177; x_wconf 87' lang='lat' dir='ltr'>inquit,</span> <span class='ocrx_word' id='word_1_144' title='bbox 775 1107 825 1177; x_wconf 85' lang='lat' dir='ltr'>qui</span> <span class='ocrx_word' id='word_1_145' title='bbox 843 1119 861 1161; x_wconf 88' lang='lat' dir='ltr'>a</span> <span class='ocrx_word' id='word_1_146' title='bbox 881 1106 963 1162; x_wconf 91' lang='lat' dir='ltr'>nobis</span> <span class='ocrx_word' id='word_1_147' title='bbox 1017 1114 1058 1164; x_wconf 91' lang='lat' dir='ltr'>est</span> <span class='ocrx_word' id='word_1_148' title='bbox 1073 1120 1107 1162; x_wconf 88' lang='lat' dir='ltr'>ac</span> <span class='ocrx_word' id='word_1_149' title='bbox 1128 1106 1152 1162; x_wconf 87' lang='lat' dir='ltr'>si</span> <span class='ocrx_word' id='word_1_150' title='bbox 1167 1105 1273 1161; x_wconf 87' lang='lat' dir='ltr'>diceret</span> <span class='ocrx_word' id='word_1_151' title='bbox 1294 1117 1343 1160; x_wconf 89' lang='lat' dir='ltr'>eas</span> <span class='ocrx_word' id='word_1_152' title='bbox 1369 1104 1498 1159; x_wconf 86' lang='lat' dir='ltr'>animam</span> <span class='ocrx_word' id='word_1_153' title='bbox 1516 1103 1572 1177; x_wconf 79' lang='grc'>(49)</span> <span class='ocrx_word' id='word_1_154' title='bbox 1587 1106 1689 1163; x_wconf 91' lang='lat' dir='ltr'>mundi</span> <span class='ocrx_word' id='word_1_155' title='bbox 1711 1108 1743 1166; x_wconf 94' lang='lat' dir='ltr'>in</span> <span class='ocrx_word' id='word_1_156' title='bbox 1768 1116 1857 1180; x_wconf 90' lang='lat' dir='ltr'>poten·</span> 
     </span>
     <span class='ocr_line' id='line_1_12' title="bbox 116 1191 1855 1269; baseline 0.003 -18"><span class='ocrx_word' id='word_1_157' title='bbox 116 1194 300 1266; x_wconf 88' lang='lat' dir='ltr'>iutelligitur,</span> <span class='ocrx_word' id='word_1_158' title='bbox 316 1194 370 1250; x_wconf 92' lang='lat' dir='ltr'>alio</span> <span class='ocrx_word' id='word_1_159' title='bbox 381 1193 466 1249; x_wconf 92' lang='lat' dir='ltr'>modo</span> <span class='ocrx_word' id='word_1_160' title='bbox 476 1193 596 1264; x_wconf 83' lang='lat' dir='ltr'>intelligi</span> <span class='ocrx_word' id='word_1_161' title='bbox 611 1200 711 1264; x_wconf 89' lang='lat' dir='ltr'>potest,</span> <span class='ocrx_word' id='word_1_162' title='bbox 724 1207 814 1264; x_wconf 87' lang='lat' dir='ltr'>quam</span> <span class='ocrx_word' id='word_1_163' title='bbox 825 1207 905 1250; x_wconf 88' lang='lat' dir='ltr'>mens</span> <span class='ocrx_word' id='word_1_164' title='bbox 919 1208 961 1250; x_wconf 84' lang='lat' dir='ltr'>so·</span> <span class='ocrx_word' id='word_1_165' title='bbox 1017 1197 1063 1252; x_wconf 91' lang='lat' dir='ltr'>tiis</span> <span class='ocrx_word' id='word_1_166' title='bbox 1077 1210 1111 1252; x_wconf 88' lang='lat' dir='ltr'>ac</span> <span class='ocrx_word' id='word_1_167' title='bbox 1124 1193 1283 1251; x_wconf 89' lang='lat' dir='ltr'>virtutibus</span> <span class='ocrx_word' id='word_1_168' title='bbox 1303 1191 1420 1261; x_wconf 89' lang='lat' dir='ltr'>imitari,</span> <span class='ocrx_word' id='word_1_169' title='bbox 1446 1195 1494 1250; x_wconf 93' lang='lat' dir='ltr'>sed</span> <span class='ocrx_word' id='word_1_170' title='bbox 1521 1191 1606 1266; x_wconf 88' lang='lat' dir='ltr'>longe</span> <span class='ocrx_word' id='word_1_171' title='bbox 1627 1195 1658 1251; x_wconf 93' lang='lat' dir='ltr'>in</span> <span class='ocrx_word' id='word_1_172' title='bbox 1685 1196 1742 1254; x_wconf 90' lang='lat' dir='ltr'>hoc</span> <span class='ocrx_word' id='word_1_173' title='bbox 1764 1197 1855 1269; x_wconf 88' lang='lat' dir='ltr'>ipsoa</span> 
     </span>
     <span class='ocr_line' id='line_1_13' title="bbox 118 1282 1856 1356; baseline 0.001 -15"><span class='ocrx_word' id='word_1_174' title='bbox 118 1283 181 1342; x_wconf 88' lang='lat' dir='ltr'>luta</span> <span class='ocrx_word' id='word_1_175' title='bbox 195 1283 368 1355; x_wconf 64' lang='lat' dir='ltr'>quaedamst</span> <span class='ocrx_word' id='word_1_176' title='bbox 382 1283 472 1340; x_wconf 88' lang='lat' dir='ltr'>libera</span> <span class='ocrx_word' id='word_1_177' title='bbox 483 1284 811 1355; x_wconf 73' lang='lat' dir='ltr'>quaedmetsegregata</span> <span class='ocrx_word' id='word_1_178' title='bbox 822 1283 858 1339; x_wconf 92' lang='lat' dir='ltr'>ab</span> <span class='ocrx_word' id='word_1_179' title='bbox 871 1282 960 1339; x_wconf 91' lang='lat' dir='ltr'>omni.</span> <span class='ocrx_word' id='word_1_180' title='bbox 1016 1283 1155 1356; x_wconf 87' lang='lat' dir='ltr'>dignitate</span> <span class='ocrx_word' id='word_1_181' title='bbox 1181 1282 1244 1354; x_wconf 86' lang='lat' dir='ltr'>ejus</span> <span class='ocrx_word' id='word_1_182' title='bbox 1269 1282 1430 1339; x_wconf 87' lang='lat' dir='ltr'>abscedere.</span> <span class='ocrx_word' id='word_1_183' title='bbox 1455 1283 1588 1355; x_wconf 76' lang='lat' dir='ltr'>congrue</span> <span class='ocrx_word' id='word_1_184' title='bbox 1608 1284 1695 1341; x_wconf 86' lang='lat' dir='ltr'>etiam</span> <span class='ocrx_word' id='word_1_185' title='bbox 1719 1285 1791 1342; x_wconf 92' lang='lat' dir='ltr'>dicit</span> <span class='ocrx_word' id='word_1_186' title='bbox 1803 1287 1856 1342; x_wconf 91' lang='lat' dir='ltr'>ani·</span> 
     </span>
     <span class='ocr_line' id='line_1_14' title="bbox 118 1365 1860 1442; baseline 0.001 -11"><span class='ocrx_word' id='word_1_187' title='bbox 118 1372 300 1431; x_wconf 88' lang='lat' dir='ltr'>concretione</span> <span class='ocrx_word' id='word_1_188' title='bbox 326 1371 382 1441; x_wconf 92' lang='grc'>(45)</span> <span class='ocrx_word' id='word_1_189' title='bbox 402 1372 527 1439; x_wconf 87' lang='lat' dir='ltr'>mortali,</span> <span class='ocrx_word' id='word_1_190' title='bbox 547 1371 962 1428; x_wconf 88' lang='lat' dir='ltr'>omniaseutiensetmcvens.</span> <span class='ocrx_word' id='word_1_191' title='bbox 1014 1387 1092 1429; x_wconf 90' lang='lat' dir='ltr'>mam</span> <span class='ocrx_word' id='word_1_192' title='bbox 1121 1365 1236 1439; x_wconf 89' lang='lat' dir='ltr'>mnndi,</span> <span class='ocrx_word' id='word_1_193' title='bbox 1265 1385 1318 1427; x_wconf 88' lang='lat' dir='ltr'>nee</span> <span class='ocrx_word' id='word_1_194' title='bbox 1354 1369 1479 1441; x_wconf 84' lang='lat' dir='ltr'>alicujus</span> <span class='ocrx_word' id='word_1_195' title='bbox 1495 1371 1536 1427; x_wconf 92' lang='lat' dir='ltr'>rei</span> <span class='ocrx_word' id='word_1_196' title='bbox 1551 1370 1581 1428; x_wconf 93' lang='lat' dir='ltr'>in</span> <span class='ocrx_word' id='word_1_197' title='bbox 1602 1373 1725 1442; x_wconf 90' lang='lat' dir='ltr'>mundo,</span> <span class='ocrx_word' id='word_1_198' title='bbox 1747 1373 1820 1432; x_wconf 87' lang='lat' dir='ltr'>sient</span> <span class='ocrx_word' id='word_1_199' title='bbox 1835 1382 1860 1432; x_wconf 88' lang='lat' dir='ltr'>et</span> 
     </span>
     <span class='ocr_line' id='line_1_15' title="bbox 117 1459 1857 1532; baseline 0.001 -13"><span class='ocrx_word' id='word_1_200' title='bbox 117 1461 197 1519; x_wconf 77' lang='lat' dir='ltr'>Alibi</span> <span class='ocrx_word' id='word_1_201' title='bbox 213 1475 317 1530; x_wconf 79' lang='lat' dir='ltr'>quoqne</span> <span class='ocrx_word' id='word_1_202' title='bbox 350 1475 384 1515; x_wconf 77' lang='lat' dir='ltr'>:o</span> <span class='ocrx_word' id='word_1_203' title='bbox 396 1459 474 1517; x_wconf 90' lang='lat' dir='ltr'>Nihil</span> <span class='ocrx_word' id='word_1_204' title='bbox 498 1467 551 1527; x_wconf 88' lang='lat' dir='ltr'>est,</span> <span class='ocrx_word' id='word_1_205' title='bbox 568 1459 673 1530; x_wconf 90' lang='lat' dir='ltr'>iuquit,</span> <span class='ocrx_word' id='word_1_206' title='bbox 699 1460 884 1529; x_wconf 76' lang='lat' dir='ltr'>prestantius</span> <span class='ocrx_word' id='word_1_207' title='bbox 907 1461 961 1515; x_wconf 85' lang='lat' dir='ltr'>bec</span> <span class='ocrx_word' id='word_1_208' title='bbox 1016 1463 1142 1518; x_wconf 90' lang='lat' dir='ltr'>animam</span> <span class='ocrx_word' id='word_1_209' title='bbox 1158 1459 1284 1517; x_wconf 89' lang='lat' dir='ltr'>hominis</span> <span class='ocrx_word' id='word_1_210' title='bbox 1299 1459 1432 1525; x_wconf 88' lang='lat' dir='ltr'>dicimus,</span> <span class='ocrx_word' id='word_1_211' title='bbox 1449 1474 1501 1516; x_wconf 89' lang='lat' dir='ltr'>neo</span> <span class='ocrx_word' id='word_1_212' title='bbox 1523 1459 1649 1532; x_wconf 84' lang='lat' dir='ltr'>alicujus</span> <span class='ocrx_word' id='word_1_213' title='bbox 1663 1463 1789 1520; x_wconf 89' lang='lat' dir='ltr'>membri</span> <span class='ocrx_word' id='word_1_214' title='bbox 1804 1463 1857 1520; x_wconf 91' lang='lat' dir='ltr'>hu·</span> 
     </span>
     <span class='ocr_line' id='line_1_16' title="bbox 118 1547 1859 1649; baseline 0.002 -44"><span class='ocrx_word' id='word_1_215' title='bbox 118 1550 206 1606; x_wconf 80' lang='lat' dir='ltr'>Abeo</span> <span class='ocrx_word' id='word_1_216' title='bbox 228 1549 318 1620; x_wconf 85' lang='lat' dir='ltr'>igitur</span> <span class='ocrx_word' id='word_1_217' title='bbox 337 1550 480 1607; x_wconf 90' lang='lat' dir='ltr'>mundum</span> <span class='ocrx_word' id='word_1_218' title='bbox 499 1549 561 1621; x_wconf 88' lang='lat' dir='ltr'>regi</span> <span class='ocrx_word' id='word_1_219' title='bbox 575 1562 689 1605; x_wconf 86' lang='lat' dir='ltr'>neeesse</span> <span class='ocrx_word' id='word_1_220' title='bbox 703 1548 848 1616; x_wconf 89' lang='lat' dir='ltr'>cst;nulli</span> <span class='ocrx_word' id='word_1_221' title='bbox 873 1547 961 1620; x_wconf 89' lang='lat' dir='ltr'>igitur</span> <span class='ocrx_word' id='word_1_222' title='bbox 977 1594 1000 1649; x_wconf 70' lang='lat' dir='ltr'>B</span> <span class='ocrx_word' id='word_1_223' title='bbox 1018 1550 1107 1606; x_wconf 85' lang='lat' dir='ltr'>mani.</span> <span class='ocrx_word' id='word_1_224' title='bbox 1136 1549 1242 1606; x_wconf 82' lang='lat' dir='ltr'>Anima</span> <span class='ocrx_word' id='word_1_225' title='bbox 1265 1547 1373 1620; x_wconf 83' lang='lat' dir='ltr'>quippe</span> <span class='ocrx_word' id='word_1_226' title='bbox 1403 1548 1439 1604; x_wconf 93' lang='lat' dir='ltr'>ab</span> <span class='ocrx_word' id='word_1_227' title='bbox 1466 1548 1623 1606; x_wconf 90' lang='lat' dir='ltr'>animando</span> <span class='ocrx_word' id='word_1_228' title='bbox 1642 1549 1719 1606; x_wconf 86' lang='lat' dir='ltr'>dicte</span> <span class='ocrx_word' id='word_1_229' title='bbox 1738 1558 1792 1620; x_wconf 88' lang='lat' dir='ltr'>est,</span> <span class='ocrx_word' id='word_1_230' title='bbox 1813 1566 1859 1609; x_wconf 91' lang='lat' dir='ltr'>nec</span> 
     </span>
    </p>
   </div>
   <div class='ocr_carea' id='block_1_5' title="bbox 119 1635 1896 1712">
    <p class='ocr_par' dir='ltr' id='par_1_5' title="bbox 119 1635 1896 1712">
     <span class='ocr_line' id='line_1_17' title="bbox 119 1635 1896 1712; baseline 0.001 -17"><span class='ocrx_word' id='word_1_231' title='bbox 119 1646 231 1695; x_wconf 79' lang='lat' dir='ltr'>naturae</span> <span class='ocrx_word' id='word_1_232' title='bbox 257 1637 393 1695; x_wconf 90' lang='lat' dir='ltr'>obediens</span> <span class='ocrx_word' id='word_1_233' title='bbox 416 1644 466 1695; x_wconf 89' lang='lat' dir='ltr'>aut</span> <span class='ocrx_word' id='word_1_234' title='bbox 492 1637 639 1709; x_wconf 85' lang='lat' dir='ltr'>subjectus</span> <span class='ocrx_word' id='word_1_235' title='bbox 663 1639 747 1706; x_wconf 87' lang='lat' dir='ltr'>Dens,</span> <span class='ocrx_word' id='word_1_236' title='bbox 764 1651 879 1694; x_wconf 88' lang='lat' dir='ltr'>omnem</span> <span class='ocrx_word' id='word_1_237' title='bbox 893 1651 961 1707; x_wconf 84' lang='lat' dir='ltr'>ergo</span> <span class='ocrx_word' id='word_1_238' title='bbox 1016 1638 1129 1711; x_wconf 86' lang='lat' dir='ltr'>aliquid</span> <span class='ocrx_word' id='word_1_239' title='bbox 1146 1637 1260 1708; x_wconf 92' lang='lat' dir='ltr'>proprie</span> <span class='ocrx_word' id='word_1_240' title='bbox 1275 1635 1398 1693; x_wconf 89' lang='lat' dir='ltr'>animari</span> <span class='ocrx_word' id='word_1_241' title='bbox 1416 1635 1532 1703; x_wconf 89' lang='lat' dir='ltr'>dicitur,</span> <span class='ocrx_word' id='word_1_242' title='bbox 1556 1637 1615 1693; x_wconf 88' lang='lat' dir='ltr'>nisi</span> <span class='ocrx_word' id='word_1_243' title='bbox 1636 1637 1665 1695; x_wconf 90' lang='lat' dir='ltr'>id</span> <span class='ocrx_word' id='word_1_244' title='bbox 1689 1638 1720 1695; x_wconf 91' lang='lat' dir='ltr'>iu</span> <span class='ocrx_word' id='word_1_245' title='bbox 1737 1647 1859 1712; x_wconf 79' lang='lat' dir='ltr'>quomis</span> <span class='ocrx_word' id='word_1_246' title='bbox 1893 1698 1896 1707; x_wconf 70' lang='grc'>,</span> 
     </span>
    </p>
   </div>
   <div class='ocr_carea' id='block_1_6' title="bbox 44 1726 1857 2596">
    <p class='ocr_par' dir='ltr' id='par_1_6' title="bbox 44 1726 1857 2596">
     <span class='ocr_line' id='line_1_18' title="bbox 119 1726 1854 1801; baseline 0.001 -17"><span class='ocrx_word' id='word_1_247' title='bbox 119 1727 195 1797; x_wconf 89' lang='lat' dir='ltr'>regit</span> <span class='ocrx_word' id='word_1_248' title='bbox 211 1726 269 1797; x_wconf 88' lang='lat' dir='ltr'>ipse</span> <span class='ocrx_word' id='word_1_249' title='bbox 283 1733 457 1782; x_wconf 84' lang='lat' dir='ltr'>naturam.»</span> <span class='ocrx_word' id='word_1_250' title='bbox 1016 1728 1060 1783; x_wconf 88' lang='lat' dir='ltr'>vis</span> <span class='ocrx_word' id='word_1_251' title='bbox 1075 1727 1263 1799; x_wconf 82' lang='lat' dir='ltr'>vegetationis</span> <span class='ocrx_word' id='word_1_252' title='bbox 1287 1726 1326 1781; x_wconf 91' lang='lat' dir='ltr'>ita</span> <span class='ocrx_word' id='word_1_253' title='bbox 1351 1733 1579 1793; x_wconf 89' lang='lat' dir='ltr'>consummatur,</span> <span class='ocrx_word' id='word_1_254' title='bbox 1595 1729 1629 1782; x_wconf 93' lang='lat' dir='ltr'>ut</span> <span class='ocrx_word' id='word_1_255' title='bbox 1644 1726 1721 1784; x_wconf 92' lang='lat' dir='ltr'>nihil</span> <span class='ocrx_word' id='word_1_256' title='bbox 1751 1730 1854 1801; x_wconf 90' lang='lat' dir='ltr'>corpori</span> 
     </span>
     <span class='ocr_line' id='line_1_19' title="bbox 154 1814 1856 1888; baseline 0.001 -16"><span class='ocrx_word' id='word_1_257' title='bbox 154 1815 337 1885; x_wconf 78' lang='lat' dir='ltr'>Augustinus</span> <span class='ocrx_word' id='word_1_258' title='bbox 370 1814 444 1871; x_wconf 93' lang='lat' dir='ltr'>libro</span> <span class='ocrx_word' id='word_1_259' title='bbox 470 1829 499 1872; x_wconf 89' lang='grc' dir='ltr'>ιι</span> <span class='ocrx_word' id='word_1_260' title='bbox 525 1817 562 1870; x_wconf 84' lang='lat' dir='ltr'>De</span> <span class='ocrx_word' id='word_1_261' title='bbox 590 1816 698 1870; x_wconf 72' lang='lat' dir='ltr'>sinitote</span> <span class='ocrx_word' id='word_1_262' title='bbox 722 1817 781 1882; x_wconf 84' lang='lat' dir='ltr'>Dei,</span> <span class='ocrx_word' id='word_1_263' title='bbox 823 1828 886 1884; x_wconf 89' lang='lat' dir='ltr'>cap.</span> <span class='ocrx_word' id='word_1_264' title='bbox 915 1815 958 1879; x_wconf 82' lang='grc'>34.</span> <span class='ocrx_word' id='word_1_265' title='bbox 1016 1816 1057 1873; x_wconf 94' lang='lat' dir='ltr'>illi</span> <span class='ocrx_word' id='word_1_266' title='bbox 1080 1823 1212 1888; x_wconf 87' lang='lat' dir='ltr'>vegetato</span> <span class='ocrx_word' id='word_1_267' title='bbox 1236 1814 1383 1871; x_wconf 80' lang='lat' dir='ltr'>adherere</span> <span class='ocrx_word' id='word_1_268' title='bbox 1408 1815 1587 1872; x_wconf 89' lang='lat' dir='ltr'>extrinsecus</span> <span class='ocrx_word' id='word_1_269' title='bbox 1613 1829 1745 1874; x_wconf 85' lang='lat' dir='ltr'>necessse</span> <span class='ocrx_word' id='word_1_270' title='bbox 1767 1818 1804 1874; x_wconf 92' lang='lat' dir='ltr'>sit</span> <span class='ocrx_word' id='word_1_271' title='bbox 1827 1817 1856 1874; x_wconf 83' lang='lat' dir='ltr'>ad</span> 
     </span>
     <span class='ocr_line' id='line_1_20' title="bbox 44 1902 1854 1976; baseline 0.002 -21"><span class='ocrx_word' id='word_1_272' title='bbox 44 1944 50 1955; x_wconf 73' lang='grc'>,</span> <span class='ocrx_word' id='word_1_273' title='bbox 118 1905 154 1962; x_wconf 88' lang='lat' dir='ltr'>de</span> <span class='ocrx_word' id='word_1_274' title='bbox 183 1904 312 1963; x_wconf 86' lang='lat' dir='ltr'>Varrone</span> <span class='ocrx_word' id='word_1_275' title='bbox 343 1902 474 1975; x_wconf 86' lang='lat' dir='ltr'>loquens,</span> <span class='ocrx_word' id='word_1_276' title='bbox 499 1904 582 1962; x_wconf 75' lang='lat' dir='ltr'>aitte</span> <span class='ocrx_word' id='word_1_277' title='bbox 599 1904 672 1961; x_wconf 86' lang='lat' dir='ltr'>llicit</span> <span class='ocrx_word' id='word_1_278' title='bbox 693 1911 789 1962; x_wconf 88' lang='lat' dir='ltr'>antem</span> <span class='ocrx_word' id='word_1_279' title='bbox 815 1903 890 1960; x_wconf 90' lang='lat' dir='ltr'>idem</span> <span class='ocrx_word' id='word_1_280' title='bbox 912 1917 963 1960; x_wconf 89' lang='lat' dir='ltr'>au·</span> <span class='ocrx_word' id='word_1_281' title='bbox 1014 1904 1222 1976; x_wconf 84' lang='lat' dir='ltr'>vegetationem</span> <span class='ocrx_word' id='word_1_282' title='bbox 1232 1917 1321 1975; x_wconf 86' lang='lat' dir='ltr'>quam</span> <span class='ocrx_word' id='word_1_283' title='bbox 1337 1902 1424 1959; x_wconf 88' lang='lat' dir='ltr'>habet</span> <span class='ocrx_word' id='word_1_284' title='bbox 1446 1902 1476 1957; x_wconf 92' lang='lat' dir='ltr'>in</span> <span class='ocrx_word' id='word_1_285' title='bbox 1491 1916 1521 1959; x_wconf 88' lang='lat' dir='ltr'>se</span> <span class='ocrx_word' id='word_1_286' title='bbox 1538 1902 1598 1973; x_wconf 88' lang='lat' dir='ltr'>ipsc</span> <span class='ocrx_word' id='word_1_287' title='bbox 1620 1906 1854 1963; x_wconf 85' lang='lat' dir='ltr'>conservandam.</span> 
     </span>
     <span class='ocr_line' id='line_1_21' title="bbox 119 1988 1857 2064; baseline 0.001 -14"><span class='ocrx_word' id='word_1_288' title='bbox 119 2000 181 2051; x_wconf 90' lang='lat' dir='ltr'>etor</span> <span class='ocrx_word' id='word_1_289' title='bbox 206 1991 392 2050; x_wconf 88' lang='lat' dir='ltr'>acutissimus</span> <span class='ocrx_word' id='word_1_290' title='bbox 425 1999 514 2063; x_wconf 82' lang='lat' dir='ltr'>atque</span> <span class='ocrx_word' id='word_1_291' title='bbox 537 1992 729 2061; x_wconf 85' lang='lat' dir='ltr'>doctissimus,</span> <span class='ocrx_word' id='word_1_292' title='bbox 761 1992 838 2064; x_wconf 84' lang='lat' dir='ltr'>quod</span> <span class='ocrx_word' id='word_1_293' title='bbox 865 1991 886 2048; x_wconf 93' lang='lat' dir='ltr'>ii</span> <span class='ocrx_word' id='word_1_294' title='bbox 909 1990 961 2047; x_wconf 93' lang='lat' dir='ltr'>soli</span> <span class='ocrx_word' id='word_1_295' title='bbox 1016 1994 1087 2049; x_wconf 83' lang='lat' dir='ltr'>cnm</span> <span class='ocrx_word' id='word_1_296' title='bbox 1114 1995 1212 2063; x_wconf 81' lang='lat' dir='ltr'>itaque</span> <span class='ocrx_word' id='word_1_297' title='bbox 1240 1989 1378 2057; x_wconf 91' lang='lat' dir='ltr'>mundus,</span> <span class='ocrx_word' id='word_1_298' title='bbox 1404 1989 1490 2061; x_wconf 86' lang='lat' dir='ltr'>juxta</span> <span class='ocrx_word' id='word_1_299' title='bbox 1515 1988 1711 2062; x_wconf 91' lang='lat' dir='ltr'>philosophos,</span> <span class='ocrx_word' id='word_1_300' title='bbox 1727 1995 1857 2051; x_wconf 85' lang='lat' dir='ltr'>universa</span> 
     </span>
     <span class='ocr_line' id='line_1_22' title="bbox 118 2077 1854 2154; baseline -0.001 -13"><span class='ocrx_word' id='word_1_301' title='bbox 118 2083 146 2141; x_wconf 87' lang='lat' dir='ltr'>ei</span> <span class='ocrx_word' id='word_1_302' title='bbox 168 2080 323 2138; x_wconf 88' lang='lat' dir='ltr'>videantur</span> <span class='ocrx_word' id='word_1_303' title='bbox 341 2082 580 2138; x_wconf 90' lang='lat' dir='ltr'>inamadvertissc</span> <span class='ocrx_word' id='word_1_304' title='bbox 596 2082 667 2152; x_wconf 85' lang='lat' dir='ltr'>quid</span> <span class='ocrx_word' id='word_1_305' title='bbox 686 2088 758 2138; x_wconf 88' lang='lat' dir='ltr'>esset</span> <span class='ocrx_word' id='word_1_306' title='bbox 791 2082 875 2147; x_wconf 84' lang='lat' dir='ltr'>Dens,</span> <span class='ocrx_word' id='word_1_307' title='bbox 912 2079 962 2150; x_wconf 82' lang='lat' dir='ltr'>qui</span> <span class='ocrx_word' id='word_1_308' title='bbox 1015 2081 1178 2148; x_wconf 88' lang='lat' dir='ltr'>concludat,</span> <span class='ocrx_word' id='word_1_309' title='bbox 1194 2087 1226 2136; x_wconf 90' lang='lat' dir='ltr'>ut</span> <span class='ocrx_word' id='word_1_310' title='bbox 1240 2078 1313 2135; x_wconf 88' lang='lat' dir='ltr'>nihil</span> <span class='ocrx_word' id='word_1_311' title='bbox 1330 2085 1414 2134; x_wconf 88' lang='lat' dir='ltr'>extra</span> <span class='ocrx_word' id='word_1_312' title='bbox 1433 2077 1528 2149; x_wconf 91' lang='lat' dir='ltr'>ipsum</span> <span class='ocrx_word' id='word_1_313' title='bbox 1544 2079 1684 2138; x_wconf 90' lang='lat' dir='ltr'>divinitus</span> <span class='ocrx_word' id='word_1_314' title='bbox 1704 2081 1854 2154; x_wconf 90' lang='lat' dir='ltr'>disponen-</span> 
     </span>
     <span class='ocr_line' id='line_1_23' title="bbox 119 2167 1856 2240; baseline -0.001 -12"><span class='ocrx_word' id='word_1_315' title='bbox 119 2170 304 2228; x_wconf 89' lang='lat' dir='ltr'>credidernnt</span> <span class='ocrx_word' id='word_1_316' title='bbox 340 2185 408 2227; x_wconf 92' lang='lat' dir='ltr'>enm</span> <span class='ocrx_word' id='word_1_317' title='bbox 435 2185 497 2229; x_wconf 90' lang='lat' dir='ltr'>esse</span> <span class='ocrx_word' id='word_1_318' title='bbox 531 2171 660 2227; x_wconf 85' lang='lat' dir='ltr'>animam</span> <span class='ocrx_word' id='word_1_319' title='bbox 687 2177 768 2227; x_wconf 93' lang='lat' dir='ltr'>motu</span> <span class='ocrx_word' id='word_1_320' title='bbox 793 2183 827 2226; x_wconf 89' lang='lat' dir='ltr'>ac</span> <span class='ocrx_word' id='word_1_321' title='bbox 852 2168 964 2225; x_wconf 86' lang='lat' dir='ltr'>ratione</span> <span class='ocrx_word' id='word_1_322' title='bbox 1016 2171 1086 2227; x_wconf 92' lang='lat' dir='ltr'>dnm</span> <span class='ocrx_word' id='word_1_323' title='bbox 1100 2168 1294 2240; x_wconf 84' lang='lat' dir='ltr'>relinquatur,</span> <span class='ocrx_word' id='word_1_324' title='bbox 1317 2172 1393 2223; x_wconf 87' lang='lat' dir='ltr'>recte</span> <span class='ocrx_word' id='word_1_325' title='bbox 1404 2167 1501 2223; x_wconf 87' lang='lat' dir='ltr'>anima</span> <span class='ocrx_word' id='word_1_326' title='bbox 1515 2168 1616 2224; x_wconf 91' lang='lat' dir='ltr'>mundi</span> <span class='ocrx_word' id='word_1_327' title='bbox 1630 2168 1707 2227; x_wconf 90' lang='lat' dir='ltr'>dicta</span> <span class='ocrx_word' id='word_1_328' title='bbox 1722 2178 1776 2240; x_wconf 87' lang='lat' dir='ltr'>est,</span> <span class='ocrx_word' id='word_1_329' title='bbox 1789 2171 1856 2228; x_wconf 88' lang='lat' dir='ltr'>sient</span> 
     </span>
     <span class='ocr_line' id='line_1_24' title="bbox 120 2256 1857 2330; baseline 0.001 -15"><span class='ocrx_word' id='word_1_330' title='bbox 120 2259 262 2316; x_wconf 91' lang='lat' dir='ltr'>mundum</span> <span class='ocrx_word' id='word_1_331' title='bbox 288 2258 509 2330; x_wconf 79' lang='lat' dir='ltr'>gubernantem,</span> <span class='ocrx_word' id='word_1_332' title='bbox 526 2274 560 2316; x_wconf 91' lang='lat' dir='ltr'>ac</span> <span class='ocrx_word' id='word_1_333' title='bbox 575 2273 625 2330; x_wconf 91' lang='lat' dir='ltr'>per</span> <span class='ocrx_word' id='word_1_334' title='bbox 643 2258 698 2314; x_wconf 89' lang='lat' dir='ltr'>hoc</span> <span class='ocrx_word' id='word_1_335' title='bbox 711 2258 765 2315; x_wconf 91' lang='lat' dir='ltr'>etsi</span> <span class='ocrx_word' id='word_1_336' title='bbox 780 2258 910 2314; x_wconf 91' lang='lat' dir='ltr'>nondum</span> <span class='ocrx_word' id='word_1_337' title='bbox 923 2265 962 2314; x_wconf 91' lang='lat' dir='ltr'>te·</span> <span class='ocrx_word' id='word_1_338' title='bbox 1016 2263 1044 2316; x_wconf 87' lang='lat' dir='ltr'>et</span> <span class='ocrx_word' id='word_1_339' title='bbox 1072 2258 1170 2314; x_wconf 90' lang='lat' dir='ltr'>anima</span> <span class='ocrx_word' id='word_1_340' title='bbox 1194 2256 1329 2323; x_wconf 89' lang='lat' dir='ltr'>hominis,</span> <span class='ocrx_word' id='word_1_341' title='bbox 1352 2270 1419 2312; x_wconf 92' lang='lat' dir='ltr'>cum</span> <span class='ocrx_word' id='word_1_342' title='bbox 1441 2256 1578 2314; x_wconf 85' lang='lat' dir='ltr'>universa</span> <span class='ocrx_word' id='word_1_343' title='bbox 1598 2257 1643 2315; x_wconf 91' lang='lat' dir='ltr'>vis</span> <span class='ocrx_word' id='word_1_344' title='bbox 1666 2258 1773 2316; x_wconf 80' lang='lat' dir='ltr'>animae</span> <span class='ocrx_word' id='word_1_345' title='bbox 1789 2259 1857 2316; x_wconf 90' lang='lat' dir='ltr'>ineo</span> 
     </span>
     <span class='ocr_line' id='line_1_25' title="bbox 120 2345 1857 2418; baseline 0.001 -16"><span class='ocrx_word' id='word_1_346' title='bbox 120 2346 207 2403; x_wconf 88' lang='lat' dir='ltr'>nebat</span> <span class='ocrx_word' id='word_1_347' title='bbox 232 2346 311 2417; x_wconf 87' lang='lat' dir='ltr'>quod</span> <span class='ocrx_word' id='word_1_348' title='bbox 345 2347 565 2415; x_wconf 89' lang='lat' dir='ltr'>Veritashabet,</span> <span class='ocrx_word' id='word_1_349' title='bbox 587 2348 663 2402; x_wconf 85' lang='lat' dir='ltr'>Deus</span> <span class='ocrx_word' id='word_1_350' title='bbox 681 2347 758 2402; x_wconf 91' lang='lat' dir='ltr'>enim</span> <span class='ocrx_word' id='word_1_351' title='bbox 782 2359 880 2413; x_wconf 89' lang='lat' dir='ltr'>verus,</span> <span class='ocrx_word' id='word_1_352' title='bbox 906 2360 964 2402; x_wconf 87' lang='lat' dir='ltr'>uon</span> <span class='ocrx_word' id='word_1_353' title='bbox 1017 2345 1333 2404; x_wconf 80' lang='lat' dir='ltr'>consummeturtadeo</span> <span class='ocrx_word' id='word_1_354' title='bbox 1363 2345 1491 2415; x_wconf 84' lang='lat' dir='ltr'>quidem,</span> <span class='ocrx_word' id='word_1_355' title='bbox 1520 2352 1552 2402; x_wconf 93' lang='lat' dir='ltr'>ut</span> <span class='ocrx_word' id='word_1_356' title='bbox 1573 2359 1627 2402; x_wconf 87' lang='lat' dir='ltr'>nee</span> <span class='ocrx_word' id='word_1_357' title='bbox 1656 2346 1754 2418; x_wconf 92' lang='lat' dir='ltr'>ipsnm</span> <span class='ocrx_word' id='word_1_358' title='bbox 1781 2362 1857 2406; x_wconf 90' lang='lat' dir='ltr'>mnn-</span> 
     </span>
     <span class='ocr_line' id='line_1_26' title="bbox 120 2432 1856 2504; baseline 0.003 -15"><span class='ocrx_word' id='word_1_359' title='bbox 120 2432 229 2500; x_wconf 87' lang='lat' dir='ltr'>anima,</span> <span class='ocrx_word' id='word_1_360' title='bbox 240 2433 289 2489; x_wconf 88' lang='lat' dir='ltr'>sed</span> <span class='ocrx_word' id='word_1_361' title='bbox 304 2432 408 2491; x_wconf 84' lang='lat' dir='ltr'>anime</span> <span class='ocrx_word' id='word_1_362' title='bbox 418 2448 535 2504; x_wconf 84' lang='lat' dir='ltr'>quoque</span> <span class='ocrx_word' id='word_1_363' title='bbox 548 2436 591 2490; x_wconf 90' lang='lat' dir='ltr'>est</span> <span class='ocrx_word' id='word_1_364' title='bbox 604 2434 744 2502; x_wconf 90' lang='lat' dir='ltr'>eonditor,</span> <span class='ocrx_word' id='word_1_365' title='bbox 758 2442 854 2490; x_wconf 84' lang='lat' dir='ltr'>tamen</span> <span class='ocrx_word' id='word_1_366' title='bbox 871 2449 964 2491; x_wconf 91' lang='lat' dir='ltr'>unum</span> <span class='ocrx_word' id='word_1_367' title='bbox 1017 2437 1087 2494; x_wconf 93' lang='lat' dir='ltr'>dum</span> <span class='ocrx_word' id='word_1_368' title='bbox 1102 2436 1201 2492; x_wconf 91' lang='lat' dir='ltr'>oculos</span> <span class='ocrx_word' id='word_1_369' title='bbox 1218 2434 1264 2492; x_wconf 91' lang='lat' dir='ltr'>vel</span> <span class='ocrx_word' id='word_1_370' title='bbox 1281 2442 1383 2491; x_wconf 81' lang='lat' dir='ltr'>caetera</span> <span class='ocrx_word' id='word_1_371' title='bbox 1397 2447 1536 2490; x_wconf 88' lang='lat' dir='ltr'>sensnum</span> <span class='ocrx_word' id='word_1_372' title='bbox 1550 2434 1746 2494; x_wconf 87' lang='lat' dir='ltr'>instrumenta</span> <span class='ocrx_word' id='word_1_373' title='bbox 1760 2436 1856 2495; x_wconf 83' lang='lat' dir='ltr'>habere</span> 
     </span>
     <span class='ocr_line' id='line_1_27' title="bbox 121 2520 1855 2596; baseline 0.002 -17"><span class='ocrx_word' id='word_1_374' title='bbox 121 2521 212 2579; x_wconf 88' lang='lat' dir='ltr'>Deum</span> <span class='ocrx_word' id='word_1_375' title='bbox 241 2520 392 2578; x_wconf 88' lang='lat' dir='ltr'>colendum</span> <span class='ocrx_word' id='word_1_376' title='bbox 416 2521 531 2588; x_wconf 88' lang='lat' dir='ltr'>latetur,</span> <span class='ocrx_word' id='word_1_377' title='bbox 556 2529 643 2593; x_wconf 86' lang='lat' dir='ltr'>atque</span> <span class='ocrx_word' id='word_1_378' title='bbox 661 2522 772 2579; x_wconf 84' lang='lat' dir='ltr'>suadet.</span> <span class='ocrx_word' id='word_1_379' title='bbox 794 2544 809 2572; x_wconf 77' lang='grc' dir='ltr'>ι</span> <span class='ocrx_word' id='word_1_380' title='bbox 833 2524 903 2579; x_wconf 87' lang='lat' dir='ltr'>item</span> <span class='ocrx_word' id='word_1_381' title='bbox 931 2522 962 2579; x_wconf 91' lang='lat' dir='ltr'>li·</span> <span class='ocrx_word' id='word_1_382' title='bbox 1017 2525 1175 2596; x_wconf 88' lang='lat' dir='ltr'>oportuerit</span> <span class='ocrx_word' id='word_1_383' title='bbox 1197 2522 1267 2595; x_wconf 86' lang='grc'>(50),</span> <span class='ocrx_word' id='word_1_384' title='bbox 1294 2523 1369 2579; x_wconf 89' lang='lat' dir='ltr'>sicut</span> <span class='ocrx_word' id='word_1_385' title='bbox 1392 2530 1419 2580; x_wconf 88' lang='lat' dir='ltr'>et</span> <span class='ocrx_word' id='word_1_386' title='bbox 1450 2522 1510 2594; x_wconf 89' lang='lat' dir='ltr'>ipse</span> <span class='ocrx_word' id='word_1_387' title='bbox 1529 2522 1660 2593; x_wconf 90' lang='lat' dir='ltr'>perhibet</span> <span class='ocrx_word' id='word_1_388' title='bbox 1680 2524 1772 2593; x_wconf 85' lang='lat' dir='ltr'>Plato,</span> <span class='ocrx_word' id='word_1_389' title='bbox 1799 2539 1855 2582; x_wconf 91' lang='lat' dir='ltr'>cun</span> 
     </span>
    </p>
   </div>
   <div class='ocr_carea' id='block_1_7' title="bbox 121 2609 1896 2705">
    <p class='ocr_par' dir='ltr' id='par_1_7' title="bbox 121 2609 1896 2705">
     <span class='ocr_line' id='line_1_28' title="bbox 121 2609 1896 2705; baseline 0.001 -37"><span class='ocrx_word' id='word_1_390' title='bbox 121 2610 488 2668; x_wconf 80' lang='lat' dir='ltr'>broxx11:«benmeerte</span> <span class='ocrx_word' id='word_1_391' title='bbox 512 2609 620 2680; x_wconf 88' lang='lat' dir='ltr'>volens,</span> <span class='ocrx_word' id='word_1_392' title='bbox 648 2611 722 2667; x_wconf 91' lang='lat' dir='ltr'>sicut</span> <span class='ocrx_word' id='word_1_393' title='bbox 743 2617 863 2681; x_wconf 88' lang='lat' dir='ltr'>poterat,</span> <span class='ocrx_word' id='word_1_394' title='bbox 887 2609 962 2667; x_wconf 88' lang='lat' dir='ltr'>dilii-</span> <span class='ocrx_word' id='word_1_395' title='bbox 1018 2614 1099 2671; x_wconf 86' lang='lat' dir='ltr'>nulla</span> <span class='ocrx_word' id='word_1_396' title='bbox 1114 2619 1197 2670; x_wconf 87' lang='lat' dir='ltr'>extra</span> <span class='ocrx_word' id='word_1_397' title='bbox 1211 2613 1307 2683; x_wconf 89' lang='lat' dir='ltr'>ipsum</span> <span class='ocrx_word' id='word_1_398' title='bbox 1334 2620 1501 2668; x_wconf 88' lang='lat' dir='ltr'>remaneant</span> <span class='ocrx_word' id='word_1_399' title='bbox 1517 2612 1551 2668; x_wconf 90' lang='lat' dir='ltr'>ad</span> <span class='ocrx_word' id='word_1_400' title='bbox 1573 2613 1856 2686; x_wconf 84' lang='lat' dir='ltr'>qnaeistaopportn·</span> <span class='ocrx_word' id='word_1_401' title='bbox 1894 2694 1896 2705; x_wconf 37' lang='grc' dir='ltr'>Ι</span> 
     </span>
    </p>
   </div>
   <div class='ocr_carea' id='block_1_8' title="bbox 120 2698 1429 2772">
    <p class='ocr_par' dir='ltr' id='par_1_8' title="bbox 120 2698 1429 2772">
     <span class='ocr_line' id='line_1_29' title="bbox 120 2698 1429 2772; baseline -0.002 -16"><span class='ocrx_word' id='word_1_402' title='bbox 120 2699 185 2757; x_wconf 89' lang='lat' dir='ltr'>nire</span> <span class='ocrx_word' id='word_1_403' title='bbox 208 2699 315 2765; x_wconf 83' lang='lat' dir='ltr'>Cicero,</span> <span class='ocrx_word' id='word_1_404' title='bbox 340 2700 440 2755; x_wconf 87' lang='lat' dir='ltr'>tantus</span> <span class='ocrx_word' id='word_1_405' title='bbox 461 2705 562 2755; x_wconf 89' lang='lat' dir='ltr'>auctor</span> <span class='ocrx_word' id='word_1_406' title='bbox 577 2699 723 2769; x_wconf 91' lang='lat' dir='ltr'>ipsorum:</span> <span class='ocrx_word' id='word_1_407' title='bbox 740 2703 812 2756; x_wconf 86' lang='lat' dir='ltr'>Mens</span> <span class='ocrx_word' id='word_1_408' title='bbox 840 2698 965 2770; x_wconf 77' lang='lat' dir='ltr'>quedam</span> <span class='ocrx_word' id='word_1_409' title='bbox 1018 2699 1277 2772; x_wconf 86' lang='lat' dir='ltr'>nitatemaliqoam</span> <span class='ocrx_word' id='word_1_410' title='bbox 1293 2699 1429 2757; x_wconf 87' lang='lat' dir='ltr'>habeant.</span> 
     </span>
    </p>
   </div>
   <div class='ocr_carea' id='block_1_9' title="bbox 120 2876 1859 3744">
    <p class='ocr_par' dir='ltr' id='par_1_9' title="bbox 120 2876 1859 3126">
     <span class='ocr_line' id='line_1_30' title="bbox 121 2876 1857 2951; baseline 0.003 -19"><span class='ocrx_word' id='word_1_411' title='bbox 121 2878 286 2932; x_wconf 69' lang='lat' dir='ltr'>commotione</span> <span class='ocrx_word' id='word_1_412' title='bbox 315 2876 435 2943; x_wconf 82' lang='lat' dir='ltr'>mortali,</span> <span class='ocrx_word' id='word_1_413' title='bbox 456 2879 548 2931; x_wconf 87' lang='lat' dir='ltr'>omnia</span> <span class='ocrx_word' id='word_1_414' title='bbox 575 2878 692 2933; x_wconf 77' lang='lat' dir='ltr'>sentient</span> <span class='ocrx_word' id='word_1_415' title='bbox 713 2884 737 2931; x_wconf 88' lang='lat' dir='ltr'>et</span> <span class='ocrx_word' id='word_1_416' title='bbox 753 2892 873 2943; x_wconf 85' lang='lat' dir='ltr'>mouens,</span> <span class='ocrx_word' id='word_1_417' title='bbox 888 2877 964 2946; x_wconf 84' lang='lat' dir='ltr'>ipso·</span> <span class='ocrx_word' id='word_1_418' title='bbox 1019 2879 1084 2936; x_wconf 84' lang='lat' dir='ltr'>fidei</span> <span class='ocrx_word' id='word_1_419' title='bbox 1099 2877 1297 2935; x_wconf 86' lang='lat' dir='ltr'>testimonium</span> <span class='ocrx_word' id='word_1_420' title='bbox 1312 2876 1391 2945; x_wconf 82' lang='lat' dir='ltr'>satie,</span> <span class='ocrx_word' id='word_1_421' title='bbox 1408 2883 1441 2934; x_wconf 90' lang='lat' dir='ltr'>ut</span> <span class='ocrx_word' id='word_1_422' title='bbox 1457 2877 1593 2944; x_wconf 82' lang='lat' dir='ltr'>arbitror,</span> <span class='ocrx_word' id='word_1_423' title='bbox 1609 2877 1768 2951; x_wconf 85' lang='lat' dir='ltr'>diligenter</span> <span class='ocrx_word' id='word_1_424' title='bbox 1784 2892 1857 2950; x_wconf 79' lang='lat' dir='ltr'>expe</span> 
     </span>
     <span class='ocr_line' id='line_1_31' title="bbox 120 2932 1858 3040; baseline 0.002 -21"><span class='ocrx_word' id='word_1_425' title='bbox 120 2980 172 3032; x_wconf 84' lang='lat' dir='ltr'>que</span> <span class='ocrx_word' id='word_1_426' title='bbox 182 2964 303 3034; x_wconf 78' lang='lat' dir='ltr'>predita</span> <span class='ocrx_word' id='word_1_427' title='bbox 320 2970 394 3020; x_wconf 85' lang='lat' dir='ltr'>moto</span> <span class='ocrx_word' id='word_1_428' title='bbox 418 2968 589 3035; x_wconf 74' lang='lat' dir='ltr'>sempiterne.</span> <span class='ocrx_word' id='word_1_429' title='bbox 607 2966 666 3020; x_wconf 90' lang='lat' dir='ltr'>Moc</span> <span class='ocrx_word' id='word_1_430' title='bbox 694 2973 790 3022; x_wconf 85' lang='lat' dir='ltr'>autem</span> <span class='ocrx_word' id='word_1_431' title='bbox 808 2963 912 3035; x_wconf 91' lang='lat' dir='ltr'>reperit</span> <span class='ocrx_word' id='word_1_432' title='bbox 935 2965 965 3019; x_wconf 90' lang='lat' dir='ltr'>in</span> <span class='ocrx_word' id='word_1_433' title='bbox 981 2932 1003 2990; x_wconf 73' lang='lat'><strong>⁰</strong></span> <span class='ocrx_word' id='word_1_434' title='bbox 1019 2968 1096 3030; x_wconf 86' lang='lat' dir='ltr'>ditis,</span> <span class='ocrx_word' id='word_1_435' title='bbox 1112 2979 1292 3038; x_wconf 84' lang='lat' dir='ltr'>consequens</span> <span class='ocrx_word' id='word_1_436' title='bbox 1318 2965 1451 3020; x_wconf 88' lang='lat' dir='ltr'>existimo</span> <span class='ocrx_word' id='word_1_437' title='bbox 1473 2964 1510 3020; x_wconf 87' lang='lat' dir='ltr'>ad</span> <span class='ocrx_word' id='word_1_438' title='bbox 1539 2980 1676 3038; x_wconf 84' lang='lat' dir='ltr'>sequaces</span> <span class='ocrx_word' id='word_1_439' title='bbox 1694 2968 1761 3040; x_wconf 83' lang='lat' dir='ltr'>ejus</span> <span class='ocrx_word' id='word_1_440' title='bbox 1789 2981 1858 3026; x_wconf 87' lang='lat' dir='ltr'>cum·</span> 
     </span>
     <span class='ocr_line' id='line_1_32' title="bbox 120 3052 1859 3126; baseline 0 -15"><span class='ocrx_word' id='word_1_441' title='bbox 120 3053 251 3111; x_wconf 86' lang='lat' dir='ltr'>doctrina</span> <span class='ocrx_word' id='word_1_442' title='bbox 265 3067 439 3125; x_wconf 88' lang='lat' dir='ltr'>magnorum</span> <span class='ocrx_word' id='word_1_443' title='bbox 451 3053 699 3125; x_wconf 91' lang='lat' dir='ltr'>philosophorum.</span> <span class='ocrx_word' id='word_1_444' title='bbox 711 3075 725 3103; x_wconf 79' lang='grc' dir='ltr'>ι</span> <span class='ocrx_word' id='word_1_445' title='bbox 756 3062 758 3067; x_wconf 85' lang='grc'><strong>’</strong></span> <span class='ocrx_word' id='word_1_446' title='bbox 1019 3070 1126 3122; x_wconf 89' lang='lat' dir='ltr'>meare,</span> <span class='ocrx_word' id='word_1_447' title='bbox 1143 3061 1175 3113; x_wconf 88' lang='lat' dir='ltr'>ut</span> <span class='ocrx_word' id='word_1_448' title='bbox 1201 3069 1236 3111; x_wconf 87' lang='lat' dir='ltr'>ea</span> <span class='ocrx_word' id='word_1_449' title='bbox 1246 3068 1312 3126; x_wconf 73' lang='lat' dir='ltr'>quse</span> <span class='ocrx_word' id='word_1_450' title='bbox 1327 3053 1363 3110; x_wconf 90' lang='lat' dir='ltr'>ab</span> <span class='ocrx_word' id='word_1_451' title='bbox 1378 3052 1447 3123; x_wconf 90' lang='lat' dir='ltr'>ipsis</span> <span class='ocrx_word' id='word_1_452' title='bbox 1466 3068 1583 3124; x_wconf 81' lang='lat' dir='ltr'>quoque</span> <span class='ocrx_word' id='word_1_453' title='bbox 1597 3055 1632 3112; x_wconf 92' lang='lat' dir='ltr'>de</span> <span class='ocrx_word' id='word_1_454' title='bbox 1647 3056 1748 3111; x_wconf 87' lang='lat' dir='ltr'>anima</span> <span class='ocrx_word' id='word_1_455' title='bbox 1768 3056 1859 3114; x_wconf 89' lang='lat' dir='ltr'>mundi</span> 
     </span>
    </p>

    <p class='ocr_par' dir='ltr' id='par_1_10' title="bbox 121 3141 1859 3744">
     <span class='ocr_line' id='line_1_33' title="bbox 156 3141 1858 3216; baseline 0.001 -16"><span class='ocrx_word' id='word_1_456' title='bbox 156 3143 278 3201; x_wconf 90' lang='lat' dir='ltr'>Mentem</span> <span class='ocrx_word' id='word_1_457' title='bbox 294 3144 401 3213; x_wconf 86' lang='lat' dir='ltr'>itaque,</span> <span class='ocrx_word' id='word_1_458' title='bbox 418 3142 501 3198; x_wconf 89' lang='lat' dir='ltr'>idest</span> <span class='ocrx_word' id='word_1_459' title='bbox 515 3143 717 3199; x_wconf 89' lang='lat' dir='ltr'>animumsive</span> <span class='ocrx_word' id='word_1_460' title='bbox 733 3141 859 3198; x_wconf 90' lang='lat' dir='ltr'>animam</span> <span class='ocrx_word' id='word_1_461' title='bbox 875 3143 965 3197; x_wconf 85' lang='lat' dir='ltr'>Deum</span> <span class='ocrx_word' id='word_1_462' title='bbox 1019 3145 1188 3210; x_wconf 84' lang='lat' dir='ltr'>dictasunt,</span> <span class='ocrx_word' id='word_1_463' title='bbox 1217 3142 1299 3199; x_wconf 92' lang='lat' dir='ltr'>nulla</span> <span class='ocrx_word' id='word_1_464' title='bbox 1314 3142 1424 3198; x_wconf 88' lang='lat' dir='ltr'>ratione</span> <span class='ocrx_word' id='word_1_465' title='bbox 1443 3142 1647 3200; x_wconf 82' lang='lat' dir='ltr'>convenienter</span> <span class='ocrx_word' id='word_1_466' title='bbox 1673 3143 1768 3216; x_wconf 89' lang='lat' dir='ltr'>accipi</span> <span class='ocrx_word' id='word_1_467' title='bbox 1788 3157 1858 3216; x_wconf 81' lang='lat' dir='ltr'>posse</span> 
     </span>
     <span class='ocr_line' id='line_1_34' title="bbox 121 3228 1858 3304; baseline 0 -16"><span class='ocrx_word' id='word_1_468' title='bbox 121 3231 270 3298; x_wconf 88' lang='lat' dir='ltr'>dixerunt,</span> <span class='ocrx_word' id='word_1_469' title='bbox 281 3231 441 3287; x_wconf 90' lang='lat' dir='ltr'>secundum</span> <span class='ocrx_word' id='word_1_470' title='bbox 460 3230 513 3287; x_wconf 92' lang='lat' dir='ltr'>hoc</span> <span class='ocrx_word' id='word_1_471' title='bbox 525 3231 603 3302; x_wconf 81' lang='lat' dir='ltr'>qnod</span> <span class='ocrx_word' id='word_1_472' title='bbox 614 3231 701 3287; x_wconf 87' lang='lat' dir='ltr'>totius</span> <span class='ocrx_word' id='word_1_473' title='bbox 714 3231 816 3287; x_wconf 91' lang='lat' dir='ltr'>muudi</span> <span class='ocrx_word' id='word_1_474' title='bbox 832 3229 964 3302; x_wconf 87' lang='lat' dir='ltr'>regimini</span> <span class='ocrx_word' id='word_1_475' title='bbox 1018 3239 1220 3295; x_wconf 87' lang='lat' dir='ltr'>monstremus,</span> <span class='ocrx_word' id='word_1_476' title='bbox 1248 3229 1304 3287; x_wconf 89' lang='lat' dir='ltr'>nisi</span> <span class='ocrx_word' id='word_1_477' title='bbox 1331 3228 1451 3301; x_wconf 87' lang='lat' dir='ltr'>spiritui</span> <span class='ocrx_word' id='word_1_478' title='bbox 1468 3239 1566 3287; x_wconf 90' lang='lat' dir='ltr'>sancto</span> <span class='ocrx_word' id='word_1_479' title='bbox 1582 3229 1640 3302; x_wconf 77' lang='lat' dir='ltr'>(bt)</span> <span class='ocrx_word' id='word_1_480' title='bbox 1665 3245 1718 3302; x_wconf 90' lang='lat' dir='ltr'>per</span> <span class='ocrx_word' id='word_1_481' title='bbox 1735 3233 1858 3304; x_wconf 87' lang='lat' dir='ltr'>pulcher·</span> 
     </span>
     <span class='ocr_line' id='line_1_35' title="bbox 122 3318 1859 3393; baseline 0.001 -17"><span class='ocrx_word' id='word_1_482' title='bbox 122 3321 206 3390; x_wconf 87' lang='lat' dir='ltr'>quasi</span> <span class='ocrx_word' id='word_1_483' title='bbox 234 3321 332 3376; x_wconf 89' lang='lat' dir='ltr'>anima</span> <span class='ocrx_word' id='word_1_484' title='bbox 353 3319 465 3390; x_wconf 91' lang='lat' dir='ltr'>corpori</span> <span class='ocrx_word' id='word_1_485' title='bbox 495 3327 611 3390; x_wconf 79' lang='lat' dir='ltr'>praeest:</span> <span class='ocrx_word' id='word_1_486' title='bbox 630 3319 707 3376; x_wconf 88' lang='lat' dir='ltr'>uude</span> <span class='ocrx_word' id='word_1_487' title='bbox 728 3326 755 3375; x_wconf 87' lang='lat' dir='ltr'>et</span> <span class='ocrx_word' id='word_1_488' title='bbox 777 3334 828 3390; x_wconf 90' lang='lat' dir='ltr'>per</span> <span class='ocrx_word' id='word_1_489' title='bbox 849 3321 964 3389; x_wconf 86' lang='lat' dir='ltr'>sapien·</span> <span class='ocrx_word' id='word_1_490' title='bbox 1019 3322 1123 3379; x_wconf 88' lang='lat' dir='ltr'>rimam</span> <span class='ocrx_word' id='word_1_491' title='bbox 1152 3318 1294 3376; x_wconf 89' lang='lat' dir='ltr'>involucri</span> <span class='ocrx_word' id='word_1_492' title='bbox 1320 3318 1444 3390; x_wconf 81' lang='lat' dir='ltr'>figuram</span> <span class='ocrx_word' id='word_1_493' title='bbox 1467 3318 1660 3390; x_wconf 87' lang='lat' dir='ltr'>assignentur.</span> <span class='ocrx_word' id='word_1_494' title='bbox 1677 3320 1739 3378; x_wconf 86' lang='lat' dir='ltr'>Moe</span> <span class='ocrx_word' id='word_1_495' title='bbox 1762 3322 1859 3393; x_wconf 87' lang='lat' dir='ltr'>quippe</span> 
     </span>
     <span class='ocr_line' id='line_1_36' title="bbox 122 3406 1858 3482; baseline 0 -17"><span class='ocrx_word' id='word_1_496' title='bbox 122 3415 179 3465; x_wconf 89' lang='lat' dir='ltr'>tem</span> <span class='ocrx_word' id='word_1_497' title='bbox 193 3409 348 3480; x_wconf 83' lang='lat' dir='ltr'>quemdam</span> <span class='ocrx_word' id='word_1_498' title='bbox 363 3408 542 3465; x_wconf 85' lang='lat' dir='ltr'>adhortando</span> <span class='ocrx_word' id='word_1_499' title='bbox 557 3423 609 3465; x_wconf 91' lang='lat' dir='ltr'>nos</span> <span class='ocrx_word' id='word_1_500' title='bbox 626 3407 715 3480; x_wconf 87' lang='lat' dir='ltr'>digna</span> <span class='ocrx_word' id='word_1_501' title='bbox 730 3408 820 3464; x_wconf 86' lang='lat' dir='ltr'>Deum</span> <span class='ocrx_word' id='word_1_502' title='bbox 837 3408 965 3465; x_wconf 84' lang='lat' dir='ltr'>excolere</span> <span class='ocrx_word' id='word_1_503' title='bbox 1018 3409 1154 3481; x_wconf 88' lang='lat' dir='ltr'>loquendi</span> <span class='ocrx_word' id='word_1_504' title='bbox 1170 3422 1261 3480; x_wconf 87' lang='lat' dir='ltr'>genus</span> <span class='ocrx_word' id='word_1_505' title='bbox 1276 3406 1454 3478; x_wconf 89' lang='lat' dir='ltr'>philosophis</span> <span class='ocrx_word' id='word_1_506' title='bbox 1473 3421 1592 3479; x_wconf 82' lang='lat' dir='ltr'>qnoque</span> <span class='ocrx_word' id='word_1_507' title='bbox 1611 3408 1687 3465; x_wconf 89' lang='lat' dir='ltr'>sicut</span> <span class='ocrx_word' id='word_1_508' title='bbox 1701 3416 1730 3466; x_wconf 90' lang='lat' dir='ltr'>ct</span> <span class='ocrx_word' id='word_1_509' title='bbox 1747 3409 1858 3482; x_wconf 91' lang='lat' dir='ltr'>propbe-</span> 
     </span>
     <span class='ocr_line' id='line_1_37' title="bbox 125 3495 1859 3569; baseline -0.003 -14"><span class='ocrx_word' id='word_1_510' title='bbox 125 3505 228 3566; x_wconf 89' lang='lat' dir='ltr'>mente,</span> <span class='ocrx_word' id='word_1_511' title='bbox 261 3497 466 3554; x_wconf 82' lang='lat' dir='ltr'>idestavitiis</span> <span class='ocrx_word' id='word_1_512' title='bbox 495 3504 620 3569; x_wconf 84' lang='lat' dir='ltr'>purgata</span> <span class='ocrx_word' id='word_1_513' title='bbox 644 3505 672 3553; x_wconf 88' lang='lat' dir='ltr'>ct</span> <span class='ocrx_word' id='word_1_514' title='bbox 701 3497 859 3554; x_wconf 85' lang='lat' dir='ltr'>virtutibus</span> <span class='ocrx_word' id='word_1_515' title='bbox 882 3498 963 3554; x_wconf 89' lang='lat' dir='ltr'>ador·</span> <span class='ocrx_word' id='word_1_516' title='bbox 1020 3499 1056 3554; x_wconf 88' lang='lat' dir='ltr'>tis</span> <span class='ocrx_word' id='word_1_517' title='bbox 1083 3498 1340 3556; x_wconf 78' lang='lat' dir='ltr'>familiarissimum</span> <span class='ocrx_word' id='word_1_518' title='bbox 1360 3504 1411 3563; x_wconf 88' lang='lat' dir='ltr'>est,</span> <span class='ocrx_word' id='word_1_519' title='bbox 1428 3503 1460 3552; x_wconf 89' lang='lat' dir='ltr'>ut</span> <span class='ocrx_word' id='word_1_520' title='bbox 1480 3495 1610 3553; x_wconf 88' lang='lat' dir='ltr'>videlicet</span> <span class='ocrx_word' id='word_1_521' title='bbox 1626 3510 1693 3552; x_wconf 89' lang='lat' dir='ltr'>cum</span> <span class='ocrx_word' id='word_1_522' title='bbox 1708 3497 1747 3554; x_wconf 91' lang='lat' dir='ltr'>ad</span> <span class='ocrx_word' id='word_1_523' title='bbox 1764 3510 1859 3555; x_wconf 82' lang='lat' dir='ltr'>arcana</span> 
     </span>
     <span class='ocr_line' id='line_1_38' title="bbox 123 3583 1858 3657; baseline 0 -16"><span class='ocrx_word' id='word_1_524' title='bbox 123 3592 202 3649; x_wconf 87' lang='lat' dir='ltr'>nata,</span> <span class='ocrx_word' id='word_1_525' title='bbox 214 3584 334 3656; x_wconf 90' lang='lat' dir='ltr'>pulchre</span> <span class='ocrx_word' id='word_1_526' title='bbox 348 3585 378 3641; x_wconf 89' lang='lat' dir='ltr'>iu</span> <span class='ocrx_word' id='word_1_527' title='bbox 395 3586 456 3656; x_wconf 93' lang='lat' dir='ltr'>ipso</span> <span class='ocrx_word' id='word_1_528' title='bbox 471 3599 530 3642; x_wconf 77' lang='lat' dir='ltr'>suae</span> <span class='ocrx_word' id='word_1_529' title='bbox 546 3585 753 3642; x_wconf 87' lang='lat' dir='ltr'>adhortationis</span> <span class='ocrx_word' id='word_1_530' title='bbox 763 3594 791 3642; x_wconf 89' lang='lat' dir='ltr'>et</span> <span class='ocrx_word' id='word_1_531' title='bbox 809 3585 966 3657; x_wconf 80' lang='lat' dir='ltr'>discipline</span> <span class='ocrx_word' id='word_1_532' title='bbox 1019 3585 1176 3657; x_wconf 83' lang='lat' dir='ltr'>prophetie</span> <span class='ocrx_word' id='word_1_533' title='bbox 1188 3584 1381 3657; x_wconf 88' lang='lat' dir='ltr'>pervenerint,</span> <span class='ocrx_word' id='word_1_534' title='bbox 1401 3583 1475 3640; x_wconf 92' lang='lat' dir='ltr'>nibil</span> <span class='ocrx_word' id='word_1_535' title='bbox 1489 3583 1665 3655; x_wconf 88' lang='lat' dir='ltr'>vulgaribus</span> <span class='ocrx_word' id='word_1_536' title='bbox 1688 3585 1790 3643; x_wconf 90' lang='lat' dir='ltr'>verbis</span> <span class='ocrx_word' id='word_1_537' title='bbox 1802 3583 1858 3643; x_wconf 85' lang='lat' dir='ltr'>elle·</span> 
     </span>
     <span class='ocr_line' id='line_1_39' title="bbox 122 3672 1857 3744; baseline -0.002 -13"><span class='ocrx_word' id='word_1_538' title='bbox 122 3673 239 3731; x_wconf 90' lang='lat' dir='ltr'>exordio</span> <span class='ocrx_word' id='word_1_539' title='bbox 258 3673 433 3740; x_wconf 86' lang='lat' dir='ltr'>dictumest,</span> <span class='ocrx_word' id='word_1_540' title='bbox 1019 3683 1094 3742; x_wconf 88' lang='lat' dir='ltr'>rant,</span> <span class='ocrx_word' id='word_1_541' title='bbox 1111 3675 1159 3731; x_wconf 90' lang='lat' dir='ltr'>sed</span> <span class='ocrx_word' id='word_1_542' title='bbox 1184 3673 1449 3744; x_wconf 87' lang='lat' dir='ltr'>comparationibus</span> <span class='ocrx_word' id='word_1_543' title='bbox 1476 3672 1704 3730; x_wconf 87' lang='lat' dir='ltr'>similitudinum</span> <span class='ocrx_word' id='word_1_544' title='bbox 1733 3672 1857 3733; x_wconf 86' lang='lat' dir='ltr'>lectoren</span> 
     </span>
    </p>
   </div>
   <div class='ocr_carea' id='block_1_10' title="bbox 158 3760 1860 3925">
    <p class='ocr_par' dir='ltr' id='par_1_11' title="bbox 158 3760 1860 3925">
     <span class='ocr_line' id='line_1_40' title="bbox 159 3760 1858 3836; baseline -0.001 -18"><span class='ocrx_word' id='word_1_545' title='bbox 159 3762 191 3818; x_wconf 85' lang='lat' dir='ltr'>Si</span> <span class='ocrx_word' id='word_1_546' title='bbox 205 3765 275 3818; x_wconf 85' lang='lat' dir='ltr'>Deus</span> <span class='ocrx_word' id='word_1_547' title='bbox 294 3767 335 3817; x_wconf 88' lang='lat' dir='ltr'>est</span> <span class='ocrx_word' id='word_1_548' title='bbox 349 3765 468 3829; x_wconf 83' lang='lat' dir='ltr'>unimus,</span> <span class='ocrx_word' id='word_1_549' title='bbox 484 3762 560 3818; x_wconf 83' lang='lat' dir='ltr'>nobis</span> <span class='ocrx_word' id='word_1_550' title='bbox 576 3767 606 3816; x_wconf 83' lang='lat' dir='ltr'>ut</span> <span class='ocrx_word' id='word_1_551' title='bbox 617 3766 739 3817; x_wconf 85' lang='lat' dir='ltr'>carmina</span> <span class='ocrx_word' id='word_1_552' title='bbox 754 3762 858 3832; x_wconf 81' lang='lat' dir='ltr'>dicant,</span> <span class='ocrx_word' id='word_1_553' title='bbox 1019 3763 1112 3836; x_wconf 87' lang='lat' dir='ltr'>magis</span> <span class='ocrx_word' id='word_1_554' title='bbox 1127 3762 1265 3820; x_wconf 76' lang='lat' dir='ltr'>alliciant.</span> <span class='ocrx_word' id='word_1_555' title='bbox 1282 3760 1351 3828; x_wconf 84' lang='lat' dir='ltr'>Quae</span> <span class='ocrx_word' id='word_1_556' title='bbox 1367 3760 1444 3817; x_wconf 86' lang='lat' dir='ltr'>enim</span> <span class='ocrx_word' id='word_1_557' title='bbox 1469 3761 1553 3832; x_wconf 85' lang='lat' dir='ltr'>quasi</span> <span class='ocrx_word' id='word_1_558' title='bbox 1577 3761 1712 3817; x_wconf 87' lang='lat' dir='ltr'>fabulosa</span> <span class='ocrx_word' id='word_1_559' title='bbox 1728 3770 1815 3820; x_wconf 82' lang='lat' dir='ltr'>antea</span> <span class='ocrx_word' id='word_1_560' title='bbox 1825 3760 1858 3817; x_wconf 89' lang='grc' dir='ltr'>ιι·</span> 
     </span>
     <span class='ocr_line' id='line_1_41' title="bbox 158 3834 1860 3925; baseline 0.001 -21"><span class='ocrx_word' id='word_1_561' title='bbox 158 3835 230 3925; x_wconf 56' lang='grc' dir='ltr'>ΨΜ</span> <span class='ocrx_word' id='word_1_562' title='bbox 245 3834 295 3887; x_wconf 64' lang='lat' dir='ltr'>‘ibt‘</span> <span class='ocrx_word' id='word_1_563' title='bbox 305 3836 443 3904; x_wconf 79' lang='lat' dir='ltr'>precipue</span> <span class='ocrx_word' id='word_1_564' title='bbox 456 3834 493 3889; x_wconf 59' lang='grc' dir='ltr'>δι’(</span> <span class='ocrx_word' id='word_1_565' title='bbox 505 3839 677 3904; x_wconf 55' lang='lat' dir='ltr'>puramente</span> <span class='ocrx_word' id='word_1_566' title='bbox 696 3834 835 3889; x_wconf 50' lang='lat' dir='ltr'>&amp;lindis-</span> <span class='ocrx_word' id='word_1_567' title='bbox 1020 3853 1164 3909; x_wconf 83' lang='lat' dir='ltr'>debentur</span> <span class='ocrx_word' id='word_1_568' title='bbox 1192 3858 1219 3908; x_wconf 82' lang='lat' dir='ltr'>el</span> <span class='ocrx_word' id='word_1_569' title='bbox 1247 3849 1283 3908; x_wconf 91' lang='lat' dir='ltr'>ab</span> <span class='ocrx_word' id='word_1_570' title='bbox 1306 3850 1385 3906; x_wconf 90' lang='lat' dir='ltr'>omni</span> <span class='ocrx_word' id='word_1_571' title='bbox 1421 3849 1543 3906; x_wconf 89' lang='lat' dir='ltr'>utilitate</span> <span class='ocrx_word' id='word_1_572' title='bbox 1566 3857 1676 3906; x_wconf 89' lang='lat' dir='ltr'>remota</span> <span class='ocrx_word' id='word_1_573' title='bbox 1706 3851 1860 3908; x_wconf 89' lang='lat' dir='ltr'>secundnm</span> 
     </span>
    </p>
   </div>
   <div class='ocr_carea' id='block_1_11' title="bbox 123 3938 1901 4100">
    <p class='ocr_par' dir='ltr' id='par_1_12' title="bbox 123 3938 1901 4100">
     <span class='ocr_line' id='line_1_42' title="bbox 158 3938 1901 4011; baseline -0.005 -14"><span class='ocrx_word' id='word_1_574' title='bbox 158 3939 199 3997; x_wconf 83' lang='lat' dir='ltr'>Ac</span> <span class='ocrx_word' id='word_1_575' title='bbox 227 3941 251 3997; x_wconf 91' lang='lat' dir='ltr'>si</span> <span class='ocrx_word' id='word_1_576' title='bbox 275 3948 374 4010; x_wconf 90' lang='lat' dir='ltr'>aperte</span> <span class='ocrx_word' id='word_1_577' title='bbox 394 3940 487 3996; x_wconf 89' lang='lat' dir='ltr'>filium</span> <span class='ocrx_word' id='word_1_578' title='bbox 513 3941 670 4005; x_wconf 85' lang='lat' dir='ltr'>instruens,</span> <span class='ocrx_word' id='word_1_579' title='bbox 697 3940 966 3998; x_wconf 82' lang='lat' dir='ltr'>dicat:Cnmlleus</span> <span class='ocrx_word' id='word_1_580' title='bbox 1020 3938 1122 3998; x_wconf 84' lang='lat' dir='ltr'>littere</span> <span class='ocrx_word' id='word_1_581' title='bbox 1137 3939 1317 4010; x_wconf 84' lang='lat' dir='ltr'>superficiem</span> <span class='ocrx_word' id='word_1_582' title='bbox 1336 3939 1551 4010; x_wconf 85' lang='lat' dir='ltr'>gratiorasunt,</span> <span class='ocrx_word' id='word_1_583' title='bbox 1567 3953 1633 3995; x_wconf 91' lang='lat' dir='ltr'>cum</span> <span class='ocrx_word' id='word_1_584' title='bbox 1649 3939 1768 4011; x_wconf 88' lang='lat' dir='ltr'>maguis</span> <span class='ocrx_word' id='word_1_585' title='bbox 1786 3940 1861 4011; x_wconf 87' lang='lat' dir='ltr'>plena</span> <span class='ocrx_word' id='word_1_586' title='bbox 1899 3982 1901 3988; x_wconf 81' lang='grc'><em>,</em></span> 
     </span>
     <span class='ocr_line' id='line_1_43' title="bbox 123 4027 1901 4100; baseline -0.002 -13"><span class='ocrx_word' id='word_1_587' title='bbox 123 4031 161 4088; x_wconf 90' lang='lat' dir='ltr'>sit</span> <span class='ocrx_word' id='word_1_588' title='bbox 181 4030 306 4096; x_wconf 89' lang='lat' dir='ltr'>animus,</span> <span class='ocrx_word' id='word_1_589' title='bbox 327 4029 381 4086; x_wconf 90' lang='lat' dir='ltr'>hoe</span> <span class='ocrx_word' id='word_1_590' title='bbox 394 4037 436 4086; x_wconf 89' lang='lat' dir='ltr'>est</span> <span class='ocrx_word' id='word_1_591' title='bbox 451 4030 508 4100; x_wconf 83' lang='grc'>(46)</span> <span class='ocrx_word' id='word_1_592' title='bbox 527 4043 595 4085; x_wconf 90' lang='lat' dir='ltr'>vera</span> <span class='ocrx_word' id='word_1_593' title='bbox 610 4037 638 4085; x_wconf 90' lang='lat' dir='ltr'>et</span> <span class='ocrx_word' id='word_1_594' title='bbox 652 4029 811 4100; x_wconf 88' lang='lat' dir='ltr'>spiritualis</span> <span class='ocrx_word' id='word_1_595' title='bbox 825 4030 896 4098; x_wconf 91' lang='lat' dir='ltr'>vita,</span> <span class='ocrx_word' id='word_1_596' title='bbox 913 4031 964 4087; x_wconf 82' lang='lat' dir='ltr'>sie·</span> <span class='ocrx_word' id='word_1_597' title='bbox 1021 4028 1162 4099; x_wconf 84' lang='lat' dir='ltr'>mysteriis</span> <span class='ocrx_word' id='word_1_598' title='bbox 1177 4028 1359 4100; x_wconf 91' lang='lat' dir='ltr'>postmodnm</span> <span class='ocrx_word' id='word_1_599' title='bbox 1375 4034 1498 4097; x_wconf 89' lang='lat' dir='ltr'>reperta,</span> <span class='ocrx_word' id='word_1_600' title='bbox 1515 4041 1628 4097; x_wconf 82' lang='lat' dir='ltr'>magne</span> <span class='ocrx_word' id='word_1_601' title='bbox 1644 4028 1703 4099; x_wconf 73' lang='grc' dir='ltr'>(ιιι)</span> <span class='ocrx_word' id='word_1_602' title='bbox 1722 4028 1754 4085; x_wconf 95' lang='lat' dir='ltr'>in</span> <span class='ocrx_word' id='word_1_603' title='bbox 1769 4043 1800 4086; x_wconf 89' lang='lat' dir='ltr'>se</span> <span class='ocrx_word' id='word_1_604' title='bbox 1818 4027 1860 4084; x_wconf 89' lang='lat' dir='ltr'>do·</span> <span class='ocrx_word' id='word_1_605' title='bbox 1899 4034 1901 4039; x_wconf 78' lang='lat'><em>‘</em></span> 
     </span>
    </p>
   </div>
   <div class='ocr_carea' id='block_1_12' title="bbox 86 4114 1861 4900">
    <p class='ocr_par' dir='ltr' id='par_1_13' title="bbox 86 4114 1861 4900">
     <span class='ocr_line' id='line_1_44' title="bbox 123 4114 1861 4189; baseline -0.002 -14"><span class='ocrx_word' id='word_1_606' title='bbox 123 4126 156 4176; x_wconf 87' lang='lat' dir='ltr'>ut</span> <span class='ocrx_word' id='word_1_607' title='bbox 182 4126 209 4174; x_wconf 91' lang='lat' dir='ltr'>et</span> <span class='ocrx_word' id='word_1_608' title='bbox 238 4119 300 4189; x_wconf 91' lang='lat' dir='ltr'>ipsa</span> <span class='ocrx_word' id='word_1_609' title='bbox 324 4118 476 4188; x_wconf 88' lang='lat' dir='ltr'>perhibent</span> <span class='ocrx_word' id='word_1_610' title='bbox 497 4119 603 4188; x_wconf 87' lang='lat' dir='ltr'>scripta</span> <span class='ocrx_word' id='word_1_611' title='bbox 618 4116 674 4186; x_wconf 88' lang='grc'>(47)</span> <span class='ocrx_word' id='word_1_612' title='bbox 703 4125 864 4187; x_wconf 89' lang='lat' dir='ltr'>poetarum,</span> <span class='ocrx_word' id='word_1_613' title='bbox 886 4119 966 4175; x_wconf 86' lang='lat' dir='ltr'>velut</span> <span class='ocrx_word' id='word_1_614' title='bbox 1020 4116 1119 4173; x_wconf 87' lang='lat' dir='ltr'>ctrinae</span> <span class='ocrx_word' id='word_1_615' title='bbox 1130 4117 1277 4173; x_wconf 86' lang='lat' dir='ltr'>continent</span> <span class='ocrx_word' id='word_1_616' title='bbox 1299 4115 1527 4172; x_wconf 70' lang='lat' dir='ltr'>aedificationem.</span> <span class='ocrx_word' id='word_1_617' title='bbox 1556 4114 1597 4172; x_wconf 91' lang='lat' dir='ltr'>Ob</span> <span class='ocrx_word' id='word_1_618' title='bbox 1613 4115 1667 4171; x_wconf 92' lang='lat' dir='ltr'>hcc</span> <span class='ocrx_word' id='word_1_619' title='bbox 1690 4115 1782 4180; x_wconf 89' lang='lat' dir='ltr'>enim,</span> <span class='ocrx_word' id='word_1_620' title='bbox 1799 4122 1861 4173; x_wconf 83' lang='lat' dir='ltr'>testo</span> 
     </span>
     <span class='ocr_line' id='line_1_45' title="bbox 124 4203 1859 4278; baseline -0.002 -16"><span class='ocrx_word' id='word_1_621' title='bbox 124 4206 175 4263; x_wconf 94' lang='lat' dir='ltr'>illa</span> <span class='ocrx_word' id='word_1_622' title='bbox 190 4206 304 4278; x_wconf 85' lang='lat' dir='ltr'>Virgilii</span> <span class='ocrx_word' id='word_1_623' title='bbox 320 4206 418 4274; x_wconf 89' lang='lat' dir='ltr'>verba,</span> <span class='ocrx_word' id='word_1_624' title='bbox 435 4221 502 4278; x_wconf 76' lang='lat' dir='ltr'>qnae</span> <span class='ocrx_word' id='word_1_625' title='bbox 519 4220 608 4278; x_wconf 88' lang='lat' dir='ltr'>snper</span> <span class='ocrx_word' id='word_1_626' title='bbox 623 4206 677 4263; x_wconf 94' lang='lat' dir='ltr'>hoc</span> <span class='ocrx_word' id='word_1_627' title='bbox 692 4205 788 4276; x_wconf 92' lang='lat' dir='ltr'>ipsum</span> <span class='ocrx_word' id='word_1_628' title='bbox 803 4205 967 4264; x_wconf 84' lang='lat' dir='ltr'>Macrobius</span> <span class='ocrx_word' id='word_1_629' title='bbox 983 4215 1005 4270; x_wconf 80' lang='grc' dir='ltr'>Ι)</span> <span class='ocrx_word' id='word_1_630' title='bbox 1022 4205 1192 4277; x_wconf 76' lang='lat' dir='ltr'>Augustino,</span> <span class='ocrx_word' id='word_1_631' title='bbox 1205 4211 1354 4275; x_wconf 88' lang='lat' dir='ltr'>teguntur,</span> <span class='ocrx_word' id='word_1_632' title='bbox 1372 4218 1408 4259; x_wconf 91' lang='lat' dir='ltr'>ne</span> <span class='ocrx_word' id='word_1_633' title='bbox 1422 4203 1572 4271; x_wconf 89' lang='lat' dir='ltr'>vilescant,</span> <span class='ocrx_word' id='word_1_634' title='bbox 1598 4203 1648 4275; x_wconf 83' lang='lat' dir='ltr'>qui</span> <span class='ocrx_word' id='word_1_635' title='bbox 1662 4205 1793 4262; x_wconf 90' lang='lat' dir='ltr'>secundo</span> <span class='ocrx_word' id='word_1_636' title='bbox 1804 4203 1859 4276; x_wconf 83' lang='lat' dir='ltr'>qni·</span> 
     </span>
     <span class='ocr_line' id='line_1_46' title="bbox 123 4291 1861 4365; baseline -0.003 -12"><span class='ocrx_word' id='word_1_637' title='bbox 123 4295 245 4362; x_wconf 90' lang='lat' dir='ltr'>inducit,</span> <span class='ocrx_word' id='word_1_638' title='bbox 261 4295 335 4351; x_wconf 90' lang='lat' dir='ltr'>sicut</span> <span class='ocrx_word' id='word_1_639' title='bbox 350 4294 531 4365; x_wconf 90' lang='lat' dir='ltr'>postmodum</span> <span class='ocrx_word' id='word_1_640' title='bbox 558 4293 752 4361; x_wconf 87' lang='lat' dir='ltr'>ostendemus,</span> <span class='ocrx_word' id='word_1_641' title='bbox 776 4293 855 4350; x_wconf 88' lang='lat' dir='ltr'>hunc</span> <span class='ocrx_word' id='word_1_642' title='bbox 869 4295 967 4365; x_wconf 87' lang='lat' dir='ltr'>praeei·</span> <span class='ocrx_word' id='word_1_643' title='bbox 1023 4295 1087 4351; x_wconf 92' lang='lat' dir='ltr'>dem</span> <span class='ocrx_word' id='word_1_644' title='bbox 1102 4294 1176 4351; x_wconf 92' lang='lat' dir='ltr'>libro</span> <span class='ocrx_word' id='word_1_645' title='bbox 1193 4296 1230 4349; x_wconf 81' lang='lat' dir='ltr'>tle</span> <span class='ocrx_word' id='word_1_646' title='bbox 1248 4295 1377 4349; x_wconf 81' lang='lat' dir='ltr'>Doctrina</span> <span class='ocrx_word' id='word_1_647' title='bbox 1392 4293 1567 4360; x_wconf 81' lang='lat' dir='ltr'>Christiane,</span> <span class='ocrx_word' id='word_1_648' title='bbox 1583 4292 1653 4350; x_wconf 91' lang='lat' dir='ltr'>dum</span> <span class='ocrx_word' id='word_1_649' title='bbox 1673 4306 1781 4350; x_wconf 83' lang='lat' dir='ltr'>causas</span> <span class='ocrx_word' id='word_1_650' title='bbox 1796 4291 1861 4350; x_wconf 92' lang='lat' dir='ltr'>dilli-</span> 
     </span>
     <span class='ocr_line' id='line_1_47' title="bbox 123 4379 1860 4456; baseline -0.005 -15"><span class='ocrx_word' id='word_1_651' title='bbox 123 4399 190 4456; x_wconf 89' lang='lat' dir='ltr'>pue,</span> <span class='ocrx_word' id='word_1_652' title='bbox 215 4383 321 4440; x_wconf 86' lang='lat' dir='ltr'>scilicet</span> <span class='ocrx_word' id='word_1_653' title='bbox 359 4383 451 4437; x_wconf 82' lang='lat' dir='ltr'>ileum</span> <span class='ocrx_word' id='word_1_654' title='bbox 477 4381 695 4438; x_wconf 90' lang='lat' dir='ltr'>benevivendo</span> <span class='ocrx_word' id='word_1_655' title='bbox 724 4380 860 4454; x_wconf 88' lang='lat' dir='ltr'>glorillca.</span> <span class='ocrx_word' id='word_1_656' title='bbox 893 4383 968 4440; x_wconf 88' lang='lat' dir='ltr'>Bene</span> <span class='ocrx_word' id='word_1_657' title='bbox 1022 4383 1136 4440; x_wconf 87' lang='lat' dir='ltr'>cultatis</span> <span class='ocrx_word' id='word_1_658' title='bbox 1163 4389 1190 4439; x_wconf 91' lang='lat' dir='ltr'>et</span> <span class='ocrx_word' id='word_1_659' title='bbox 1221 4382 1364 4439; x_wconf 76' lang='lat' dir='ltr'>facilitatis</span> <span class='ocrx_word' id='word_1_660' title='bbox 1379 4396 1467 4438; x_wconf 79' lang='lat' dir='ltr'>sacrae</span> <span class='ocrx_word' id='word_1_661' title='bbox 1481 4381 1638 4451; x_wconf 86' lang='lat' dir='ltr'>Seriptnrae</span> <span class='ocrx_word' id='word_1_662' title='bbox 1651 4381 1789 4452; x_wconf 88' lang='lat' dir='ltr'>aperiret,</span> <span class='ocrx_word' id='word_1_663' title='bbox 1810 4379 1860 4437; x_wconf 80' lang='lat' dir='ltr'>alt:</span> 
     </span>
     <span class='ocr_line' id='line_1_48' title="bbox 122 4462 1860 4542; baseline -0.003 -12"><span class='ocrx_word' id='word_1_664' title='bbox 122 4472 209 4531; x_wconf 86' lang='lat' dir='ltr'>etiarn</span> <span class='ocrx_word' id='word_1_665' title='bbox 230 4485 297 4528; x_wconf 93' lang='lat' dir='ltr'>cum</span> <span class='ocrx_word' id='word_1_666' title='bbox 318 4470 500 4527; x_wconf 89' lang='lat' dir='ltr'>animalesse</span> <span class='ocrx_word' id='word_1_667' title='bbox 521 4471 601 4527; x_wconf 88' lang='lat' dir='ltr'>Plato</span> <span class='ocrx_word' id='word_1_668' title='bbox 621 4471 763 4535; x_wconf 88' lang='lat' dir='ltr'>mundum</span> <span class='ocrx_word' id='word_1_669' title='bbox 783 4469 899 4538; x_wconf 83' lang='lat' dir='ltr'>dixerit,</span> <span class='ocrx_word' id='word_1_670' title='bbox 920 4471 966 4542; x_wconf 92' lang='lat' dir='ltr'>ip·</span> <span class='ocrx_word' id='word_1_671' title='bbox 1023 4493 1037 4522; x_wconf 68' lang='grc' dir='ltr'>ι</span> <span class='ocrx_word' id='word_1_672' title='bbox 1058 4462 1187 4530; x_wconf 79' lang='lat' dir='ltr'>Obscura</span> <span class='ocrx_word' id='word_1_673' title='bbox 1210 4470 1345 4542; x_wconf 81' lang='lat' dir='ltr'>quedam</span> <span class='ocrx_word' id='word_1_674' title='bbox 1374 4471 1450 4527; x_wconf 89' lang='lat' dir='ltr'>dieta</span> <span class='ocrx_word' id='word_1_675' title='bbox 1485 4470 1684 4527; x_wconf 88' lang='lat' dir='ltr'>densissimam</span> <span class='ocrx_word' id='word_1_676' title='bbox 1716 4469 1860 4542; x_wconf 82' lang='lat' dir='ltr'>caliginem</span> 
     </span>
     <span class='ocr_line' id='line_1_49' title="bbox 123 4557 1860 4632; baseline -0.006 -11"><span class='ocrx_word' id='word_1_677' title='bbox 123 4575 248 4632; x_wconf 83' lang='lat' dir='ltr'>sumque</span> <span class='ocrx_word' id='word_1_678' title='bbox 273 4557 488 4631; x_wconf 81' lang='lat' dir='ltr'>intelligentem,</span> <span class='ocrx_word' id='word_1_679' title='bbox 503 4559 556 4614; x_wconf 90' lang='lat' dir='ltr'>hcc</span> <span class='ocrx_word' id='word_1_680' title='bbox 566 4565 609 4616; x_wconf 89' lang='lat' dir='ltr'>est</span> <span class='ocrx_word' id='word_1_681' title='bbox 632 4558 772 4616; x_wconf 89' lang='lat' dir='ltr'>rationale</span> <span class='ocrx_word' id='word_1_682' title='bbox 785 4559 892 4615; x_wconf 89' lang='lat' dir='ltr'>animal</span> <span class='ocrx_word' id='word_1_683' title='bbox 907 4574 968 4617; x_wconf 88' lang='lat' dir='ltr'>esse</span> <span class='ocrx_word' id='word_1_684' title='bbox 1021 4561 1179 4627; x_wconf 88' lang='lat' dir='ltr'>obducunt,</span> <span class='ocrx_word' id='word_1_685' title='bbox 1192 4560 1269 4631; x_wconf 88' lang='lat' dir='ltr'>qnod</span> <span class='ocrx_word' id='word_1_686' title='bbox 1299 4567 1391 4616; x_wconf 90' lang='lat' dir='ltr'>totum</span> <span class='ocrx_word' id='word_1_687' title='bbox 1413 4559 1560 4629; x_wconf 91' lang='lat' dir='ltr'>provisum</span> <span class='ocrx_word' id='word_1_688' title='bbox 1576 4573 1637 4615; x_wconf 89' lang='lat' dir='ltr'>esse</span> <span class='ocrx_word' id='word_1_689' title='bbox 1653 4558 1799 4616; x_wconf 90' lang='lat' dir='ltr'>divinitus</span> <span class='ocrx_word' id='word_1_690' title='bbox 1812 4570 1860 4614; x_wconf 91' lang='lat' dir='ltr'>non</span> 
     </span>
     <span class='ocr_line' id='line_1_50' title="bbox 125 4643 1859 4726; baseline -0.004 -19"><span class='ocrx_word' id='word_1_691' title='bbox 125 4649 282 4724; x_wconf 88' lang='lat' dir='ltr'>perhibuit,</span> <span class='ocrx_word' id='word_1_692' title='bbox 303 4647 462 4704; x_wconf 89' lang='lat' dir='ltr'>secundum</span> <span class='ocrx_word' id='word_1_693' title='bbox 481 4648 534 4704; x_wconf 94' lang='lat' dir='ltr'>hoc</span> <span class='ocrx_word' id='word_1_694' title='bbox 552 4646 670 4714; x_wconf 90' lang='lat' dir='ltr'>scilicet,</span> <span class='ocrx_word' id='word_1_695' title='bbox 691 4647 768 4726; x_wconf 84' lang='lat' dir='ltr'>quod</span> <span class='ocrx_word' id='word_1_696' title='bbox 787 4646 850 4717; x_wconf 79' lang='lat' dir='ltr'>eius</span> <span class='ocrx_word' id='word_1_697' title='bbox 870 4649 968 4705; x_wconf 88' lang='lat' dir='ltr'>anima</span> <span class='ocrx_word' id='word_1_698' title='bbox 1021 4650 1131 4718; x_wconf 91' lang='lat' dir='ltr'>dubito,</span> <span class='ocrx_word' id='word_1_699' title='bbox 1153 4649 1188 4706; x_wconf 90' lang='lat' dir='ltr'>ad</span> <span class='ocrx_word' id='word_1_700' title='bbox 1217 4648 1407 4705; x_wconf 87' lang='lat' dir='ltr'>edomandam</span> <span class='ocrx_word' id='word_1_701' title='bbox 1435 4647 1531 4704; x_wconf 86' lang='lat' dir='ltr'>labore</span> <span class='ocrx_word' id='word_1_702' title='bbox 1555 4647 1735 4718; x_wconf 86' lang='lat' dir='ltr'>snperbiam,</span> <span class='ocrx_word' id='word_1_703' title='bbox 1749 4643 1859 4704; x_wconf 88' lang='lat' dir='ltr'>etintel·</span> 
     </span>
     <span class='ocr_line' id='line_1_51' title="bbox 124 4733 1854 4813; baseline -0.006 -16"><span class='ocrx_word' id='word_1_704' title='bbox 124 4747 233 4813; x_wconf 81' lang='lat' dir='ltr'>quanto</span> <span class='ocrx_word' id='word_1_705' title='bbox 255 4737 364 4794; x_wconf 82' lang='lat' dir='ltr'>ceteris</span> <span class='ocrx_word' id='word_1_706' title='bbox 379 4736 560 4805; x_wconf 80' lang='lat' dir='ltr'>prestantior</span> <span class='ocrx_word' id='word_1_707' title='bbox 582 4736 688 4801; x_wconf 83' lang='lat' dir='ltr'>existit,</span> <span class='ocrx_word' id='word_1_708' title='bbox 710 4743 789 4792; x_wconf 89' lang='lat' dir='ltr'>tanto</span> <span class='ocrx_word' id='word_1_709' title='bbox 809 4737 966 4794; x_wconf 87' lang='lat' dir='ltr'>rationabi-</span> <span class='ocrx_word' id='word_1_710' title='bbox 1020 4739 1125 4796; x_wconf 88' lang='lat' dir='ltr'>lectum</span> <span class='ocrx_word' id='word_1_711' title='bbox 1140 4752 1157 4794; x_wconf 92' lang='lat' dir='ltr'>a</span> <span class='ocrx_word' id='word_1_712' title='bbox 1171 4736 1286 4794; x_wconf 85' lang='lat' dir='ltr'>fastidio</span> <span class='ocrx_word' id='word_1_713' title='bbox 1317 4736 1526 4801; x_wconf 91' lang='lat' dir='ltr'>revocandum,</span> <span class='ocrx_word' id='word_1_714' title='bbox 1549 4750 1617 4792; x_wconf 92' lang='lat' dir='ltr'>cum</span> <span class='ocrx_word' id='word_1_715' title='bbox 1637 4735 1722 4793; x_wconf 89' lang='lat' dir='ltr'>lacile</span> <span class='ocrx_word' id='word_1_716' title='bbox 1748 4733 1854 4792; x_wconf 88' lang='lat' dir='ltr'>investi·</span> 
     </span>
     <span class='ocr_line' id='line_1_52' title="bbox 86 4823 1858 4900; baseline -0.005 -14"><span class='ocrx_word' id='word_1_717' title='bbox 86 4895 89 4900; x_wconf 29' lang='lat'><strong><em>¹</em></strong></span> <span class='ocrx_word' id='word_1_718' title='bbox 124 4827 183 4886; x_wconf 90' lang='lat' dir='ltr'>lius</span> <span class='ocrx_word' id='word_1_719' title='bbox 202 4829 232 4884; x_wconf 91' lang='lat' dir='ltr'>in</span> <span class='ocrx_word' id='word_1_720' title='bbox 254 4829 432 4898; x_wconf 89' lang='lat' dir='ltr'>ipsocuneta</span> <span class='ocrx_word' id='word_1_721' title='bbox 460 4824 519 4896; x_wconf 84' lang='lat' dir='ltr'>agit</span> <span class='ocrx_word' id='word_1_722' title='bbox 545 4832 634 4896; x_wconf 84' lang='lat' dir='ltr'>atque</span> <span class='ocrx_word' id='word_1_723' title='bbox 659 4824 793 4895; x_wconf 88' lang='lat' dir='ltr'>disponit.</span> <span class='ocrx_word' id='word_1_724' title='bbox 825 4826 863 4881; x_wconf 86' lang='lat' dir='ltr'>lle</span> <span class='ocrx_word' id='word_1_725' title='bbox 883 4827 967 4898; x_wconf 77' lang='lat' dir='ltr'>euius</span> <span class='ocrx_word' id='word_1_726' title='bbox 1021 4826 1278 4899; x_wconf 83' lang='lat' dir='ltr'>gataplerumque</span> <span class='ocrx_word' id='word_1_727' title='bbox 1305 4824 1485 4881; x_wconf 85' lang='lat' dir='ltr'>vilescunt.»</span> <span class='ocrx_word' id='word_1_728' title='bbox 1512 4825 1584 4881; x_wconf 85' lang='lat' dir='ltr'>Item</span> <span class='ocrx_word' id='word_1_729' title='bbox 1611 4839 1648 4878; x_wconf 78' lang='lat' dir='ltr'>t«</span> <span class='ocrx_word' id='word_1_730' title='bbox 1679 4823 1733 4891; x_wconf 86' lang='lat' dir='ltr'>Qui</span> <span class='ocrx_word' id='word_1_731' title='bbox 1749 4833 1858 4895; x_wconf 87' lang='lat' dir='ltr'>prorsus</span> 
     </span>
    </p>
   </div>
   <div class='ocr_carea' id='block_1_13' title="bbox 123 4902 1901 4990">
    <p class='ocr_par' dir='ltr' id='par_1_14' title="bbox 123 4902 1901 4990">
     <span class='ocr_line' id='line_1_53' title="bbox 123 4902 1901 4990; baseline -0.004 -16"><span class='ocrx_word' id='word_1_732' title='bbox 123 4916 240 4990; x_wconf 85' lang='lat' dir='ltr'>quidem</span> <span class='ocrx_word' id='word_1_733' title='bbox 256 4929 377 4973; x_wconf 80' lang='lat' dir='ltr'>summe</span> <span class='ocrx_word' id='word_1_734' title='bbox 396 4913 515 4971; x_wconf 88' lang='lat' dir='ltr'>rationis</span> <span class='ocrx_word' id='word_1_735' title='bbox 538 4913 719 4970; x_wconf 89' lang='lat' dir='ltr'>ordinatione</span> <span class='ocrx_word' id='word_1_736' title='bbox 738 4928 806 4970; x_wconf 90' lang='lat' dir='ltr'>cum</span> <span class='ocrx_word' id='word_1_737' title='bbox 829 4914 966 4972; x_wconf 86' lang='lat' dir='ltr'>subditur</span> <span class='ocrx_word' id='word_1_738' title='bbox 1021 4930 1079 4972; x_wconf 92' lang='lat' dir='ltr'>non</span> <span class='ocrx_word' id='word_1_739' title='bbox 1095 4914 1249 4973; x_wconf 84' lang='lat' dir='ltr'>inveniunt</span> <span class='ocrx_word' id='word_1_740' title='bbox 1279 4912 1358 4986; x_wconf 84' lang='lat' dir='ltr'>quod</span> <span class='ocrx_word' id='word_1_741' title='bbox 1382 4921 1530 4984; x_wconf 80' lang='lat' dir='ltr'>quarunt,</span> <span class='ocrx_word' id='word_1_742' title='bbox 1550 4913 1624 4970; x_wconf 87' lang='lat' dir='ltr'>lame</span> <span class='ocrx_word' id='word_1_743' title='bbox 1643 4911 1779 4969; x_wconf 89' lang='lat' dir='ltr'>laborant</span> <span class='ocrx_word' id='word_1_744' title='bbox 1795 4927 1802 4967; x_wconf 77' lang='grc' dir='ltr'>ι</span> <span class='ocrx_word' id='word_1_745' title='bbox 1818 4908 1858 4981; x_wconf 83' lang='lat' dir='ltr'>qni</span> <span class='ocrx_word' id='word_1_746' title='bbox 1898 4902 1901 4916; x_wconf 75' lang='lat'>¹</span> 
     </span>
    </p>
   </div>
   <div class='ocr_carea' id='block_1_14' title="bbox 22 2779 1897 2861">
    <p class='ocr_par' dir='ltr' id='par_1_15' title="bbox 22 2779 1897 2861">
     <span class='ocr_line' id='line_1_54' title="bbox 22 2779 1897 2861; baseline 0.003 -19"><span class='ocrx_word' id='word_1_747' title='bbox 22 2794 25 2804; x_wconf 88' lang='grc'><strong><em>·</em></strong></span> <span class='ocrx_word' id='word_1_748' title='bbox 101 2779 169 2854; x_wconf 80' lang='lat' dir='ltr'>est,</span> <span class='ocrx_word' id='word_1_749' title='bbox 199 2786 306 2858; x_wconf 85' lang='lat' dir='ltr'>lnquit,</span> <span class='ocrx_word' id='word_1_750' title='bbox 351 2788 451 2855; x_wconf 86' lang='lat' dir='ltr'>soluta,</span> <span class='ocrx_word' id='word_1_751' title='bbox 485 2793 510 2842; x_wconf 86' lang='lat' dir='ltr'>et</span> <span class='ocrx_word' id='word_1_752' title='bbox 545 2788 640 2854; x_wconf 84' lang='lat' dir='ltr'>libero,</span> <span class='ocrx_word' id='word_1_753' title='bbox 676 2793 777 2843; x_wconf 81' lang='lat' dir='ltr'>secreta</span> <span class='ocrx_word' id='word_1_754' title='bbox 820 2788 853 2843; x_wconf 87' lang='lat' dir='ltr'>ob</span> <span class='ocrx_word' id='word_1_755' title='bbox 891 2790 964 2842; x_wconf 80' lang='lat' dir='ltr'>omni</span> <span class='ocrx_word' id='word_1_756' title='bbox 1054 2791 1104 2848; x_wconf 85' lang='lat' dir='ltr'>llis</span> <span class='ocrx_word' id='word_1_757' title='bbox 1120 2789 1274 2860; x_wconf 87' lang='lat' dir='ltr'>explatone</span> <span class='ocrx_word' id='word_1_758' title='bbox 1287 2788 1413 2845; x_wconf 91' lang='lat' dir='ltr'>breviter</span> <span class='ocrx_word' id='word_1_759' title='bbox 1428 2788 1564 2859; x_wconf 88' lang='lat' dir='ltr'>collectis,</span> <span class='ocrx_word' id='word_1_760' title='bbox 1590 2797 1678 2861; x_wconf 86' lang='lat' dir='ltr'>atque</span> <span class='ocrx_word' id='word_1_761' title='bbox 1692 2791 1731 2848; x_wconf 89' lang='lat' dir='ltr'>ad</span> <span class='ocrx_word' id='word_1_762' title='bbox 1760 2798 1856 2850; x_wconf 85' lang='lat' dir='ltr'>nostre</span> <span class='ocrx_word' id='word_1_763' title='bbox 1894 2822 1897 2829; x_wconf 71' lang='lat'>=</span> 
     </span>
    </p>
   </div>
   <div class='ocr_carea' id='block_1_15' title="bbox 1899 3867 1904 4967">
    <p class='ocr_par' dir='ltr' id='par_1_16' title="bbox 1899 3867 1904 4967">
     <span class='ocr_line' id='line_1_55' title="bbox 1899 3867 1904 4967; baseline 0 0"><span class='ocrx_word' id='word_1_764' title='bbox 1899 3867 1904 4967; x_wconf 95' lang='lat' dir='ltr'> </span> 
     </span>
    </p>
   </div>
   <div class='ocr_carea' id='block_1_16' title="bbox 124 4992 1901 5078">
    <p class='ocr_par' dir='ltr' id='par_1_17' title="bbox 124 4992 1901 5078">
     <span class='ocr_line' id='line_1_56' title="bbox 124 4992 1901 5078; baseline -0.007 -14"><span class='ocrx_word' id='word_1_765' title='bbox 124 5005 202 5078; x_wconf 80' lang='lat' dir='ltr'>quod</span> <span class='ocrx_word' id='word_1_766' title='bbox 224 5004 283 5060; x_wconf 74' lang='lat' dir='ltr'>haec</span> <span class='ocrx_word' id='word_1_767' title='bbox 314 5002 491 5074; x_wconf 89' lang='lat' dir='ltr'>ipsamundi</span> <span class='ocrx_word' id='word_1_768' title='bbox 508 5001 638 5059; x_wconf 88' lang='lat' dir='ltr'>videlicet</span> <span class='ocrx_word' id='word_1_769' title='bbox 657 5002 764 5069; x_wconf 86' lang='lat' dir='ltr'>anima,</span> <span class='ocrx_word' id='word_1_770' title='bbox 784 5017 888 5060; x_wconf 85' lang='lat' dir='ltr'>causas</span> <span class='ocrx_word' id='word_1_771' title='bbox 906 5018 964 5060; x_wconf 91' lang='lat' dir='ltr'>cm·</span> <span class='ocrx_word' id='word_1_772' title='bbox 1020 5013 1117 5060; x_wconf 88' lang='lat' dir='ltr'>autem</span> <span class='ocrx_word' id='word_1_773' title='bbox 1133 5018 1192 5060; x_wconf 91' lang='lat' dir='ltr'>nou</span> <span class='ocrx_word' id='word_1_774' title='bbox 1207 5010 1353 5074; x_wconf 83' lang='lat' dir='ltr'>querunt,</span> <span class='ocrx_word' id='word_1_775' title='bbox 1370 5002 1441 5074; x_wconf 86' lang='lat' dir='ltr'>quia</span> <span class='ocrx_word' id='word_1_776' title='bbox 1456 5003 1485 5058; x_wconf 92' lang='lat' dir='ltr'>in</span> <span class='ocrx_word' id='word_1_777' title='bbox 1501 5010 1638 5073; x_wconf 89' lang='lat' dir='ltr'>promptu</span> <span class='ocrx_word' id='word_1_778' title='bbox 1657 5001 1777 5070; x_wconf 88' lang='lat' dir='ltr'>habent,</span> <span class='ocrx_word' id='word_1_779' title='bbox 1792 4996 1858 5058; x_wconf 85' lang='lat' dir='ltr'>lasti·</span> <span class='ocrx_word' id='word_1_780' title='bbox 1899 4992 1901 5047; x_wconf 80' lang='grc' dir='ltr'>ἶ</span> 
     </span>
    </p>
   </div>
   <div class='ocr_carea' id='block_1_17' title="bbox 161 5161 1861 5521">
    <p class='ocr_par' dir='ltr' id='par_1_18' title="bbox 171 5161 1470 5232">
     <span class='ocr_line' id='line_1_57' title="bbox 171 5161 1470 5232; baseline -0.001 -13"><span class='ocrx_word' id='word_1_781' title='bbox 171 5165 214 5231; x_wconf 92' lang='grc'>45)</span> <span class='ocrx_word' id='word_1_782' title='bbox 231 5164 263 5220; x_wconf 89' lang='lat' dir='ltr'>ln</span> <span class='ocrx_word' id='word_1_783' title='bbox 275 5163 382 5219; x_wconf 92' lang='lat' dir='ltr'>Introd.</span> <span class='ocrx_word' id='word_1_784' title='bbox 399 5163 433 5218; x_wconf 86' lang='lat' dir='ltr'>ad</span> <span class='ocrx_word' id='word_1_785' title='bbox 450 5161 547 5228; x_wconf 80' lang='lat' dir='ltr'>theol,</span> <span class='ocrx_word' id='word_1_786' title='bbox 564 5165 779 5232; x_wconf 76' lang='lat' dir='ltr'>congregatione.</span> <span class='ocrx_word' id='word_1_787' title='bbox 1019 5181 1065 5221; x_wconf 87' lang='lat' dir='ltr'>ens</span> <span class='ocrx_word' id='word_1_788' title='bbox 1079 5164 1187 5222; x_wconf 88' lang='lat' dir='ltr'>seilicet</span> <span class='ocrx_word' id='word_1_789' title='bbox 1205 5166 1312 5220; x_wconf 86' lang='lat' dir='ltr'>animos</span> <span class='ocrx_word' id='word_1_790' title='bbox 1327 5163 1470 5218; x_wconf 80' lang='lat' dir='ltr'>humanos.</span> 
     </span>
    </p>

    <p class='ocr_par' dir='ltr' id='par_1_19' title="bbox 171 5232 1399 5305">
     <span class='ocr_line' id='line_1_58' title="bbox 171 5232 1399 5305; baseline -0.001 -16"><span class='ocrx_word' id='word_1_791' title='bbox 171 5235 218 5305; x_wconf 85' lang='grc'>45)</span> <span class='ocrx_word' id='word_1_792' title='bbox 234 5234 342 5291; x_wconf 83' lang='grc' dir='ltr'>Ιιιιιοιι.</span> <span class='ocrx_word' id='word_1_793' title='bbox 359 5234 393 5288; x_wconf 89' lang='lat' dir='ltr'>ad</span> <span class='ocrx_word' id='word_1_794' title='bbox 415 5232 514 5301; x_wconf 84' lang='lat' dir='ltr'>theol,</span> <span class='ocrx_word' id='word_1_795' title='bbox 526 5234 602 5289; x_wconf 84' lang='lat' dir='ltr'>nobis</span> <span class='ocrx_word' id='word_1_796' title='bbox 618 5234 665 5290; x_wconf 84' lang='lat' dir='ltr'>boe</span> <span class='ocrx_word' id='word_1_797' title='bbox 684 5239 733 5290; x_wconf 89' lang='lat' dir='ltr'>est.</span> <span class='ocrx_word' id='word_1_798' title='bbox 1067 5239 1099 5292; x_wconf 82' lang='lat'>50</span> <span class='ocrx_word' id='word_1_799' title='bbox 1133 5236 1253 5304; x_wconf 88' lang='lat' dir='ltr'>Introd.,</span> <span class='ocrx_word' id='word_1_800' title='bbox 1268 5237 1399 5304; x_wconf 82' lang='lat' dir='ltr'>oportuit.</span> 
     </span>
    </p>

    <p class='ocr_par' dir='ltr' id='par_1_20' title="bbox 161 5302 1861 5447">
     <span class='ocr_line' id='line_1_59' title="bbox 173 5302 1861 5374; baseline -0.001 -15"><span class='ocrx_word' id='word_1_801' title='bbox 173 5304 350 5371; x_wconf 64' lang='lat' dir='ltr'>litlntrod„</span> <span class='ocrx_word' id='word_1_802' title='bbox 367 5305 444 5374; x_wconf 78' lang='lat' dir='ltr'>scrip</span> <span class='ocrx_word' id='word_1_803' title='bbox 447 5311 521 5359; x_wconf 79' lang='lat' dir='ltr'>turo.</span> <span class='ocrx_word' id='word_1_804' title='bbox 1067 5310 1097 5361; x_wconf 76' lang='lat' dir='ltr'>dl</span> <span class='ocrx_word' id='word_1_805' title='bbox 1133 5306 1242 5363; x_wconf 91' lang='lat' dir='ltr'>lntrcd.</span> <span class='ocrx_word' id='word_1_806' title='bbox 1264 5305 1298 5360; x_wconf 85' lang='lat' dir='ltr'>ad</span> <span class='ocrx_word' id='word_1_807' title='bbox 1327 5305 1426 5372; x_wconf 83' lang='lat' dir='ltr'>theol..</span> <span class='ocrx_word' id='word_1_808' title='bbox 1450 5305 1559 5374; x_wconf 80' lang='lat' dir='ltr'>Spiritu</span> <span class='ocrx_word' id='word_1_809' title='bbox 1587 5309 1695 5374; x_wconf 82' lang='lat' dir='ltr'>taneto,</span> <span class='ocrx_word' id='word_1_810' title='bbox 1716 5302 1793 5361; x_wconf 84' lang='lat' dir='ltr'>male</span> <span class='ocrx_word' id='word_1_811' title='bbox 1812 5315 1861 5361; x_wconf 93' lang='lat' dir='ltr'>om·</span> 
     </span>
     <span class='ocr_line' id='line_1_60' title="bbox 161 5375 1414 5447; baseline 0.002 -18"><span class='ocrx_word' id='word_1_812' title='bbox 161 5376 207 5437; x_wconf 86' lang='grc'>(48</span> <span class='ocrx_word' id='word_1_813' title='bbox 233 5375 355 5444; x_wconf 87' lang='lat' dir='ltr'>Introd.,</span> <span class='ocrx_word' id='word_1_814' title='bbox 371 5375 494 5429; x_wconf 79' lang='lat' dir='ltr'>dicisum</span> <span class='ocrx_word' id='word_1_815' title='bbox 509 5380 534 5431; x_wconf 89' lang='lat' dir='ltr'>et</span> <span class='ocrx_word' id='word_1_816' title='bbox 553 5378 682 5438; x_wconf 81' lang='lat' dir='ltr'>emnium,</span> <span class='ocrx_word' id='word_1_817' title='bbox 697 5389 756 5432; x_wconf 91' lang='lat' dir='ltr'>non</span> <span class='ocrx_word' id='word_1_818' title='bbox 770 5375 809 5432; x_wconf 90' lang='lat' dir='ltr'>ita</span> <span class='ocrx_word' id='word_1_819' title='bbox 824 5376 1088 5434; x_wconf 76' lang='lat' dir='ltr'>malenino</span> <span class='ocrx_word' id='word_1_820' title='bbox 1103 5384 1137 5434; x_wconf 90' lang='lat' dir='ltr'>nt</span> <span class='ocrx_word' id='word_1_821' title='bbox 1151 5375 1310 5435; x_wconf 89' lang='lat' dir='ltr'>attendenti</span> <span class='ocrx_word' id='word_1_822' title='bbox 1326 5389 1362 5447; x_wconf 91' lang='lat' dir='ltr'>pa</span> <span class='ocrx_word' id='word_1_823' title='bbox 1364 5378 1414 5432; x_wconf 88' lang='lat' dir='ltr'>l.ot</span> 
     </span>
    </p>

    <p class='ocr_par' dir='ltr' id='par_1_21' title="bbox 162 5445 1401 5521">
     <span class='ocr_line' id='line_1_61' title="bbox 162 5445 1401 5521; baseline 0.002 -23"><span class='ocrx_word' id='word_1_824' title='bbox 162 5445 207 5513; x_wconf 79' lang='grc'>(49</span> <span class='ocrx_word' id='word_1_825' title='bbox 241 5446 361 5512; x_wconf 89' lang='lat' dir='ltr'>lntmd.,</span> <span class='ocrx_word' id='word_1_826' title='bbox 387 5461 447 5501; x_wconf 85' lang='lat' dir='ltr'>eam</span> <span class='ocrx_word' id='word_1_827' title='bbox 472 5450 599 5510; x_wconf 83' lang='lat' dir='ltr'>animam,</span> <span class='ocrx_word' id='word_1_828' title='bbox 623 5446 727 5504; x_wconf 90' lang='lat' dir='ltr'>melius</span> <span class='ocrx_word' id='word_1_829' title='bbox 752 5448 842 5505; x_wconf 92' lang='lat' dir='ltr'>codex</span> <span class='ocrx_word' id='word_1_830' title='bbox 869 5455 965 5505; x_wconf 88' lang='lat' dir='ltr'>noster</span> <span class='ocrx_word' id='word_1_831' title='bbox 1053 5446 1112 5521; x_wconf 79' lang='grc'>(52)</span> <span class='ocrx_word' id='word_1_832' title='bbox 1127 5448 1235 5506; x_wconf 89' lang='lat' dir='ltr'>lntmd</span> <span class='ocrx_word' id='word_1_833' title='bbox 1240 5462 1401 5517; x_wconf 31' lang='lat' dir='ltr'>wmcgnem</span> 
     </span>
    </p>
   </div>
   <div class='ocr_carea' id='block_1_18' title="bbox 0 0 1915 5962">
    <p class='ocr_par' dir='ltr' id='par_1_22' title="bbox 0 0 1915 5962">
     <span class='ocr_line' id='line_1_62' title="bbox 0 0 1915 5962; baseline 0 0"><span class='ocrx_word' id='word_1_834' title='bbox 0 0 1915 5962; x_wconf 95' lang='lat' dir='ltr'> </span> 
     </span>
    </p>
   </div>
  </div>
 </body>
</html>
