3804 5962
108 165 168 223 elib
381 155 484 214 PETRl
502 149 690 212 dBAELdRDI
709 155 785 213 OPP.
807 153 898 212 Petis
916 151 1238 212 ιιι-1110101111
1256 151 1299 208 ΕΤ
1316 151 1587 212 PHILOSOPHIGA.
1804 154 1857 212 9111

107 281 220 360 judicio
229 278 425 354 relinquatur,
439 277 510 351 quia
527 277 611 335 aliter
624 283 724 335 contra
751 275 957 336 conscientiam
972 275 996 331 l.
1011 273 1138 334 animam
1154 290 1212 335 non
1233 277 1327 336 colum
1348 283 1464 351 propter
1483 276 1547 348 eius
1570 273 1789 348 contessionem,
1804 278 1852 337 sed
1897 312 1900 321 ·

112 371 225 447 agendo
244 377 385 443 peccaret,
415 369 489 426 sicut
513 367 695 440 postmodum
718 366 826 425 scilicet
852 367 959 425 dicitur
1011 367 1098 424 otiam
1122 381 1173 438 pro
1194 367 1333 426 iratribus
1357 381 1472 440 ponere.
1512 368 1552 422 lb
1570 371 1660 423 cutem
1686 371 1745 441 qut.
1776 370 1852 427 Post·

111 463 183 537 quia
210 477 288 518 omne
313 460 386 531 quod
399 474 454 514 333
467 461 556 514 33133
577 457 632 529 1113
654 462 795 528 peccatum
814 457 955 530 33111133.
1011 471 1100 529 quam
1113 457 1201 516 dixit:
1215 459 1327 529 luquis
1341 474 1368 513 es
1384 459 1434 527 qui
1455 456 1566 527 jndices
1593 457 1713 514 alienum
1737 473 1855 531 3313331,
1898 478 1900 487 ·

111 568 172 621 xxv,
201 552 258 623 13),
273 558 301 609 31
320 551 375 607 boc
388 556 444 606 est:
466 547 518 614 Qui
540 551 617 618 sopit¹
642 548 724 615 diem,
741 549 796 606 boc
809 555 851 606 est
865 548 958 607 credit
1011 547 1091 605 addit
1105 561 1196 615 nuuc,
1222 549 1447 616 1131133333,
1472 553 1504 603 31
1525 546 1549 603 31
1571 547 1624 603 boc
1644 547 1778 606 videlicet
1806 563 1854 621 pro

111 644 243 715 aliquam
261 638 410 697 observari
426 638 541 708 debere,
557 637 594 694 ad
620 637 759 695 bonorem
773 637 887 695 liomini
903 639 958 696 hoc
1012 635 1121 710 injuria
1144 650 1233 709 quam
1254 637 1321 694 lacit
1331 637 1453 695 Domino
1467 651 1520 694 suo
1534 650 1593 693 non
1611 636 1737 706 dimittit,
1757 637 1857 697 saltem

112 730 262 800 tonitrui
286 727 393 785 33111331
416 740 467 798 per
494 726 698 784 abstinentiam
722 727 797 783 banc
823 726 957 784 modera·
1012 739 1064 799 pro
1083 725 1210 784 lraterua
1234 727 1396 796 dilectione,
1435 741 1472 783 ne
1491 726 1598 783 scilieet
1621 725 1739 783 tratrem
1772 741 1857 786 suum

111 829 171 879 tam
194 818 306 891 placere
325 831 355 875 se
378 816 479 874 credit.
508 817 608 887 111331
636 815 794 885 mouducot,
823 816 916 874 11331
941 830 959 873 3
988 816 1194 885 scandalizet,
1214 830 1281 873 cum
1305 816 1348 873 sic
1370 815 1503 888 iudicare
1528 815 1656 873 desistat.
1674 815 1734 874 Aut
1749 817 1775 874 si
1800 831 1857 875 non
1897 790 1901 915 ⁴

109 909 200 969 nullis
222 905 766 979 3113133333331311333133313111,
783 919 850 963 cum
873 905 958 963 vide·
1009 896 1237 980 judicas,quare
1251 908 1367 978 spernis,
1393 905 1423 962 13
1439 904 1546 962 talibus
1564 904 1616 963 ubi
1644 906 1738 978 magis
1766 906 1856 965 inten·
1899 924 1901 973 5

109 998 176 1057 licet
200 997 321 1056 mullam
351 994 534 1053 rebellionem
558 994 654 1052 carnis
677 1009 743 1067 qum
764 994 908 1052 domanda
923 995 958 1053 sit
1013 996 1052 1053 tio
1073 1009 1164 1069 quam
1185 996 1259 1052 actio
1278 995 1459 1053 discutienda
1475 1002 1528 1062 est,
1544 1009 1611 1052 cum
1633 996 1766 1052 nondum
1779 996 1857 1053 vide·

109 1086 223 1156 sentiat,
252 1086 297 1144 331
322 1084 520 1142 infirmitatem
544 1085 673 1156 patiatur
701 1098 767 1156 3113
780 1083 960 1142 abstinentiae
1012 1084 1266 1143 11331131333113
1293 1084 1329 1142 sit
1354 1084 1474 1156 3131313
1496 1084 1648 1142 333133113.
1672 1084 1726 1142 Pro
1753 1084 1858 1144 talibus
1898 1087 1901 1183 j

111 1175 257 1236 contraria
284 1175 331 1233 sit.
364 1175 501 1232 Nondum
521 1173 644 1231 enimin
663 1180 788 1245 tempore
813 1174 959 1246 apostolo·
1013 1175 1091 1231 enim
1111 1181 1140 1232 et
1155 1173 1302 1233 similibus
1321 1174 1499 1232 diffiniendis
1524 1174 1603 1232 uude
1623 1174 1746 1232 Romani
1774 1175 1858 1234 alter·
1899 1188 1901 1209 ¹

111 1280 178 1325 rum
200 1264 435 1337 Quadragesimae
454 1263 500 1322 331
515 1270 604 1322 sextae
624 1262 702 1321 leriae
725 1262 767 1320 313
797 1264 959 1321 1331113133
1013 1264 1166 1333 dabantur,
1194 1265 1223 1322 in
1244 1265 1305 1336 ipso
1321 1263 1454 1336 Epistolne
1468 1278 1528 1322 sune
1545 1262 1688 1335 principio
1702 1264 1856 1336 Apostolus

111 1369 174 1414 osse
200 1354 405 1413 abstinentiam
428 1352 473 1412 331
497 1352 696 1411 confirmatam
729 1352 961 1411 3131133313-
1014 1352 1084 1411 dixit
1103 1368 1132 1412 33
1144 1354 1181 1411 31
1194 1369 1242 1413 eos
1259 1354 1421 1412 1331131313
1439 1355 1549 1423 333113,
1569 1360 1601 1411 31
1624 1353 1755 1426 aliquam
1775 1354 1804 1412 in
1818 1355 1857 1413 313
1899 1368 1901 1435 ξ

114 1449 189 1503 uiuo
208 1445 367 1514 manducat,
388 1444 417 1501 id
440 1450 482 1502 est
508 1443 545 1501 31
574 1444 713 1501 bonorem
727 1444 790 1514 ejus
816 1442 957 1508 similiter,
1013 1444 1090 1517 sicut
1110 1445 1182 1501 etin
1203 1444 1313 1503 caeteris
1334 1444 1468 1516 gentibus
1494 1443 1623 1501 1133133
1651 1444 1781 1502 baberet.
1797 1444 1859 1512 0313
1899 1476 1901 1483 -

111 1541 229 1608 proptor
251 1536 304 1593 boe
324 1533 458 1592 videlicet
477 1533 556 1606 quod
588 1533 686 1591 statim
705 1532 868 1606 subjungit,
889 1531 995 1639 quiaB
1014 1535 1096 1590 enim.
1132 1535 1173 1591 Ac
1204 1534 1228 1590 si
1253 1534 1376 1592 diceret:
1401 1533 1464 1591 Non
1489 1533 1529 1590 ita
1552 1534 1734 1605 praesumatis
1773 1533 1859 1592 dubia

115 1626 221 1696 oratioe
243 1625 269 1682 31
291 1623 407 1695 331311
435 1631 477 1681 est
500 1622 616 1680 laudem
639 1622 959 1690 131311,131313311333
1010 1621 1226 1695 1311333331
1254 1624 1290 1680 de
1312 1623 1421 1681 caeteris
1440 1637 1457 1681 a
1473 1624 1610 1682 Deocum
1630 1623 1695 1682 aliis
1719 1622 1856 1682 omnibus

41 1700 58 1723 '
112 1715 221 1773 seilicet
235 1714 374 1773 abeosibi
387 1712 523 1785 prestita.
536 1713 578 1770 lix
589 1726 648 1784 quo
663 1712 901 1784 propendendum
916 1717 959 1769 est
1013 1712 1555 1784 hominibusestisjudicandi.sedei
1578 1714 1673 1786 potius
1703 1711 1857 1786 11331311-

115 1810 234 1876 quantae
252 1803 289 1860 sit
316 1801 475 1874 culpabas
499 1809 596 1874 grates
617 1809 680 1874 post
703 1802 802 1860 cibum
836 1800 958 1857 Domino
1012 1804 1092 1862 cium
1101 1810 1255 1871 reservate,
1266 1802 1319 1875 qui
1335 1803 1471 1861 omnibus
1491 1803 1578 1861 babet
1592 1803 1734 1874 judicare.
1755 1803 1794 1861 Et
1807 1801 1858 1860 boc

115 1907 174 1951 non
202 1893 318 1951 reterre.
343 1888 741 1964 Ε133133333313331,11
768 1897 811 1948 331
846 1890 960 1961 penitus
1013 1898 1171 1959 33133313
1196 1890 1374 1949 33131313
1396 1891 1550 1949 3111311133
1565 1899 1640 1948 recte
1660 1891 1747 1948 dicit:
1772 1892 1859 1951 Nolite

114 1983 239 2042 abstinet
248 1989 364 2056 propter
379 1982 473 2055 legem
495 1982 531 2039 ab
546 1981 591 2039 bis
605 1996 672 2055 333
686 1979 750 2055 ipsa
765 1979 898 2053 prohibet
919 1978 957 2036 31
1008 1980 1149 2053 judicare,
1164 1985 1191 2037 et
1216 1997 1271 2037 nou
1289 1981 1492 2050 1313311331,
1515 1980 1544 2038 11
1572 1989 1690 2039 estnon
1713 1981 1854 2054 appetatis

114 2073 254 2133 honorem
279 2073 406 2141 llomini,
434 2085 493 2130 non
525 2070 694 2141 manducat,
723 2069 811 2129 idest
826 2069 959 2128 abstinet.
1011 2070 1153 2143 judicare,
1176 2084 1212 2128 33
1230 2069 1300 2128 hinc
1316 2084 1433 2142 quoque
1447 2069 1617 2142 judicemini
1635 2078 1722 2142 atque
1742 2069 1860 2129 damne-

116 2163 181 2222 Non
204 2163 282 2221 enim
312 2162 388 2220 bano
410 2161 581 2219 obedientiae
615 2159 805 2218 reverentiam
829 2159 885 2232 legi
911 2172 959 2216 ex·
1015 2159 1095 2218 mini.
1122 2161 1158 2218 lit
1186 2160 1246 2232 ipse
1271 2159 1340 2217 alibi
1377 2159 1445 2218 dicit
1470 2159 1638 2231 Apostolus:
1674 2161 1766 2218 Nolite
1798 2166 1860 2217 outa

114 2251 204 2322 hibet,
227 2251 283 2309 nisi
298 2258 414 2323 propter
434 2251 525 2307 lieum
541 2250 594 2323 qui
604 2265 667 2308 eam
682 2249 770 2317 dedit,
790 2255 898 2307 etcum
912 2248 962 2306 ab·
1014 2254 1118 2322 ternpus
1131 2250 1270 2331 judicare,
1283 2248 1469 2321 quoadusque,
1481 2255 1533 2306 eto.
1548 2247 1572 2320 (l
1594 2251 1655 2307 Cor.
1664 2263 1705 2319 13,
1717 2249 1755 2322 5).
1770 2249 1801 2308 si
1811 2264 1860 2307 au·

115 2339 219 2398 stineat
235 2341 356 2410 insuper
374 2341 409 2398 de
423 2339 604 2414 perceptione
618 2338 740 2396 alterius
755 2339 811 2397 cibi
821 2340 960 2411 concessi,
1014 2348 1072 2398 tem
1098 2338 1265 2412 diligentius
1288 2338 1513 2406 consideremus,
1542 2338 1618 2395 sicut
1638 2338 1687 2396 liei
1703 2346 1746 2396 est
1765 2338 1859 2411 potius

115 2437 144 2487 et
167 2443 185 2486 a
207 2428 263 2486 1133
278 2429 407 2499 praestiti,
433 2429 542 2502 gratias
564 2427 633 2500 agit.
649 2429 732 2486 Nemo
747 2431 829 2486 euim.
854 2430 919 2487 1133
934 2436 962 2486 31
1015 2428 1142 2486 occidere
1153 2434 1394 2500 quamnostrum,
1408 2429 1450 2484 sio
1464 2435 1491 2485 31
1505 2427 1647 2501 iudicare.
1662 2429 1698 2485 lit
1717 2437 1859 2500 postremo

119 2517 300 2576 manducans
315 2523 342 2575 et
361 2517 509 2575 abstinens
520 2517 558 2574 ad
573 2517 712 2576 bonorem
736 2519 785 2576 Dei
812 2518 866 2577 1133
880 2519 958 2591 agit,
1015 2519 1090 2576 siout
1103 2519 1201 2576 omnia
1215 2518 1252 2575 ad
1266 2517 1388 2591 gloriam
1402 2518 1466 2589 ejus
1480 2516 1618 2575 debemus
1632 2516 1736 2586 tacere,
1750 2516 1792 2575 ita
1801 2515 1860 2585 ipsa

115 2605 186 2679 quia
208 2619 321 2677 semper
342 2614 401 2664 tam
430 2606 555 2664 vivendo
580 2605 687 2665 scilicet
701 2621 791 2680 quam
815 2607 962 2667 moriendo
1015 2608 1111 2680 potius
1129 2622 1179 2680 per
1202 2622 1254 2666 nos
1268 2615 1375 2664 cuncta
1394 2608 1455 2664 11333
1469 2607 1582 2679 operari
1598 2608 1680 2666 debet
1695 2621 1786 2680 qnam
1809 2620 1860 2665 nos

117 2695 199 2754 electi
224 2695 381 2754 Dominum
398 2695 637 2768 honorantatque
648 2695 822 2769 glorificant,
835 2697 960 2756 3133313
1016 2698 1080 2770 ipsi.
1097 2698 1179 2755 ’1333
1198 2711 1267 2755 vero
1292 2698 1368 2755 lieus
1389 2696 1534 2768 judicium
1559 2697 1628 2755 iacit
1658 2697 1861 2770 potiusquam

117 2785 236 2858 quidem
265 2784 436 2857 glorificant,
458 2785 555 2856 iuxta,
582 2785 656 2843 illud
673 2785 824 2845 Veritatis:
840 2790 962 2846 luceant
982 2788 1112 2860 ,11333
1138 2788 1255 2860 quaudo
1271 2787 1331 2858 ipse
1345 2786 1391 2843 331
1403 2799 1454 2858 331
1463 2786 1554 2859 legem
1564 2786 1693 2859 aliquam
1705 2785 1751 2844 331
1775 2784 1862 2858 inspi-

115 2879 297 2947 3333333113
313 2873 392 2944 boun,
409 2878 442 2931 ut
467 2875 621 2946 3131113331
639 2876 749 2932 Putrem
778 2881 899 2933 uestrum
914 2875 962 2944 qui
984 2872 999 2897 ³
1015 2879 1159 2939 rationem
1172 2876 1316 2933 internam
1329 2876 1401 2948 quid
1419 2876 1572 2934 dicendum
1599 2877 1636 2934 sit
1659 2890 1713 2934 nos
1725 2875 1862 2943 instituit,

114 2967 145 3020 iu
160 2966 231 3021 cotis
250 2969 290 3020 est
314 2964 468 3037 (11311113,
494 2964 546 3037 to).
566 2965 640 3021 llors
666 2978 785 3036 quoque
814 2965 961 3037 justorum
1016 2966 1372 3026 313331131331133133
1388 2973 1485 3037 postea
1502 2965 1539 3023 sit
1560 2967 1624 3038 ejus
1646 2965 1792 3039 judicium
1804 2979 1864 3022 non

115 3055 273 3113 Dominum
293 3053 446 3128 glorificat,
458 3053 534 3111 sicut
554 3054 589 3110 13
600 3053 683 3110 Ρ3113
711 3054 833 3112 dicitur:
849 3055 962 3126 signip-
1016 3056 1190 3115 laciendum.
1211 3055 1315 3113 Tribus
1341 3056 1440 3126 itaque
1469 3053 1560 3112 modis
1590 3054 1624 3112 13
1652 3054 1752 3127 311333
1779 3053 1862 3126 prius

115 3161 180 3202 cons
204 3161 259 3217 333
279 3149 366 3201 morte
390 3144 594 3214 clarificaturus
614 3145 778 3199 essetlieum
793 3143 882 3215 (Joou.
899 3156 961 3213 xxi,
1017 3145 1105 3206 dubio
1116 3141 1242 3216 iudicari
1264 3144 1390 3214 3113131,
1416 3156 1467 3215 per
1482 3141 1638 3200 Dominum
1670 3140 1804 3200 videlicet
1818 3141 1862 3213 ip-

115 3236 173 3307 19),
187 3233 304 3305 333313
324 3246 377 3290 333
396 3232 426 3288 13
442 3233 653 3304 exituquoque
671 3247 726 3289 suo
750 3233 880 3305 justusa
909 3233 962 3290 bo·
1017 3249 1082 3294 sum
1098 3235 1172 3292 sicut
1198 3233 1395 3304 exposuimus,
1411 3248 1463 3306 per
1489 3233 1619 3305 aliquam
1635 3231 1676 3288 rei
1697 3231 1863 3290 manitesta·

116 3323 164 3379 nis
180 3321 319 3393 operibus
339 3327 368 3378 et
386 3320 517 3378 oratione
540 3328 568 3378 et
596 3334 613 3377 a
639 3320 724 3378 laude
753 3323 799 3379 sui
820 3321 963 3381 creatoris
1017 3325 1134 3394 tionem,
1154 3336 1204 3396 per
1225 3322 1371 3380 hominem
1386 3323 1421 3379 de
1444 3337 1498 3381 sua
1513 3321 1619 3380 scilicet
1633 3321 1768 3392 opinione
1794 3335 1864 3394 prar-

113 3416 213 3468 cessat.
243 3410 335 3467 'lauto
352 3410 431 3467 enim
448 3409 598 3467 sollicitius
618 3409 744 3483 quisque
767 3425 797 3469 se
820 3424 950 3483 3133313
1016 3420 1189 3473 sumentem.
1204 3411 1277 3470 Cum
1296 3418 1399 3469 autem
1415 3411 1514 3484 aliquo
1538 3419 1646 3468 eventu
1658 3410 1700 3468 rei
1715 3409 1796 3482 quod
1810 3410 1863 3468 dn·

114 3503 224 3572 quanto
248 3499 375 3570 amplius
401 3499 438 3556 31
464 3512 577 3556 coronae
596 3513 658 3557 sum
670 3499 879 3572 perceptionem
899 3515 964 3573 pro·
1016 3504 1099 3562 bium
1127 3503 1222 3562 luerat
1249 3500 1463 3568 manifestatur,
1491 3501 1551 3574 ipsa
1575 3514 1621 3558 res
1632 3499 1776 3572 judicare,
1806 3512 1864 3557 non

115 3588 250 3662 pinquat.
279 3587 337 3646 Sibi
369 3588 469 3646 virere
491 3589 536 3646 vel
559 3588 614 3647 sibi
637 3589 711 3646 3311
737 3589 846 3648 dicitur
860 3590 912 3662 qui
926 3589 964 3647 ad
1016 3590 1232 3651 homodicitur.
1248 3589 1280 3646 lu
1305 3588 1402 3647 dubiis
1426 3589 1524 3662 itaque
1539 3595 1654 3646 tantum
1682 3588 1771 3646 homo
1787 3587 1864 3662 judi·

115 3677 267 3736 oommoda
285 3693 338 3737 sua
357 3678 401 3736 331
422 3684 538 3752 propter
552 3678 674 3752 gloriam
698 3680 794 3752 potius
809 3693 899 3751 quam
914 3679 964 3737 ad·
1017 3695 1083 3740 care
1101 3677 1218 3748 1131131,
1246 3678 1324 3751 3331
1347 3677 1465 3735 333133
1489 3678 1671 3751 prohibetur,
1689 3676 1808 3751 333313
1821 3677 1864 3736 31·

116 3767 255 3826 honorem
296 3768 346 3826 liei
386 3767 538 3839 disponere
569 3768 701 3826 intendit.
739 3768 822 3826 llulti
857 3768 963 3826 etenim
1016 3769 1119 3828 delicet
1155 3768 1301 3840 propriam
1340 3774 1454 3824 tantum
1477 3766 1719 3824 existimationem
1738 3780 1865 3840 sequens

115 3860 208 3914 morte
235 3871 353 3930 quoque
368 3871 422 3916 sua
437 3857 671 3930 magnitudinem
699 3857 791 3915 animi
805 3858 851 3916 sui
868 3865 963 3916 osten·
1018 3857 1167 3933 praesumit
1181 3856 1313 3927 delinire,
1333 3870 1400 3913 cum
1429 3871 1482 3913 333
1497 3869 1548 3928 per
1562 3857 1653 3914 licum
1680 3855 1788 3925 adbuc,
1812 3868 1865 3913 nec

115 3952 219 4015 133133,
243 3945 364 4020 gloriam
391 3946 446 4004 sibi
470 3947 623 4020 acquirere
638 3947 804 4018 cupierunt,
834 3946 880 4004 331
895 3947 962 4014 sibi,
1017 3962 1069 4022 per
1095 3947 1189 4018 ipsam
1216 3946 1258 4004 131
1272 3945 1482 4017 experientiam
1509 3946 1651 4020 contingit
1669 3960 1736 4003 eum
1750 3953 1865 4003 certum

32 4041 40 4054 ‘
116 4036 203 4093 etiam
216 4035 485 4094 inlerentesmauus
506 4035 754 4095 morteoruciatus
769 4051 836 4095 suos
857 4035 965 4095 113133-
1019 4051 1088 4095 esse.
1103 4037 1255 4103 stabimus,
1285 4035 1365 4103 dicit,
1383 4035 1468 4107 quasi
1491 4035 1589 4106 erecti,
1619 4042 1651 4093 ut
1668 4034 1805 4108 cognosci
1819 4034 1857 4091 ab

116 4124 240 4183 1333333
255 4125 448 4183 crediderunt.
1019 4126 1156 4184 omnibus
1172 4124 1325 4196 possimus,
1336 4128 1398 4180 oute
1408 4126 1540 4193 tribuunt,
1557 4125 1587 4182 id
1611 4133 1652 4182 est
1666 4123 1762 4181 sedem
1781 4122 1866 4195 judi·

156 4213 219 4270 Siue
233 4229 312 4283 33333
340 4212 585 4285 Quandoquidem
607 4213 716 4272 scilicet
730 4228 782 4272 nos
800 4213 883 4273 electi
896 4216 964 4286 beo,
983 4180 1140 4273 nciariam
1157 4213 1206 4272 liei
1226 4214 1334 4285 potius,
1362 4212 1489 4286 33113111
1518 4228 1576 4270 333
1602 4219 1693 4284 potest
1727 4219 1755 4268 et
1767 4211 1866 4285 justus

117 4302 281 4370 nonnobis,
303 4309 336 4359 ut
363 4303 542 4361 dictumest:
572 4302 706 4362 Vivimus
729 4311 780 4362 aut
811 4303 965 4376 morimur,
1018 4312 1071 4374 est,
1086 4317 1177 4376 quam
1207 4302 1341 4360 bominis.
1359 4303 1440 4360 llauc
1456 4302 1574 4375 quidem
1589 4302 1685 4359 sedem
1700 4300 1751 4358 liei
1767 4301 1864 4359 bomi-

116 4390 965 4465 3133331333113331133313331313331133133
1018 4408 1085 4451 nem
1121 4392 1255 4452 averbo
1292 4399 1476 4464 assumptum
1502 4391 1638 4464 intellige.
1680 4393 1765 4448 Pater
1788 4391 1867 4449 enim

120 4482 844 4556 3113333113333333133333313331313
871 4484 965 4543 bono·
1018 4497 1102 4540 omne
1128 4481 1276 4553 judicium
1304 4481 1382 4539 dedit
1416 4481 1500 4551 Filio,
1525 4481 1596 4553 quia
1624 4479 1714 4537 Filius
1733 4478 1800 4551 ejus
1822 4485 1865 4537 est

118 4585 179 4630 rem
194 4570 236 4640 fit,
252 4585 342 4643 quam
357 4569 441 4629 nobis
454 4580 498 4629 est
508 4572 691 4641 ascribenda,
720 4573 749 4630 id
768 4579 809 4630 est
836 4574 900 4646 ejus
914 4587 965 4644 po·
1019 4572 1115 4644 (Jocu.
1131 4584 1161 4639 3,
1188 4569 1307 4643 1311).
1323 4571 1356 4626 13
1372 4571 1426 4628 hoc
1453 4571 1561 4642 quippe
1576 4569 1691 4626 bomine
1718 4577 1867 4640 assumpto

119 4660 178 4718 tius
191 4674 243 4732 pro
268 4661 323 4718 boc
335 4660 510 4719 dicendaest
525 4674 614 4732 quam
630 4669 740 4718 nostra.
768 4663 801 4718 lu
820 4661 868 4719 boo
881 4661 965 4730 euim,
1019 4660 1110 4719 Filius
1122 4661 1174 4718 liei
1198 4668 1257 4718 tam
1279 4666 1414 4719 mortuus
1432 4668 1475 4717 est
1489 4673 1578 4731 quam
1595 4658 1766 4723 resurrexit,
1790 4656 1867 4717 31331

119 4764 153 4807 ac
170 4749 196 4808 si
224 4750 344 4809 diceret:
369 4752 402 4807 lu
420 4751 469 4807 boc
495 4750 568 4822 quod
592 4756 716 4806 mortuus
738 4755 788 4820 est,
815 4764 867 4824 pro
882 4751 966 4809 nobis
1019 4750 1252 4818 benediximus,
1268 4757 1295 4807 et
1316 4746 1868 4830 13133311331311313313333113-

118 4839 280 4898 3311133131
314 4845 429 4911 propter
460 4839 699 4910 justificationem
723 4847 861 4911 nostram,
890 4840 966 4898 sicut
1018 4839 1064 4896 nis
1085 4839 1225 4908 imminet,
1241 4838 1265 4896 si
1279 4845 1394 4895 mortuo
1419 4852 1470 4910 pro
1498 4837 1590 4906 nobis,
1615 4842 1647 4893 31
1672 4836 1785 4894 113133
1814 4841 1867 4904 331,

118 4928 193 4987 1133
223 4928 567 5003 3331311111133313133,
590 4931 695 4987 meruit
721 4936 780 4987 133
795 4929 881 4987 morti
902 4944 967 4987 nos·
1019 4937 1047 4987 et
1068 4927 1236 4987 resuscitato
1263 4941 1315 4999 pro
1336 4927 1430 4996 nobis,
1459 4931 1520 4982 tam
1547 4939 1625 4983 mors
1647 4932 1746 4983 nostra
1777 4938 1868 4997 qnam

118 5025 170 5076 trae
184 5031 274 5090 qnam
299 5018 369 5076 3113
396 5016 552 5085 13313311,
567 5023 600 5074 31
624 5017 702 5075 31331
718 5024 879 5091 31133333
901 5017 967 5077 13311
1018 5018 1080 5076 3113
1107 5016 1341 5089 inseparabiliter
1377 5015 1605 5084 3333113133,
1633 5020 1722 5087 atquo
1745 5014 1783 5071 31
1799 5014 1867 5073 obe-

120 5121 172 5180 pro
198 5106 293 5174 nobis,
319 5107 359 5164 ita
382 5114 443 5165 tam
464 5106 611 5165 33113313
639 5121 729 5179 3333
754 5107 879 5167 3133313
897 5121 968 5165 non·
1018 5108 1160 5166 diendum
1175 5105 1335 5179 paratasit.

119 5196 177 5254 nisi
191 5195 218 5253 31
239 5196 355 5254 obedire
369 5204 397 5254 et
415 5198 480 5269 ejus
505 5195 685 5254 voluntatem
717 5196 834 5269 implere
853 5209 965 5269 331313-
1057 5199 1195 5269 Scriptum
1218 5202 1258 5254 est
1287 5198 1367 5253 euim.
1383 5196 1466 5253 133133
1480 5194 1642 5253 1331133313
1657 5194 1761 5267 probat
1790 5193 1868 5266 quod

119 5296 197 5342 mus.
228 5283 320 5343 Aliter
351 5284 429 5342 enim
453 5294 636 5345 mortuorum
670 5286 811 5345 Dominus
832 5300 891 5344 non
913 5291 966 5356 est,
1019 5301 1151 5345 omuesa
1176 5289 1232 5344 lieo
1260 5284 1498 5357 sintjudicandi.
1528 5287 1597 5341 Viuo
1612 5299 1670 5353 eqo.
1686 5284 1766 5340 acsi
1793 5284 1866 5341 dice·

120 5371 171 5429 sed
192 5372 278 5445 quasi
314 5373 405 5432 hostis
425 5376 582 5446 puniendo,
615 5375 671 5435 nisi
698 5376 786 5436 etiam
810 5390 904 5450 usque
927 5374 965 5434 31
1021 5383 1079 5435 131;
1095 5377 1149 5435 Per
1179 5376 1381 5450 memetipsum
1397 5374 1593 5433 indeficienter
1617 5373 1765 5432 viventem
1782 5373 1864 5446 juro,

121 5465 242 5520 mortem
276 5460 307 5520 13
346 5462 411 5536 ejus
442 5460 605 5525 obedientia
633 5465 832 5539 persistamus,
872 5466 969 5538 parati
1020 5467 1102 5527 Genu
1116 5466 1241 5528 13311131
1248 5465 1341 5541 judici
1355 5463 1475 5540 quando
1489 5464 1641 5538 suppletur
1655 5463 1720 5537 ejus
1745 5472 1865 5524 senten·
