3804 5962
120 127 186 184 {62³
384 123 488 184 PETRI
506 125 692 183 numinum
711 127 788 185 ortt.
809 127 900 186 PARS
917 127 967 185 ΙΙΙ.
982 154 1019 170 -
1036 122 1260 186 rnliDtomtlo
1278 125 1323 183 ET
1340 121 1607 182 Pnlbosorfllclt.
1815 123 1868 178 lbti

115 255 193 310 terra
206 248 323 307 utboni
350 248 437 308 (Prot.
452 263 506 314 ιιι,
521 249 562 321 d.)
579 250 624 307 Dx
639 265 698 321 quo
710 258 769 307 tarn
783 265 871 323 opera
889 251 1000 324 legisti
1015 263 1083 308 nem
1109 279 1145 292 -
1177 246 1358 319 Dominolus)
1373 261 1439 305 cnm
1463 246 1564 318 ipsein)
1592 244 1779 314 institueret,
1807 244 1870 304 dixit

117 355 208 416 qnam
222 339 322 407 verba,
343 337 418 395 sicut
433 345 461 395 et
480 337 544 408 ejus
567 342 830 399 remunerationem
852 348 963 399 constat
1016 339 1160 398 Abrabae:
1186 341 1313 396 Statuam
1338 341 1450 408 pactum
1476 352 1563 392 meunt
1578 340 1656 391 inter
1688 351 1734 390 me
1763 340 1791 390 et
1806 341 1868 391 teet

117 430 257 495 amisisse,
287 442 340 484 nec
364 428 425 500 jam
453 441 505 484 ιιι
535 435 567 485 ιι
596 442 703 485 ιιοιιι
731 438 842 486 vestras
864 431 963 487 hostiis
1017 446 1107 487 semen
1128 436 1205 484 tuum
1231 433 1294 499 post
1321 431 1347 482 te
1371 425 1648 497 enumerationibus
1674 426 1749 492 suis,
1777 425 1867 492 Ιιιισι

115 521 162 579 ιιι
178 517 374 577 oblationibus
394 517 506 573 arnissis
531 518 667 574 mundari
683 533 764 590 posse
783 519 827 576 vei
845 520 963 576 Domino
1018 523 1192 590 sempiterno,
1209 523 1240 573 nt
1254 520 1306 572 sim
1321 521 1388 573 Deus
1404 522 1467 571 taus
1480 520 1506 570 et
1516 516 1630 570 seminis
1644 519 1693 571 tui
1707 513 1788 585 (Uen.
1805 529 1865 582 xm,

117 607 289 673 consecrari,
314 606 473 662 sacerdotio
502 607 606 675 pariter
633 614 661 663 ιι
685 608 789 678 templo
820 612 961 679 privatos3
1019 614 1056 675 7).
1077 612 1150 666 Cum
1177 608 1253 664 euim
1270 607 1375 663 loedere
1396 605 1571 675 sempiterno
1590 605 1642 672 ait,
1663 611 1699 660 ut
1724 604 1781 658 sim
1800 605 1864 661 Dens

117 705 151 755 ut
180 710 233 753 nec
262 703 382 775 terrenae
404 695 556 768 dignitatis
580 696 716 753 solatium
746 697 886 768 habeatis,
911 699 966 769 qui
1020 707 1088 756 tuus
1112 707 1140 754 et
1165 697 1283 753 seminis
1308 696 1362 762 tui,
1391 700 1521 766 patenter
1547 694 1648 750 edocet
1679 707 1736 749 uos
1758 707 1795 750 ιι
1818 695 1863 750 ιιι·

117 798 271 857 nunquam
286 798 304 840 a
319 784 440 840 Domino
456 784 511 840 uisi
528 794 642 842 terrena
658 787 819 856 postulatis,
841 802 894 844 uec
908 788 965 843 nisi
1020 786 1195 843 cumcisionc
1219 786 1276 842 Deo
1305 783 1471 854 perenniter
1503 795 1562 839 esse
1592 781 1815 852 iredleriandos,
1842 790 1863 839 et

118 875 149 932 in
173 874 294 932 terrenis
327 873 545 943 promissionem
583 875 836 944 remunerationis,
863 884 896 932 ut
922 876 963 933 di·
1020 889 1070 946 per
1085 875 1146 932 baec
1160 888 1212 931 nos
1240 887 1308 931 eum
1337 871 1493 943 promereri
1516 872 1619 938 Deum,
1636 875 1674 928 ut
1691 885 1746 928 nec
1778 871 1863 928 iubar

93 969 263 1032 ·ctumest,
278 963 436 1033 accepistis.
1020 965 1090 1034 vita,
1105 964 1212 1022 scilicet
1232 977 1286 1020 nec
1311 963 1341 1019 in
1370 962 1470 1019 lutura
1495 960 1711 1033 disjungamur
1735 960 1775 1018 ab
1802 960 1862 1031 ipso.

153 1052 277 1110 donnus.
309 1049 401 1106 dlulta
428 1050 564 1107 continue
578 1050 725 1122 objecisti,
755 1067 822 1123 quea
843 1066 902 1110 non
925 1060 967 1109 est
1022 1054 1104 1120 Quod
1118 1054 1204 1111 etiam
1217 1054 1278 1125 ipse
1300 1058 1442 1122 repetens,
1463 1058 1496 1108 ιι
1516 1051 1608 1123 magis
1631 1051 1788 1108 memoriae
1800 1063 1862 1107 oon·

119 1140 202 1199 iacile
228 1139 384 1206 recordari,
409 1146 442 1195 ut
471 1138 597 1211 singuiis
632 1140 733 1197 ordine
767 1141 965 1212 respondeam.
1022 1144 1147 1211 mendet,
1179 1142 1300 1214 adjecit:
1330 1143 1444 1211 Dritque
1479 1146 1592 1213 pactam
1617 1155 1713 1196 meum
1738 1143 1769 1195 in
1797 1154 1861 1195 ιιιιι

120 1229 210 1299 Prout
225 1236 321 1285 tamen
345 1227 407 1285 ιιι
426 1226 497 1284 mihi
521 1229 701 1286 occurrerint
723 1230 895 1300 respondere
921 1245 965 1286 co·
1020 1239 1112 1289 nestra
1131 1234 1159 1288 in
1173 1231 1263 1300 (udus
1277 1237 1408 1287 eternum
1432 1231 1532 1302 (Uaod.
1548 1244 1589 1298 vr,
1603 1228 1655 1300 i);
1677 1237 1714 1288 ut
1734 1228 1859 1300 quemad

119 1318 224 1377 nabor.
239 1317 300 1375 Etsi
314 1317 538 1375 concederemus
556 1332 635 1375 nnnc
650 1333 770 1390 qnoque
784 1333 864 1376 more
887 1321 967 1391 prio·
1022 1323 1140 1379 modum
1163 1321 1270 1379 scilicet
1298 1320 1480 1378 circumcisio
1512 1319 1543 1376 in
1571 1332 1662 1376 carne
1693 1317 1785 1375 semel
1802 1316 1859 1374 iaco

120 1422 189 1466 rnm
203 1413 371 1463 sanctorum
388 1406 520 1463 homines
543 1406 649 1463 saivari
664 1421 746 1478 posse
764 1407 827 1465 sola
839 1409 967 1466 naturali
1022 1412 1129 1469 aboleri
1141 1412 1202 1483 jam
1217 1425 1275 1468 non
1290 1418 1392 1481 potest,
1403 1409 1444 1466 sic
1459 1422 1649 1480 nequaqnam
1664 1407 1740 1464 adeo
1755 1406 1859 1464 alterio

120 1497 193 1570 lege,
210 1495 463 1567 absquevidelicet
478 1496 706 1565 circumcisione,
724 1506 775 1554 aut
787 1499 898 1554 caeteris
923 1498 966 1554 le·
983 1542 1005 1597 B
1023 1502 1165 1573 disjungi,
1180 1501 1230 1570 qui
1246 1514 1299 1557 nos
1321 1498 1512 1569 spiritualiter
1528 1497 1586 1567 (vel
1602 1496 1784 1568 specialiter>
1808 1509 1857 1553 mn

122 1588 168 1659 gis
179 1586 295 1657 scriptae
306 1585 473 1642 carnalibus
491 1585 692 1648 observantiis,
709 1601 768 1643 nou
793 1594 888 1644 tamen
907 1587 968 1644 haeo
1024 1591 1133 1647 iortans
1146 1590 1204 1645 ait:
1222 1591 1308 1644 Eritis
1325 1589 1393 1643 miii
1415 1590 1446 1642 in
1461 1589 1592 1657 poputum
1606 1591 1632 1640 et
1656 1601 1709 1654 ego
1733 1585 1809 1640 υιιιι
1828 1598 1859 1638 err

123 1673 424 1747 superDue‘adjuncta
437 1688 498 1730 esse
511 1675 724 1731 concedendum
745 1683 798 1744 est,
813 1676 861 1732 sed
877 1676 967 1746 pluri·
1023 1682 1053 1734 in
1069 1678 1241 1750 Denmlden.
1259 1692 1330 1744 xvu,
1351 1677 1403 1748 ιι).
1433 1676 1512 1733 Unde
1532 1682 1560 1732 ιι
1590 1676 1686 1732 Deum
1717 1674 1860 1745 specialiter

122 1779 205 1822 mum
220 1763 355 1821 utilitatis
368 1763 476 1820 babere
491 1763 528 1819 ad
549 1763 784 1834 amplificandam
805 1765 850 1822 vel
875 1754 970 1820 tutius
1023 1769 1220 1836 Hebraeorum,
1241 1781 1297 1824 nou
1322 1772 1436 1823 tantum
1451 1767 1540 1822 Deum
1555 1764 1723 1832 Abrabam,
1749 1766 1861 1820 isaaco

123 1852 503 1924 muniendamflreligionem,
523 1859 551 1908 et
568 1853 604 1908 ad
618 1853 759 1909 malitiam
779 1851 906 1922 amplius
929 1865 970 1908 ιι·
1022 1858 1109 1915 iacob
1124 1873 1154 1914 se
1174 1856 1384 1927 ipsenominat.
1406 1856 1552 1910 intantum
1572 1867 1643 1911 vero
1664 1867 1706 1909 ex
1726 1851 1861 1910 circumci-

123 1943 315 2016 primendam.
328 1942 444 1998 Uudeet
458 1941 550 1998 cxhis
565 1955 630 2013 qum
651 1941 711 2013 ipsc
731 1941 873 1998 induxisti
897 1955 969 1997 uon·
1024 1946 1103 2002 sione
1122 1946 1198 2001 Deus
1219 1944 1280 2000 sive
1302 1942 1427 2000 tiliorum
1442 1940 1527 2012 (sive)
1542 1941 1607 2012 ojus
1637 1941 1705 1996 lieri
1731 1940 1860 2001 innuitur,

125 2032 222 2090 nullas
241 2031 339 2102 acciit
361 2031 497 2088 rationes.
523 2030 657 2096 Quandiu
682 2030 778 2087 fideles
800 2031 906 2100 passim
931 2030 971 2086 in·
1024 2035 1152 2104 quiante
1166 2033 1415 2090 circumcisionem
1429 2046 1482 2088 nec
1501 2031 1618 2099 borum,
1640 2045 1698 2086 uec
1727 2030 1861 2086 bominum
1892 1988 1897 2119 i

125 2121 260 2179 Ddelibns
273 2121 400 2192 permisti
415 2121 559 2188 vixerunt,
576 2135 630 2176 nec
652 2119 750 2176 adbuc
764 2119 904 2176 Dominus
931 2119 971 2176 eis
1024 2125 1100 2180 Deus
1123 2124 1160 2179 sit
1181 2122 1352 2193 appellatus.
1377 2122 1546 2192 congruum
1571 2127 1673 2176 autem
1703 2118 1818 2175 loederis
1835 2118 1862 2172 ιι
1894 2142 1897 2193 2

125 2219 235 2269 terram
248 2216 428 2266 concesserat
438 2210 594 2280 propriam,
616 2208 700 2265 nulla
719 2209 793 2280 legis
811 2208 971 2265 observatr—
1025 2227 1116 2284 guum
1132 2213 1207 2269 inter
1232 2225 1262 2267 se
1289 2219 1316 2268 et
1340 2224 1392 2266 nos
1420 2209 1652 2266 circumcisionis
1684 2207 1818 2273 instituit,
1838 2213 1862 2260 ιι
1894 2214 1897 2265 i

25 2297 28 2302 ’
84 2305 87 2310 “
126 2297 972 2369 tiaiueruntabeisdivisicumquibusviverecogeban·
1026 2303 1077 2376 qui
1095 2302 1143 2358 illo
1165 2301 1295 2357 membro
1319 2300 1425 2356 scilicet
1440 2305 1627 2371 generantur,
1647 2298 1734 2369 quod
1754 2294 1863 2368 speciali
1895 2366 1898 2371 .

128 2394 187 2454 tur,
204 2401 241 2443 ne
254 2385 387 2442 videlicet
403 2388 467 2458 ipsa
480 2387 547 2442 vitae
570 2385 774 2443 dissimilitudo
790 2395 902 2456 pareret
916 2387 972 2444 ini·
1025 2401 1069 2450 ter
1091 2399 1152 2462 post
1173 2397 1313 2460 susceptae
1333 2387 1563 2445 circumcisionis
1586 2387 1789 2444 obedientiam
1811 2398 1861 2442 mn·
1895 2376 1898 2413 ²

128 2475 262 2533 micitias.
281 2477 436 2546 Postquam
450 2489 519 2531 vero
530 2476 670 2541 Dominus
684 2475 832 2532 Abrabam
848 2476 883 2532 de
896 2483 973 2534 terra
1026 2489 1166 2548 secratur,
1185 2494 1222 2537 ex
1251 2480 1311 2550 ipso
1326 2491 1444 2549 quoquo
1467 2491 1528 2533 sua)
1549 2477 1754 2547 generationis
1777 2475 1863 2532 instro

127 2575 155 2627 ιι
165 2566 336 2642 cognatione
350 2580 404 2624 sua
414 2566 527 2633 eduxit,
543 2575 576 2624 ut
591 2567 618 2623 ei
631 2575 659 2623 et
673 2566 777 2622 semini
792 2567 855 2639 eius
866 2575 972 2625 terram
1026 2579 1123 2629 mento
1137 2584 1167 2626 se
1196 2568 1368 2625 sanctificari
1392 2567 1514 2623 Domino
1536 2565 1772 2632 admoncantur,
1786 2572 1816 2622 nt
1835 2562 1864 2619 sic

129 2657 159 2715 iu
174 2656 367 2714 lraereditatem
383 2656 463 2712 daret
478 2669 528 2726 per
544 2669 667 2727 quama
690 2655 825 2727 gentibus
839 2670 972 2727 segrega·
1026 2660 1159 2717 videlicet
1177 2658 1298 2714 interius
1320 2655 1431 2712 avitiis
1452 2654 1708 2712 circumcidantur
1732 2653 1763 2710 ιι
1786 2651 1862 2711 corde.
1896 2696 1900 2763 l

128 2756 241 2812 rentur,
257 2745 456 2816 corporalibus
469 2759 586 2816 quoque
601 2744 674 2817 legis
702 2744 838 2816 operibus
863 2760 910 2801 eos
925 2759 972 2816 pe·
1024 2750 1102 2806 sicut
1123 2748 1183 2818 jam
1212 2746 1341 2803 exterius
1366 2744 1528 2801 circumcisi
1542 2751 1613 2799 sunt
1639 2742 1671 2798 ιι
1688 2755 1779 2800 carne
1790 2758 1798 2810 ;
1811 2749 1835 2797 ιι
1852 2753 1863 2793 ι

128 2838 208 2894 nitus
221 2849 355 2908 separare
371 2835 506 2903 decrevit,
522 2842 555 2892 ut
571 2834 750 2891 tantominus
766 2834 861 2892 ildeles
873 2835 909 2892 ab
929 2836 972 2891 in·
990 2822 1012 2880 G
1029 2839 1205 2909 praecedente
1232 2848 1286 2892 sua
1302 2833 1494 2890 chaldeorum
1517 2833 1571 2902 (inl
1593 2831 1730 2889 ddelium
1756 2831 1861 2903 origine,
1897 2818 1900 2887 i

129 2925 265 2983 ildelibus
279 2923 427 2994 corrumpi
442 2929 565 2993 possent,
583 2921 610 2994 (D
634 2922 691 2987 vl,
712 2930 822 2993 quanto
847 2924 974 2996 amplius
1028 2928 1068 2983 ita
1079 2925 1208 2983 moribus
1222 2938 1252 2980 se
1266 2929 1427 2994 amputent,
1446 2921 1521 2978 sicut
1543 2920 1670 2991 primam
1689 2920 1771 2977 illius
1793 2933 1861 2976 men·

128 3016 166 3073 ab
178 3015 248 3086 ipsis
269 3021 328 3070 tam
348 3013 409 3069 loco
424 3026 513 3082 quam
532 3012 702 3083 corporibus
725 3012 971 3084 disiungerentur.

130 3104 212 3163 Unde
227 3102 350 3159 Abrabae
363 3108 391 3157 et
403 3099 505 3156 semini
520 3101 584 3170 ejus
598 3100 672 3156 lacta
692 3101 781 3172 hujus
803 3108 887 3157 terrae
910 3116 972 3172 pro·

130 3193 266 3249 missione
285 3191 315 3246 io
328 3202 388 3259 qua
402 3188 455 3245 sibi
478 3188 617 3245 Dominus
634 3189 777 3259 populum
801 3198 975 3260 aggregaret

129 3289 157 3340 et
171 3283 201 3339 in
210 3293 271 3352 qua
290 3277 436 3334 civitatem
462 3276 609 3347 propriam
634 3276 689 3333 sibi
711 3278 906 3345 constitueret,
931 3279 975 3335 le-

130 3385 195 3443 gem
208 3368 282 3438 cepit
296 3366 447 3423 instituere
464 3366 625 3423 secnndum
648 3380 735 3438 quarn
757 3366 797 3424 ibi
819 3376 913 3425 essent
936 3368 975 3425 vi·

130 3458 216 3526 cluri,
234 3471 251 3514 a
265 3455 484 3513 circumcisione
497 3455 646 3512 inchoans.
665 3455 777 3512 Sciebat
792 3457 901 3527 quippe
917 3459 976 3514 Do·

128 3546 237 3613 minus,
257 3545 361 3600 duram
389 3542 488 3614 populi
511 3544 602 3601 nostri
627 3545 767 3600 cervicem
786 3543 928 3612 futuram,
948 3552 975 3602 et

130 3650 197 3695 enm
218 3634 254 3691 ad
266 3633 363 3705 ido[lo]
378 3632 490 3688 latriam
507 3646 625 3704 quoqne
641 3646 804 3703 pravosque
823 3635 975 3706 gentilium

129 3739 225 3784 mores
237 3723 321 3781 facile
338 3721 484 3790 inclinari,
498 3723 574 3780 sicut
595 3722 688 3793 reipsa
710 3730 808 3793 postea
822 3724 974 3793 probatum

130 3822 182 3874 est.
196 3813 277 3871 Unde
292 3811 434 3885 legalibus
442 3811 633 3868 observantiis
647 3811 731 3883 qnasi
754 3812 880 3868 maceria
904 3826 976 3883 qua·

130 3905 198 3963 dam
224 3901 408 3973 interpositis,
430 3900 555 3957 decrevit
579 3914 680 3956 eorum
705 3900 779 3957 ritus
795 3900 835 3956 ita
864 3900 973 3971 disjun-

131 4006 209 4066 gere,
225 3999 258 4049 ut
272 3990 354 4047 nulla
369 3988 597 4047 conversationis
611 3988 656 4044 vel
678 3988 883 4045 lumiliaritatis
908 4003 973 4047 con·

1030 3016 1227 3084 bripartema
1251 3027 1280 3068 se
1306 3016 1502 3077 removerunt,
1527 3022 1584 3066 oon
1608 3016 1668 3065 tam
1696 3009 1736 3066 ab
1750 3009 1792 3065 eis
1812 3020 1862 3065 cun

1028 3103 1176 3161 Abraham
1204 3114 1322 3172 corpore
1346 3114 1435 3171 quam
1459 3105 1555 3155 mente
1581 3098 1780 3169 egredientes,
1806 3098 1863 3153 sicut

1029 3192 1119 3249 David
1148 3199 1359 3247 commemorat
1374 3189 1485 3246 fidelem
1507 3187 1638 3244 animam
1662 3187 1796 3244 invitans
1816 3185 1861 3241 sic:
1898 3206 1901 3263 i

1030 3283 1191 3341 obliviscere
1211 3281 1344 3350 populum
1359 3285 1436 3334 tuum
1455 3282 1481 3332 ιι
1504 3277 1616 3333 domurn
1629 3281 1726 3347 patris
1739 3279 1782 3332 tut·
1793 3273 1861 3345 (red.
1898 3308 1901 3313 -

1028 3386 1106 3439 xnvv,
1126 3369 1180 3442 ll),
1204 3376 1259 3426 etc.
1284 3368 1365 3425 Unde
1392 3376 1420 3425 ct
1450 3366 1590 3423 Dominus
1616 3365 1763 3436 populum
1788 3364 1862 3419 vinee

1029 3472 1200 3530 comparans
1234 3457 1340 3523 electae,
1369 3455 1559 3526 conqueritur
1596 3468 1627 3510 se
1654 3455 1863 3524 expectassent

1030 3549 1134 3606 iaceret
1163 3560 1247 3614 uvas,
1269 3554 1295 3603 et
1312 3546 1377 3602 iecit
1403 3544 1553 3602 labruscas
1577 3544 1659 3613 (lsai.
1684 3557 1715 3610 v,
1733 3542 1773 3614 ι).
1799 3539 1862 3594 sicot

1030 3646 1129 3695 autem
1150 3643 1227 3693 totus
1254 3635 1317 3707 ejus
1341 3634 1467 3705 populus
1494 3633 1586 3689 viueae
1614 3639 1810 3702 comparatur,
1831 3626 1862 3681 sit-

1031 3727 1140 3799 singuli
1155 3725 1253 3782 ildeles
1267 3723 1378 3791 vitibus
1396 3730 1424 3780 et
1448 3736 1548 3779 eorum
1576 3721 1723 3794 genitalia
1748 3714 1862 3792 proptttt'·

1030 3816 1116 3872 nibus
1131 3814 1186 3884 (vel
1203 3812 1382 3884 palmitibus)
1397 3825 1525 3882 congrue
1549 3809 1757 3867 conteruntur.
1773 3806 1867 3865 Palus

1030 3914 1127 3962 autem
1141 3903 1218 3971 vitis,
1244 3901 1300 3958 nisi
1319 3900 1349 3958 ιι
1365 3915 1395 3958 ιι
1411 3900 1590 3970 precidatnr.
1610 3898 1766 3956 labruscas
1788 3895 1869 3969 potins

1029 4007 1118 4065 quam
1134 4005 1206 4049 uvas
1221 3989 1312 4055 aUert,
1326 3998 1353 4047 ιι
1369 3997 1506 4048 remanet.
1523 3989 1566 4046 ild
1588 3988 1667 4044 banc
1683 3988 1784 4059 itaquo
1802 3984 1871 4042 simi-

129 4084 322 4155 iungorentur
335 4079 487 4146 societate;
502 4079 557 4135 imo
570 4086 723 4148 perpetuas
746 4077 815 4134 hinc
837 4078 976 4137 adversus
1029 4081 1182 4138 litudinem
1197 4080 1303 4136 divium
1314 4079 1393 4137 circa
1404 4093 1457 4136 nos
1471 4079 1593 4136 culturae
1610 4076 1796 4149 diligentiam
1811 4087 1871 4146 prm

130 4187 160 4230 se
175 4170 360 4242 conciperent
374 4167 552 4224 inimicitias.
573 4167 729 4224 llarimam
745 4180 814 4224 vero
831 4167 906 4224 iuter
929 4169 978 4225 ho·
995 4170 1017 4225 D
1034 4169 1147 4240 putium
1170 4169 1267 4240 signat
1287 4176 1482 4238 amputatum,
1496 4181 1533 4224 ex
1548 4180 1607 4237 quo
1630 4179 1684 4223 nos
1704 4168 1781 4223 Dens
1802 4177 1872 4221 exeo

130 4261 224 4319 mines
237 4257 462 4316 familiaritatem
478 4255 582 4326 copula
595 4255 773 4312 matrimonii
798 4263 825 4312 et
843 4269 975 4312 commu·
1032 4258 1089 4315 lere
1103 4257 1213 4328 incipit.
1227 4255 1310 4324 'Quod
1335 4257 1360 4313 si
1381 4257 1469 4313 etiam
1492 4256 1629 4312 hnmauae
1653 4255 1753 4325 culpae
1766 4256 1814 4322 (itt
1836 4250 1872 4318 Ul

129 4350 180 4408 nio
193 4362 299 4406 mensae
313 4344 482 4404 contrahere
506 4344 586 4401 solet.
603 4344 684 4401 Unde
703 4344 739 4400 ad
766 4343 827 4401 baee
849 4345 976 4402 maxime
1031 4347 1178 4418 inprimis
1198 4345 1367 4415 parentibus
1393 4345 1513 4402 exordia
1535 4341 1681 4410 revolvas,
1710 4354 1742 4401 et
1759 4341 1872 4402 Domini

130 4437 305 4497 removenda
319 4443 347 4492 et
370 4433 621 4492 circumcisionem
643 4432 769 4490 institnit
794 4433 934 4491 Dominus
948 4439 977 4491 et
1030 4451 1093 4493 cam
1109 4437 1138 4492 in
1154 4434 1305 4491 mulierem
1331 4434 1502 4491 sententiam
1517 4446 1608 4504 prenae
1632 4432 1794 4503 prolatam,
1817 4444 1870 4489 ιιι

129 4527 319 4586 delicatorum
331 4523 461 4580 ciborum
475 4536 557 4580 esum
573 4521 733 4579 interdixit.
750 4520 827 4579 Adeo
849 4535 976 4593 namque
1029 4526 1056 4583 ei
1070 4522 1202 4581 videlicet
1218 4523 1341 4580 dicitur:
1359 4525 1393 4578 ln
1407 4524 1499 4579 dolore
1518 4524 1610 4592 portes
1634 4522 1711 4582 filios
1738 4522 1818 4593 (Uen.
1839 4534 1870 4578 nt

129 4612 359 4674 circumcisionis
375 4611 492 4683 siguum
517 4610 652 4683 gentibus
673 4610 866 4667 abominabile
890 4612 975 4669 vide·
1033 4613 1086 4685 ιι),
1100 4613 1211 4669 ιιιιιιι
1225 4626 1343 4682 quoque
1356 4611 1455 4667 virum
1471 4610 1637 4682 participem
1656 4611 1773 4680 peccati
1789 4611 1818 4667 ιι
1832 4623 1869 4682 ge·

129 4712 188 4774 tur,
203 4711 238 4761 ut
251 4703 275 4760 si
287 4715 449 4758 noseorum
460 4700 580 4757 reminas
593 4700 794 4757 affectaremus
808 4699 975 4758 nullatenus
1030 4703 1110 4761 nitali
1126 4703 1270 4774 praecipuo
1284 4702 1413 4759 membro
1422 4709 1498 4758 recte
1514 4700 1574 4758 lieri
1589 4714 1684 4771 poenve
1698 4699 1870 4760 consortem?

127 4793 214 4852 nobis
228 4794 258 4849 in
275 4792 330 4849 boc
342 4790 546 4848 consentirent.
562 4790 654 4856 Unde,
669 4790 722 4847 etsi
741 4790 805 4847 aliae
819 4798 912 4848 essent
925 4805 974 4847 ra·
1030 4800 1061 4850 ut
1078 4794 1107 4849 in
1123 4793 1171 4849 illo
1183 4791 1317 4848 videlicet
1333 4791 1462 4872 membro
1477 4798 1552 4848 recte
1567 4790 1711 4860 patiatur,
1739 4806 1791 4863 per
1804 4787 1867 4864 quoi

127 4883 231 4952 tiones,
268 4880 322 4940 has
350 4880 382 4937 ιι
419 4880 553 4951 praesenti
586 4879 726 4937 sulficere.
758 4879 840 4944 Quod
878 4884 974 4937 tameo
1027 4881 1096 4939 vitre
1119 4881 1267 4953 praesentis
1288 4879 1391 4936 exsilio
1416 4880 1489 4937 tilios
1504 4886 1623 4951 generat
1647 4877 1868 4946 moriturosdr

128 4971 361 5033 circumcisionis
378 4985 429 5028 sen
447 4969 518 5042 legis
539 4969 675 5027 meritum
698 4983 840 5026 evacuare
860 4969 904 5026 vel
927 4984 975 5026 ex-

127 5072 249 5123 tenuare
265 5062 391 5129 laboras,
414 5074 451 5117 ex
480 5060 542 5131 ipsa
569 5059 679 5116 scilicet
703 5057 874 5115 auctoritate
900 5058 972 5116 scri-

126 5158 233 5224 pturae,
246 5166 299 5223 per
312 5152 406 5222 ipsam
422 5150 505 5207 credo
516 5148 606 5206 rotelli
624 5162 715 5219 posse,
740 5147 763 5204 si
778 5161 813 5205 ea
833 5147 975 5223 videlicet,

127 5255 195 5313 ιιι
217 5241 253 5299 de
272 5240 345 5298 serie
364 5239 520 5310 scripture
541 5239 654 5296 iuratus
664 5251 724 5296 esse
738 5237 883 5295 reticendo
893 5237 974 5294 vide-

126 5329 177 5398 ris,
192 5329 346 5403 diligenter
370 5329 512 5399 attendas,
528 5342 596 5401 ιιι
608 5328 660 5385 tibi
680 5327 764 5386 credo
782 5327 917 5385 nocitura
931 5327 973 5384 ιι-

128 5417 314 5478 debendum
336 5419 415 5476 enim
431 5425 549 5490 pactum
567 5446 602 5460 -
617 5416 696 5489 quod
712 5431 762 5489 per
776 5417 973 5476 circumcisio·

1029 4970 1163 5041 paradiso
1179 4984 1208 5027 se
1220 4976 1248 5025 et
1262 4983 1315 5025 uos
1330 4972 1438 5039 pariter
1460 4968 1576 5039 propria
1601 4968 1867 5040 transgressionnis

1029 5060 1119 5132 huius
1141 5058 1208 5116 vitae
1231 5058 1369 5130 dejiciens
1383 5071 1547 5116 mrummas.
1576 5056 1652 5114 Nam
1667 5065 1697 5114 et
1720 5058 1829 5116 mulier
1847 5053 1868 5111 ιι

1029 5157 1113 5223 partu
1128 5149 1263 5206 laborans
1276 5154 1353 5204 recto
1368 5161 1405 5205 ex
1428 5146 1476 5204 illo
1491 5161 1549 5218 ono
1571 5145 1698 5216 concipit
1719 5155 1749 5204 et
1765 5146 1869 5219 general

1029 5238 1160 5297 membro
1185 5237 1305 5307 patitur,
1321 5242 1349 5292 et
1372 5235 1464 5307 ipsam
1479 5234 1726 5307 concupiscentias
1745 5236 1868 5305 voluptt-

1030 5336 1099 5396 tem,
1115 5340 1203 5399 quam
1219 5325 1304 5383 habet
1317 5326 1347 5381 ιι
1371 5331 1520 5396 conceptu,
1535 5323 1672 5395 plectitur
1691 5324 1868 5397 inparium

1030 5431 1145 5489 poenam
1172 5417 1290 5487 insuper
1319 5414 1404 5472 solvit
1427 5427 1516 5486 quam
1540 5413 1688 5485 peccando
1713 5411 1866 5487 acqnisivit
