3804 5962
74 200 137 257 lottt
354 198 456 255 ruunt
475 196 658 254 summunt
677 194 754 252 OPP.
775 191 864 250 PARS
879 190 917 247 tt.
931 214 968 238 -ι
981 187 1203 248 ruuntoulca
1222 188 1264 244 ΕΤ
1282 185 1551 245 vulnusculum.
1751 186 1821 244 {052

72 331 174 384 contra
187 337 267 394 spem
284 325 313 380 in
337 337 417 394 spem
440 320 570 389 credidit,
599 326 778 378 nosnatura
793 316 918 390 possibi-
932 316 958 370 Α
972 314 1126 386 distinguit
1140 312 1261 372 homilia
1282 317 1309 383 6,
1321 311 1372 369 lib.
1387 328 1408 368 ιι
1420 312 1450 368 ιι
1460 309 1635 383 Evangelia:
1653 311 1762 384 liquet,
1778 309 1822 367 in-

73 412 195 482 litatem,
231 412 279 470 sed
311 410 505 482 promittentis
529 409 650 467 attendit
687 409 849 466 veritatem.
882 410 918 463 ht
973 404 1047 476 quit,
1077 406 1142 474 outa
1160 403 1356 466 tidesillarum
1374 416 1465 456 rerum
1492 404 1533 456 est
1546 389 1739 473 argumentum
1762 414 1822 467 arra

73 502 262 573 uunquamsi
281 500 345 556 lidei
373 507 478 556 nostrae
500 498 656 569 primordia
673 498 767 554 statim
785 495 919 554 meritum
972 509 1107 564 apparere
1119 509 1174 549 non
1186 496 1317 564 possunt;
1343 506 1404 563 aaa
1424 491 1496 546 enirn
1520 493 1587 545 sunt
1600 490 1767 560 apparentia
1782 487 1822 560 pi·

73 604 132 648 nou
148 590 265 656 habent,
282 590 344 645 ideo
355 588 417 659 ipsa
430 602 549 658 prorsus
568 587 677 644 inutilis
695 594 737 642 est
749 585 918 657 judicanda,
973 583 1032 638 dem
1047 598 1101 639 aaa
1124 583 1233 650 babent,
1257 582 1306 638 sed
1331 582 1499 649 agnitionem
1507 594 1516 649 ;
1531 580 1643 649 proprie
1661 593 1770 649 qnoque
1789 578 1823 632 de

74 691 163 748 quam
178 677 362 747 postmodum
383 675 511 732 charitas
538 675 702 743 subsecuta,
718 674 826 732 obtinet
841 672 920 745 quod
973 672 1155 729 invisibilibus
1170 671 1320 726 intellectus
1330 669 1441 737 dicitur,
1457 667 1605 723 seeundum
1615 667 1689 736 qvod
1707 666 1818 739 quidem

74 765 116 821 illi
137 765 277 822 doluerat.
313 765 472 843 Nunquam
487 762 583 830 multi,
598 777 665 820 cnm
680 761 920 835 bisquapraedi-
974 759 1169 818 intellectuales
1181 763 1208 815 et
1229 758 1350 814 visibiles
1364 762 1471 812 naturae
1485 755 1705 821 distinguantur.
1735 753 1817 822 Quis·

73 854 217 911 cabantur
232 867 289 911 nou
308 853 464 915 crederent.
480 851 610 924 ipsarum
627 851 805 908 exhibitione
820 865 918 908 rerum
975 849 1041 922 quis
1055 849 1143 905 etiam
1158 851 1187 902 in
1215 848 1269 904 ιιι
1283 847 1353 914 vita,
1368 859 1482 916 eaque
1508 845 1543 900 de
1557 843 1697 900 Trinitate
1717 842 1822 900 dicun·

72 950 100 1000 et
113 943 314 1016 magnitudine
329 942 536 999 miraculorum
550 942 666 998 credere
681 949 750 997 sunt
766 941 918 1010 compulsi.
975 946 1034 1002 tur,
1051 952 1110 995 nou
1134 951 1214 1008 posse
1230 935 1350 1007 intelligi
1367 934 1536 999 arbitratur,
1552 931 1676 1004 prolecn
1692 931 1721 987 in
1740 930 1821 987 illum

74 1029 157 1097 Quod
176 1033 210 1088 de
238 1031 366 1103 apostolo
394 1030 481 1087 etiam
500 1032 620 1098 Thoma,
647 1044 715 1087 cum
731 1028 765 1086 de
794 1043 921 1087 resurre-
975 1027 1103 1085 btontaui
1130 1026 1253 1082 baeretici
1284 1024 1392 1082 labitur
1419 1036 1559 1086 errorem,
1592 1034 1678 1092 quem
1718 1018 1823 1076 heatus

74 1121 168 1178 ctione
186 1120 300 1177 homini
320 1120 475 1188 dubitaret,
504 1119 613 1175 iactum
633 1133 692 1175 esse
708 1117 918 1188 cognoscimus.
975 1117 1118 1173 damnans
1133 1116 1322 1185 Hieronymus
1351 1114 1380 1169 in
1400 1111 1517 1183 prologo
1541 1107 1823 1167 Commentariorum

75 1209 120 1269 Sic
145 1217 173 1267 at
190 1209 225 1265 in
247 1209 328 1267 Pauli
355 1209 543 1265 conversione
568 1215 680 1279 gestum
703 1206 847 1277 videmus,
869 1207 921 1279 qui
975 1205 1057 1261 lsaiae
1079 1204 1121 1259 sic
1155 1202 1209 1258 ait:
1243 1205 1336 1272 Nepae
1362 1216 1433 1269 vere,
1462 1204 1493 1254 vt
1514 1201 1661 1254 Montanus
1691 1198 1820 1263 somniat,

74 1314 141 1357 cum
166 1299 299 1370 superari
325 1299 434 1354 ratione
456 1313 514 1354 non
536 1305 640 1368 posset,
661 1297 743 1353 tactis
758 1298 827 1368 ipsis
854 1311 919 1353 con-
975 1294 1114 1364 proptera
1138 1294 1168 1346 in
1194 1293 1298 1347 ecstasi
1320 1295 1385 1346 sunt
1412 1290 1503 1356 beati,
1528 1294 1560 1343 ut
1583 1285 1726 1342 nescirent
1751 1285 1820 1356 auid

74 1387 193 1446 strictus
208 1388 244 1443 ad
264 1386 348 1443 fldem
368 1393 410 1442 est
429 1385 606 1456 compulsus,
624 1393 651 1442 et
678 1393 788 1455 avanto
804 1385 922 1457 gravior
976 1382 1175 1453 loquerentur,
1204 1386 1231 1436 et
1254 1379 1332 1451 qnod
1357 1378 1421 1434 aliis
1449 1375 1608 1443 erudirent,
1628 1375 1682 1444 ipsi
1705 1374 1821 1445 ignora·

75 1477 137 1547 ipso
164 1484 230 1533 ante
257 1476 473 1532 couversionem
498 1474 594 1542 tuerit,
627 1481 707 1532 tanto
734 1474 918 1546 postmodum
976 1477 1046 1529 runt
1065 1469 1136 1541 auid
1164 1469 1302 1526 dicerent.
1318 1468 1461 1537 Sedjuata
1481 1466 1650 1522 salomonem
1673 1465 1722 1534 qui
1736 1464 1821 1533 loqui

75 1564 146 1623 tides
172 1564 236 1635 ejus
260 1563 360 1620 tortior
388 1563 513 1631 exstitit;
535 1564 585 1620 vix
610 1563 688 1621 euim
713 1563 763 1634 qui
790 1564 922 1635 loquitur
977 1561 1067 1616 turin
1087 1557 1255 1615 Proverbiis:
1274 1559 1388 1626 Sapiens
1411 1555 1542 1624 intelligit
1565 1568 1624 1620 qua
1653 1552 1822 1623 lognitnrde

76 1652 185 1717 leviter,
207 1652 312 1720 credie
332 1652 434 1708 drusus
451 1652 480 1707 iu
494 1650 548 1708 tide
576 1652 742 1722 permansit.
762 1650 820 1708 Nec
843 1653 921 1724 qnod
976 1647 1056 1704 corde
1078 1662 1136 1714 sua,
1166 1649 1228 1701 etin
1255 1646 1335 1701 labiis
1350 1648 1407 1701 suis
1430 1643 1553 1715 portabit
1565 1643 1707 1698 saieminm
1728 1641 1818 1714 (Pron.

75 1740 190 1800 levitate
219 1740 340 1813 geritur,
370 1740 526 1797 stabilitate
551 1739 727 1796 firmabitur.
746 1741 826 1798 Unde
845 1747 872 1797 ct
891 1741 922 1796 ιι
976 1750 1027 1800 xv,
1060 1735 1113 1807 ιι),
1143 1742 1169 1791 et
1186 1738 1241 1805 ipsi
1253 1734 1373 1790 sciebant
1395 1733 1463 1804 qaid
1487 1733 1617 1788 dicerem.
1637 1733 1724 1787 item:
1756 1728 1823 1796 ona

75 1828 274 1887 Ecclesiastico
303 1829 509 1898 scriptumest.
536 1828 587 1895 Qui
613 1828 700 1884 eredit
715 1831 778 1896 cito,
793 1830 860 1885 levis
882 1833 923 1885 est
976 1825 1054 1881 modo
1075 1826 1212 1894 sapienter
1234 1824 1375 1894 propbeta
1397 1823 1545 1877 adinstar
1566 1821 1820 1875 brutorumanima·

75 1919 163 1982 eorde,
181 1923 207 1974 et
223 1917 405 1973 minorabitur
419 1917 517 1989 (dccli.
537 1933 599 1985 xix,
620 1919 845 1988 dimicantem
862 1919 922 1975 sive
977 1915 1053 1981 tium,
1079 1913 1147 1984 qnid
1168 1915 1288 1968 dicerent
1316 1910 1501 1982 maerebant?
1530 1910 1604 1966 ilinc
1631 1916 1674 1965 est
1699 1914 1728 1964 ιι
1751 1906 1822 1965 illud

76 2005 159 2064 iaciie
174 2006 264 2063 credit
280 2007 331 2078 qui
346 2006 499 2063 indiscrete
514 2015 601 2078 atque
615 2006 774 2076 improvide
796 2005 843 2062 his
856 2020 922 2077 quae
976 2001 1116 2074 Origsnis,
1138 2001 1294 2072 Epistolam
1309 2000 1391 2057 Pauli
1405 2000 1441 2056 ad
1464 2000 1610 2057 Romanos
1634 1996 1820 2068 exponentis:

76 2091 272 2164 dicuntprius
291 2093 457 2164 acquiescit,
483 2107 573 2166 quam
600 2094 653 2150 boc
666 2094 693 2150 ei
713 2092 791 2164 qnod
806 2105 923 2162 persua·
977 2113 992 2142 «
1013 2091 1166 2148 seeundum
1184 2092 1374 2146 revelationem
1392 2091 1516 2159 mysterii
1536 2089 1645 2143 eternis
1657 2085 1820 2159 temporibus

77 2179 163 2237 detur
191 2183 289 2251 ignota
315 2183 427 2239 ratione
445 2189 590 2253 quantum
618 2182 695 2239 valet
717 2181 864 2250 discutiat,
885 2194 923 2236 an
976 2182 1064 2249 taciti,
1088 2197 1103 2232 a
1126 2183 1181 2236 etc.
1203 2180 1291 2251 (Rom.
1307 2193 1368 2247 xvv,
1404 2177 1462 2249 ιι.)
1486 2176 1539 2234 Sed
1561 2177 1760 2244 requirendum
1782 2181 1821 2229 est

77 2267 185 2325 scilicet
199 2268 332 2325 adhiberi
346 2270 372 2325 ei
386 2271 470 2326 fldem
488 2270 641 2326 conveniat
656 2269 725 2339 (50).
743 2267 824 2335 Quod
837 2268 922 2323 etiam
976 2274 1070 2324 vtrvm
1081 2269 1212 2324 iddicam
1240 2269 1394 2324 insidentia
1409 2268 1543 2332 habitam,
1558 2271 1591 2321 ut
1604 2268 1714 2322 omnino
1728 2264 1821 2320 nullas

77 2355 230 2428 diligenter
243 2357 344 2414 beatus
372 2373 496 2429 pensans
510 2359 714 2430 Hieronymus,
735 2370 803 2414 cum
817 2364 923 2414 sauctae
977 2361 1127 2428 opacavit,
1151 2374 1237 2426 neque
1263 2361 1318 2428 ipsi
1339 2358 1449 2430 quidem
1472 2360 1523 2428 gui
1537 2356 1741 2412 annuntiabant
1757 2368 1822 2426 pro-

76 2443 218 2503 btarcellae
251 2446 379 2503 studium
411 2456 438 2503 et
470 2446 670 2503 discretionem
710 2446 923 2503 commendaret
975 2447 1073 2517 plastae.
1101 2446 1170 2504 blihi
1205 2445 1323 2517 quidem
1349 2445 1433 2502 valde
1453 2444 1614 2501 absurdum
1634 2443 1763 2509 videtur,
1789 2447 1821 2498 nt

75 2532 148 2590 lib.1
175 2534 205 2590 iu
225 2534 381 2604 Epistolam
411 2535 492 2594 Pauli
520 2537 557 2593 ad
580 2535 696 2593 Galatas
720 2537 759 2591 ita
775 2534 920 2592 meminit:
977 2535 1108 2592 dicamus
1144 2536 1298 2608 prophetas
1327 2536 1365 2591 ιιι
1401 2534 1547 2605 scripsisse
1579 2533 1613 2588 de
1636 2528 1822 2588 sacramentis

76 2623 137 2681 sara
161 2624 286 2694 equidem
314 2624 445 2681 ardorem
466 2626 536 2695 ejvs,
556 2631 611 2680 scio
637 2624 728 2694 poem,
746 2640 830 2695 quam
843 2625 922 2693 pam·
977 2624 1096 2692 divinis,
1106 2630 1139 2681 nt
1153 2638 1210 2679 non
1227 2622 1421 2679 intellexerint
1433 2636 1500 2692 ιιι
1510 2621 1653 2688 dicebant,
1666 2633 1734 2676 cum
1749 2616 1821 2674 Scri·

76 2726 149 2767 mam
164 2713 262 2768 babeat
281 2718 311 2768 in
335 2719 443 2784 pectore
456 2730 586 2786 superare
598 2729 705 2784 secum,
738 2714 862 2771 oblivisci
876 2714 922 2768 ba·
978 2719 1064 2782 ptura
1077 2712 1170 2768 dicat:
1193 2733 1207 2761 u
1223 2713 1341 2782 Sapiens
1359 2711 1488 2780 intelligit
1504 2726 1566 2781 qua
1580 2710 1614 2766 de
1624 2724 1670 2764 ore
1684 2709 1747 2778 ajars
1756 2721 1818 2778 pro

78 2803 174 2867 mines,
190 2802 386 2859 etdivinorum
413 2805 580 2860 voluminum
595 2809 724 2874 tympano
746 2806 923 2873 concrepante
977 2801 1086 2870 cedunt,
1110 2805 1137 2855 et
1163 2803 1190 2855 in
1207 2801 1287 2856 labiis
1313 2805 1408 2870 portat
1434 2794 1599 2855 intellectum
1622 2799 1658 2870 (ll
1679 2797 1740 2855 Gor.
1770 2809 1819 2858 ιιι,

75 2889 200 2947 dlubrum
232 2892 314 2961 bajus
335 2894 428 2962 seculi
452 2908 526 2948 mare
549 2895 740 2960 transfretare.
771 2893 847 2949 certe
862 2906 924 2945 cum
977 2890 1049 2960 4).»
1081 2890 1110 2948 Si
1133 2903 1274 2947 veronon
1289 2888 1483 2945 intellexerint
1502 2902 1568 2959 ιιι
1592 2886 1690 2943 deore
1705 2884 1820 2956 proprio

76 2970 166 3029 ΗΘΜ
184 2989 279 3043 etiem,
300 2990 442 3041 ”unitam
463 2980 518 3029 lam
533 2976 636 3038 testim
647 2989 689 3028 me
706 2973 797 3042 vidit,
822 2976 855 3026 ui
867 2987 922 3025 nou
939 2949 960 3005 C
978 2979 1169 3049 proterebant,
1195 2992 1253 3034 nou
1271 2985 1355 3034 erant
1370 2979 1523 3048 sapientes.
1547 2976 1628 3033 Unde
1656 2975 1680 3032 si
1700 2973 1820 3031 stultum

75 3061 110 3117 ὅθ
127 3062 279 3133 scripturis
294 3064 404 3134 aliquid
429 3067 622 3133 intermittet·
653 3067 744 3132 Nesus
762 3065 834 3119 enirn
850 3078 924 3118 mare
977 3075 1016 3124 est
1040 3067 1194 3137 prophetas
1214 3080 1319 3138 negare
1342 3067 1485 3136 sapientes
1506 3065 1607 3132 inisse,
1624 3070 1711 3121 restat
1738 3062 1821 3120 utin·

77 3150 259 3220 Pptbagvriao
280 3152 418 3224 quidquid
441 3152 640 3222 respondebam
661 3158 765 3208 rectum
792 3152 922 3224 putabat,
978 3154 1139 3211 lellexerlnt
1154 3168 1220 3225 ιιι
1234 3154 1425 3224 proterebant.

77 3254 125 3294 nee
134 3243 193 3295 sine
212 3245 318 3296 ratione
340 3240 526 3310 prejudicato
539 3241 617 3311 apud
630 3257 690 3296 eam
704 3242 812 3299 valebat
826 3245 923 3296 auctor
1013 3243 1121 3300 Paulus
1134 3244 1204 3300 dicit
1231 3244 1376 3301 audivisse
1399 3245 1482 3300 amba
1504 3259 1564 3312 aare
1577 3259 1631 3299 non
1645 3243 1708 3297 licet
1721 3241 1822 3296 bomini

78 3325 129 3390 ιιι,
156 3326 205 3382 sed
227 3326 403 3381 abominabat
414 3330 515 3392 omnia,
541 3331 567 3382 et
580 3331 676 3397 sagaci
689 3332 778 3382 mente
795 3330 924 3383 univesa
977 3332 1062 3404 loqui,
1078 3347 1136 3389 nou
1150 3333 1229 3404 quod
1244 3333 1304 3402 ipse
1314 3334 1427 3405 ignoret
1443 3333 1521 3404 quod
1535 3332 1670 3398 audierit,
1681 3331 1731 3389 sed
1746 3329 1820 3402 quod

75 3414 223 3486 vitiabat,
246 3419 277 3469 ut
295 3431 337 3469 me
349 3418 476 3471 sentirem
490 3431 543 3472 non
559 3421 614 3471 tam
629 3417 794 3487 discipulam
815 3418 923 3488 babere,
977 3421 1042 3478 aliis
1056 3421 1182 3492 pandere
1194 3436 1262 3492 qua
1276 3421 1332 3478 sibi
1348 3429 1416 3478 sunt
1432 3421 1561 3478 indicata
1575 3434 1634 3477 non
1649 3419 1757 3477 liceret.
1780 3420 1819 3475 lta

78 3502 302 3576 ilssmjudicem,
977 3524 1045 3583 ergo
1066 3516 1156 3581 potest
1189 3518 1216 3567 et
1231 3510 1285 3567 hoc
1301 3509 1363 3566 loco
1377 3510 1488 3567 dictum
1501 3509 1593 3566 videri
1606 3515 1820 3565 sacramentum

111 3591 198 3649 Nuus
226 3606 329 3649 veroe
355 3600 455 3650 contra
478 3593 600 3665 plurimi
626 3594 762 3652 solatium
791 3609 851 3653 snm
875 3596 924 3652 im·
977 3600 1007 3658 iu
1024 3599 1137 3656 silentio
1152 3599 1296 3667 habitum,
1311 3598 1509 3671 quodscirent
1525 3597 1642 3669 quidem
1664 3597 1820 3668 prophetas

77 3679 187 3752 peritiae
199 3687 338 3752 querunt,
358 3688 390 3737 ut
402 3695 469 3737 cnm
482 3695 516 3737 ea
535 3681 570 3738 de
584 3682 638 3739 ilde
657 3683 758 3740 docere
777 3684 922 3753 nituntur,
977 3688 1026 3746 sed
1047 3689 1226 3756 hominibus,
1246 3689 1276 3745 id
1299 3696 1341 3745 est
1356 3688 1457 3759 vulgo,
1479 3701 1536 3744 nou
1564 3685 1820 3754 mamiestavariut,

60 3782 144 3840 ιιι
159 3775 192 3826 ιι
221 3769 307 3826 etiam
324 3768 447 3841 intelligi
469 3770 590 3840 possint,
610 3771 750 3829 disserere
774 3773 924 3829 nousutti·
977 3779 1025 3835 aad
1057 3778 1192 3846 texerint,
1215 3776 1375 3834 secundum
1389 3783 1566 3848 praeceptum
1592 3775 1654 3842 liei,
1670 3786 1821 3845 usquequo

78 3857 172 3924 ciunt,
199 3857 282 3914 ilium
309 3858 436 3914 maxime
465 3859 529 3916 ddei
560 3859 703 3918 tervorem
723 3862 925 3919 commendent
978 3873 1092 3938 tempus
1116 3867 1237 3932 adesset,
1261 3864 1430 3924 etllerhnm
1450 3878 1517 3922 caro
1548 3865 1636 3920 tieret.
1659 3863 1737 3920 Adeo
1751 3876 1822 3933 qno-

78 3948 582 4020 anteaquaedicanrnranteqnam
604 3949 747 4022 intelligat
777 3952 923 4019 credibat
978 3969 1036 4027 que
1055 3968 1240 4027 quecunque
1271 3953 1474 4024 predicantur,
1497 3954 1535 4011 ιιι
1556 3953 1612 4009 dici
1644 3958 1677 4009 ut
1704 3949 1824 4022 intelligi

39 4102 44 4111 ¹
78 4036 161 4111 prins
187 4036 231 4093 bis
260 4038 379 4093 assentit
405 4051 439 4093 ac
461 4037 572 4108 recipit,
598 4053 687 4110 quam
704 4053 771 4111 qua
788 4040 851 4110 ipsa
865 4041 961 4135 sint„
979 4044 1088 4113 possint
1106 4043 1259 4113 Apostolus
1278 4042 1370 4114 jubet,
1395 4049 1427 4099 ιι
1441 4042 1559 4100 omnino
1587 4055 1605 4097 a
1624 4039 1824 4113 predicatione

78 4126 185 4193 videat,
202 4132 229 4182 ιι
245 4139 282 4180 ιι
293 4125 456 4196 recipienda
469 4126 682 4198 sintagnoscat,
699 4142 749 4185 seu
764 4142 819 4200 pro
835 4137 922 4201 captu
978 4132 1187 4203 quiescendum
1208 4143 1269 4187 esse
1296 4129 1454 4200 praecipiat,
1478 4130 1502 4187 si
1522 4131 1552 4187 in
1569 4131 1694 4201 hisquae
1717 4127 1824 4200 pradi-

79 4229 131 4273 suo
157 4214 301 4270 discutiat.
322 4214 446 4271 blaxime
460 4229 528 4272 vero
559 4215 588 4272 id
606 4216 786 4286 profitentur.
807 4232 923 4275 cumea
977 4220 1070 4277 canda
1084 4225 1153 4276 suut
1176 4218 1247 4275 desit
1266 4218 1318 4289 qui
1342 4218 1515 4289 prophetare
1531 4218 1635 4286 valeat,
1660 4218 1713 4274 boc
1726 4224 1769 4274 est
1791 4229 1826 4272 ea

78 4302 393 4376 predicanturquaead
402 4303 562 4361 divinitatis
571 4311 717 4373 naturam,
727 4313 755 4362 et
767 4306 801 4362 ad
816 4315 923 4365 sanctae
977 4323 1043 4382 quae
1076 4308 1218 4364 dicuntur
1237 4320 1393 4377 exponere,
1417 4313 1444 4363 et
1480 4321 1582 4364 eornm
1606 4305 1825 4377 intelligentiam

77 4391 227 4447 Trinitatis
258 4391 401 4462 pertinent
420 4391 631 4459 discretionem,
656 4408 723 4465 ιιι
754 4396 870 4466 penitus
893 4397 923 4453 in
977 4399 1098 4469 aperire.
1114 4395 1336 4467 Undeipseuos
1352 4395 1388 4451 ad
1408 4395 1605 4466 spiritualium
1620 4396 1764 4452 donorum
1779 4394 1826 4450 de·

78 4479 133 4536 hac
157 4480 219 4536 vita
238 4493 295 4535 nou
324 4493 407 4549 posse
437 4479 557 4552 intelligi
587 4489 763 4551 asseverant,
791 4483 840 4540 sad
869 4483 923 4540 hoc
976 4485 1114 4542 siderium
1125 4483 1283 4539 exhortans
1299 4482 1328 4538 iu
1338 4484 1433 4553 prima
1453 4484 1490 4540 ad
1509 4483 1673 4541 Corinthios
1685 4482 1823 4553 Epistola,

79 4567 174 4638 ipsum
198 4567 319 4639 intelligi
346 4569 437 4625 vitam
459 4569 558 4625 dicunt
574 4578 722 4639 aeteruam,
749 4573 836 4642 juxta
852 4571 923 4629 illud
976 4574 1062 4633 dicit:
1083 4574 1261 4628 AEmntamini
1281 4574 1453 4643 spiritualia,
1477 4576 1565 4642 magis
1591 4578 1684 4629 autem
1702 4579 1733 4628 vt
1755 4588 1825 4643 pra-

78 4655 223 4712 Verilatis:
250 4655 317 4711 Haec
331 4662 371 4712 est
393 4662 484 4713 autem
511 4660 572 4714 vita
586 4663 698 4726 alena,
713 4665 745 4716 vt
760 4666 923 4729 cognoscant
973 4662 1088 4733 plantis
1104 4658 1127 4730 (l
1149 4661 1210 4716 dor.
1238 4673 1299 4726 xvv,
1331 4660 1368 4731 t),
1390 4661 1444 4717 hoc
1461 4667 1504 4717 est
1523 4675 1611 4732 super
1633 4668 1737 4718 caetera
1761 4657 1826 4729 Spi-

79 4749 105 4800 te
139 4747 224 4801 beant
247 4760 349 4814 uemm,
377 4750 403 4801 et
427 4762 506 4814 onem
534 4749 634 4803 misisd
670 4749 763 4802 lesum
800 4749 924 4806 cineam
976 4750 1052 4808 ritus
1070 4747 1162 4805 sancti
1177 4747 1264 4815 dona,
1281 4747 1334 4804 hoc
1359 4749 1486 4805 maxime
1510 4748 1680 4815 desiderate,
1700 4754 1733 4805 ut
1759 4760 1827 4818 ιιι

79 4834 167 4903 (loon.
196 4845 267 4902 xvu,
288 4835 377 4904 aaut
397 4836 516 4891 iterum:
547 4835 775 4903 Manifestaboeis
790 4839 923 4908 meipsum
976 4838 1080 4910 lingua
1104 4837 1300 4908 proteruntur.
1322 4837 1377 4893 hoc
1402 4846 1444 4894 est
1467 4837 1497 4894 in
1515 4837 1612 4894 verbis
1628 4844 1743 4905 sonant,
1772 4848 1826 4906 por

80 4919 171 4992 (ioan.
186 4934 248 4989 ιιι,
264 4922 322 4993 at).
336 4921 390 4979 Sed
406 4921 530 4993 proiecto
540 4923 619 4979 aliud
634 4930 678 4980 est
697 4925 857 4997 intelligere
872 4941 924 4984 seu
979 4925 1198 4998 intelligentiam
1227 4925 1315 4981 videri
1341 4925 1462 4994 lactatis,
1486 4932 1514 4982 ιι
1536 4939 1681 4995 exponere
1697 4923 1825 4995 possitis.

79 5009 205 5077 credere,
232 5009 313 5066 aliud
342 5025 513 5084 cognoscere
536 5026 588 5069 seu
620 5012 814 5070 maniiestare.
840 5014 924 5072 Fides
977 5015 1052 5084 Quia
1074 5015 1180 5071 etenim
1197 5014 1340 5084 prophetae
1351 5014 1485 5072 Videntes
1506 5014 1670 5086 antiquitus
1692 5012 1829 5070 dicaban-

78 5098 188 5169 quippe
203 5099 310 5156 dicitur
318 5099 498 5158 existimatio
517 5115 574 5158 non
589 5101 804 5173 apparentium,
824 5106 924 5174 cogni·
977 5110 1037 5169 tur,
1058 5104 1111 5161 hoc
1128 5102 1189 5159 loco
1210 5102 1364 5173 Apostolus
1386 5102 1558 5175 prophetare
1577 5103 1658 5168 dicit,
1672 5101 1769 5158 visum
1785 5101 1829 5157 in-

80 5183 119 5241 tio
140 5199 207 5242 vero
231 5187 364 5260 ipsarum
379 5203 477 5246 rerum
496 5190 674 5261 experientia
699 5204 750 5260 per
768 5191 861 5263 ipsam
877 5205 921 5249 ea·
978 5190 1143 5264 talligeutiae
1169 5191 1345 5248 ministrare.
1363 5190 1417 5259 Qui
1435 5191 1521 5247 etiam
1537 5190 1633 5248 statim
1648 5203 1829 5261 prosequens

79 5284 147 5329 rum
161 5276 354 5344 presentiam.
366 5276 435 5344 Qnae
447 5278 566 5349 quidem
578 5279 637 5337 duo
652 5279 754 5338 beatus
767 5279 923 5354 Gregorius
978 5287 1089 5353 quanta
1099 5280 1136 5338 sit
1146 5279 1256 5338 utilitas
1273 5280 1477 5351 prophetandi,
1491 5286 1520 5337 et
1534 5293 1623 5352 quam
1638 5278 1829 5337 excellentius

80 5412 479 5546 mnfflaffaffmfflhenffl
493 5420 631 5478 menard.
647 5421 837 5480 clarevallem
854 5422 923 5480 abb.
944 5421 1016 5495 quia
1030 5421 1138 5482 scilicet
1155 5437 1215 5480 non
1233 5422 1267 5479 de
1291 5421 1346 5479 tide
1368 5421 1398 5478 iu
1419 5423 1511 5480 haum
1538 5421 1577 5479 ibi
1600 5421 1709 5495 agitur,
1727 5421 1777 5480 sed
1792 5423 1828 5480 de
