3804 5962
764 290 872 347 EPIST.
901 293 971 349 VIII.
1107 329 1112 336 .
1678 292 1734 385 275

79 425 174 484 quam
196 411 340 486 indignos,
374 423 401 473 et
422 428 473 486 per
499 416 554 474 hoc
578 418 699 489 gratiam
725 418 778 476 sibi
802 428 831 477 et
846 419 1055 490 aposuerunt,
1071 418 1129 477 noli
1145 418 1253 477 extolli.
1270 419 1336 477 Esto
1356 418 1386 476 in
1405 417 1462 476 illis
1487 418 1572 492 quasi
1588 432 1668 478 uuus
1697 435 1735 482 ex

79 517 109 558 m
126 503 291 560 humanum
307 505 400 577 magis
419 506 534 564 venari!
556 509 732 567 attendentes
753 512 831 582 quod
886 509 955 581 ipsis
974 510 1064 582 (Eecli.
1090 522 1179 576 xxxn,
1209 505 1271 579 ll.»
1299 507 1335 562 Et
1372 505 1525 576 Apostolus
1550 507 1734 570 Timotheum

79 599 172 648 tmest
190 608 223 648 :«
239 594 339 650 iustus
358 595 437 665 prlor
451 605 603 653 accusator
616 607 657 654 est
674 599 721 655 sui
736 600 828 668 (Proo.
885 614 954 671 erga
968 599 1030 668 snbj
1052 605 1111 654 ctos
1126 596 1294 652 instruens:
1314 615 1325 645 ‹
1340 593 1495 662 Saniorum,
1508 595 1615 668 iuquit,
1639 612 1676 656 ue
1689 599 1733 657 iu·

79 685 131 748 17).
145 701 161 734 a
189 681 266 750 Quos
279 692 376 754 postea
401 700 467 742 cum
489 689 618 743 accusari
642 690 828 762 contingeret,
885 688 1057 758 crepaveris,
1065 686 1112 742 sed
1123 686 1240 742 obsecra
1251 692 1284 740 ut
1293 684 1559 755 patrem;juuiores
1573 695 1607 743 ut
1618 686 1732 758 iratres,

79 771 123 827 eis
150 773 262 828 occasio
295 773 411 830 cedendi
437 775 560 842 offerret,
587 778 830 849 importunissime
885 792 960 834 anns
974 782 1007 834 ut
1022 782 1137 841 matres,
1162 771 1337 844 juvenculas
1360 779 1393 829 ut
1421 786 1533 829 sorores
1557 772 1578 845 (l
1610 777 1678 832 lim.
1701 790 1732 847 v,

80 860 271 918 udentissime
291 878 373 919 suam
390 864 443 921 sibi
460 866 655 935 praelationem
676 869 827 930 detondere
887 865 921 937 l).
941 865 1136 926 N011V08m9·
1156 861 1253 932 iuquit
1269 859 1418 927 Dominus,
1444 860 1579 933 elegistis,
1610 865 1658 920 sed
1679 877 1733 937 ego

79 962 124 1015 ur,
142 964 230 1020 qnam
248 965 277 1006 se
294 951 398 1008 invitos
411 956 568 1024 suscepisse
592 955 664 1012 lictis
681 956 827 1028 lacrymis,
882 954 955 1025 elegi
984 967 1035 1010 vos
1066 952 1158 1023 (loon.
1191 965 1240 1018 xv,
1275 950 1319 1022 16)
1343 948 1475 1007 Universi
1503 950 1550 1006 alii
1576 951 1733 1025 praelatia

79 1039 405 1098 saccusationibussui
432 1052 676 1101 monstraverant.
704 1046 780 1110 Quot
798 1049 827 1106 in
882 1043 1019 1114 subjectis
1041 1042 1201 1113 eliguntur,
1229 1046 1256 1096 et
1284 1039 1320 1096 ah
1349 1039 1390 1096 eis
1413 1046 1550 1097 creantur
1577 1048 1606 1098 et
1625 1041 1734 1100 eoustl-

79 1128 101 1183 is
116 1128 245 1185 vidimus
259 1130 412 1188 canonicos
426 1132 567 1203 episcopis
594 1134 654 1191 sois
681 1136 826 1195 reluctan-
881 1137 1024 1200 luuntur;
1042 1131 1113 1202 quia
1131 1144 1189 1185 non
1218 1130 1254 1186 ad
1279 1128 1445 1194 Dominum,
1471 1128 1519 1186 sed
1536 1128 1571 1186 ad
1598 1130 1731 1189 ministe-

81 1231 110 1272 m
124 1217 163 1273 ab
177 1217 218 1273 eis
235 1219 270 1275 ad
288 1233 383 1277 sacros
405 1221 520 1279 ordines
536 1232 717 1296 cogerentur,
744 1235 771 1282 et
797 1243 827 1285 se
881 1224 958 1280 rium
985 1226 1186 1278 assumuntur.
1214 1219 1264 1274 llic
1292 1224 1389 1274 autern
1405 1217 1483 1274 solus
1516 1232 1584 1275 vere
1604 1226 1647 1277 est
1674 1220 1732 1278 llo-

79 1320 110 1362 ns
132 1307 220 1364 tantis
243 1308 410 1367 ministeriis
429 1311 603 1382 prolitentes,
633 1329 686 1370 nec
709 1317 826 1373 omnino
880 1312 988 1378 minus,
1005 1318 1033 1366 et
1052 1309 1195 1379 subjectos
1218 1307 1272 1363 sihi
1301 1306 1337 1362 ad
1362 1305 1545 1363 serviendum
1570 1308 1656 1366 hahet
1676 1309 1732 1368 eli-

79 1397 270 1467 cquiescere‘?
286 1413 359 1469 quos
384 1415 450 1457 cum
466 1401 537 1458 torte
551 1403 645 1460 clerus
659 1405 694 1460 ad
722 1406 827 1477 episce
881 1417 957 1474 gere.
973 1401 1031 1458 Nec
1043 1407 1139 1455 tamen
1152 1411 1182 1454 se
1203 1397 1365 1466 dominum,
1384 1396 1432 1453 sed
1458 1397 1622 1455 ministrum
1648 1399 1731 1457 exhi·

88 1487 272 1557 postmodum
292 1486 418 1561 eligeret,
440 1490 551 1547 nullam
572 1501 623 1549 aut
649 1494 741 1551 levem
757 1510 825 1566 per·
881 1491 953 1558 buit,
991 1497 1019 1546 et
1047 1503 1115 1544 suos
1137 1488 1197 1559 jam
1223 1485 1258 1542 ad
1280 1485 1428 1558 dignitatis
1451 1500 1546 1543 arcem
1572 1488 1731 1558 aspirantes

101 1583 144 1631 est
173 1577 342 1646 repulsam?
368 1580 468 1651 Etoui
495 1581 568 1648 heri,
598 1582 671 1639 sicut
698 1584 823 1653 aiebant,
881 1579 996 1653 proprio
1007 1577 1136 1635 conlutat
1150 1576 1292 1648 exemplo,
1313 1575 1428 1632 dicens:
1457 1577 1571 1648 «Reges
1599 1577 1730 1649 gentium

100 1679 164 1721 suae
193 1666 356 1736 periculum
385 1669 509 1727 vitanies
537 1672 722 1730 diaconatum
746 1675 826 1731 relu·
880 1669 1067 1727 dominantur
1081 1681 1192 1734 eorum,
1208 1673 1236 1722 et
1252 1665 1484 1736 unipotestatem
1507 1665 1616 1723 habeut
1642 1680 1730 1736 super

79 1761 99 1821 t,
113 1755 175 1825 jam
199 1756 283 1826 quasi
307 1772 367 1813 una
383 1767 465 1816 noete
495 1762 643 1832 justitlcati
664 1764 697 1820 de
724 1764 823 1821 altiore
840 1771 861 1827 R
880 1757 1054 1817 coshenellci
1082 1764 1235 1814 vocantur.
1264 1756 1319 1813 Vos
1351 1763 1448 1813 autern
1477 1770 1537 1812 nou
1564 1755 1605 1813 sie
1619 1757 1728 1826 (llottlt,

79 1844 273 1915 praecipitium
291 1861 347 1903 nou
359 1857 506 1906 verentur.
527 1852 567 1908 De
593 1853 730 1923 qualibus
761 1854 824 1925 quis
877 1865 928 1919 xx,
945 1849 1002 1924 25).
1021 1848 1139 1920 »Reges
1153 1847 1243 1918 igitur
1270 1846 1400 1918 gentium
1426 1845 1566 1913 imitatur,
1595 1845 1730 1919 quisquis

90 1934 163 2004 ipsis
178 1935 317 2006 scripturn
332 1946 373 1994 est
388 1939 823 2001 Proverbiis:‹tt0mostuttus
878 1939 908 1995 iu
923 1937 1060 2010 subjectis
1092 1933 1252 1992 dominium
1276 1933 1384 2006 appetit
1407 1934 1500 2006 magis
1531 1948 1620 2005 quarn
1643 1933 1728 1992 miul-

79 2029 87 2077 t
104 2021 243 2078 manibus
268 2038 335 2080 cnm
355 2027 537 2096 spoponderit
551 2043 601 2100 pro
621 2032 713 2087 arnico
730 2034 820 2100 (Pron.
877 2029 1007 2095 sterium,
1025 2033 1053 2082 et
1072 2023 1165 2081 timeri
1180 2023 1273 2096 magis
1291 2038 1381 2096 quarn
1396 2022 1487 2079 amari
1503 2022 1617 2094 satagit,
1635 2030 1663 2080 et
1692 2021 1728 2080 de

79 2109 138 2180 t).·
162 2110 244 2166 Tunc
262 2112 339 2168 enirn
358 2114 443 2170 miser
459 2116 565 2185 gatrdet
581 2118 658 2173 nnde
682 2120 777 2188 potius
796 2119 822 2176 ei
877 2114 1050 2188 prelationis
1065 2129 1125 2170 suta
1144 2113 1310 2185 magisterio
1339 2113 1533 2170 intumescens
1558 2120 1636 2170 amat
1665 2111 1725 2184 pri·

79 2214 131 2255 um
162 2204 246 2269 esst,
267 2203 385 2258 eumad
402 2203 529 2275 regimen
546 2204 669 2263 aliorurn
703 2209 821 2266 veniens
875 2222 937 2263 tuos
966 2205 1116 2262 recubitus
1148 2204 1178 2260 iu
1199 2203 1298 2271 coenis,
1320 2210 1349 2259 et
1374 2203 1483 2273 primas
1515 2201 1667 2260 cathedras
1695 2199 1726 2260 iu

79 2289 294 2360 subjectorum
317 2292 432 2363 propria
459 2295 634 2364 prolcssione
660 2296 776 2368 ligatur,
804 2313 822 2355 a
875 2295 1039 2367 synagogis,
1055 2301 1083 2349 et
1098 2292 1284 2349 salutationes
1299 2292 1329 2348 in
1346 2290 1416 2360 loro,
1433 2299 1460 2349 et
1483 2291 1582 2348 vocari
1606 2291 1643 2348 ab
1672 2290 1725 2348 ho·

83 2379 182 2450 magis
195 2380 286 2435 amari
302 2395 390 2451 quam
404 2383 497 2439 timeri
513 2385 603 2442 debet.
620 2386 671 2443 Cui
694 2386 820 2457 prolecto
874 2384 1003 2441 minibus
1017 2382 1118 2440 Rabhi.
1145 2381 1235 2453 Cujus
1252 2382 1369 2454 quidem
1387 2380 1546 2439 vocationis
1571 2380 1723 2449 honorem,

79 2467 137 2523 nive
150 2477 296 2539 qnantum
324 2484 476 2541 possumus
491 2475 676 2543 providentes
701 2477 819 2535 omnino
874 2482 908 2531 ut
920 2488 972 2529 nec
984 2471 1151 2529 nominibus
1166 2470 1334 2543 gloriemur,
1359 2478 1387 2528 et
1416 2469 1445 2526 iu
1474 2469 1609 2547 omuibus
1625 2466 1726 2527 humi·

79 2557 177 2624 timus,
196 2573 232 2613 ne
258 2559 408 2617 delicatius
440 2563 715 2621 autmolliusvivat
746 2581 817 2636 proe-
872 2562 945 2620 litati
961 2562 1168 2634 provideatur:
1187 2582 1198 2611 ‹
1217 2560 1275 2618 Vos
1297 2567 1433 2629 autem,·
1459 2558 1557 2630 inquit
1572 2557 1723 2627 Dominus,

79 2659 127 2701 arn
145 2646 297 2717 subjecta:
315 2662 350 2704 ne
361 2650 489 2719 privatos
502 2652 607 2709 haheat
631 2668 759 2711 secessus
782 2656 818 2711 ad
874 2675 888 2703 r<
903 2651 991 2710 nolite
1000 2650 1098 2707 vocari
1111 2649 1214 2717 Rahbi,
1231 2658 1259 2706 et
1274 2656 1385 2720 patrem
1409 2647 1497 2705 nolite
1516 2661 1620 2705 vocare
1635 2660 1724 2719 super

80 2734 236 2791 udumvel
252 2737 466 2809 dormiendum,
483 2741 531 2796 sed
561 2756 628 2798 cum
654 2743 706 2800 sihi
734 2759 816 2800 com-
871 2750 977 2799 terram
1005 2739 1206 2811 (Motibxxtn,
1232 2738 1270 2810 8).
1288 2759 1303 2789 n
1327 2739 1361 2793 Et
1385 2743 1527 2808 postremo
1554 2736 1722 2795 universam

79 2837 160 2895 greg:
187 2832 293 2881 cuneta
322 2836 450 2898 peragat,
482 2837 509 2886 et
526 2838 605 2886 tauto
630 2832 671 2888 eis
692 2833 818 2904 amplius
872 2831 1028 2903 prohibens
1063 2826 1283 2900 gloriationem:
1313 2826 1391 2895 «Qui
1416 2840 1456 2894 se,
1482 2826 1588 2897 inquit,
1609 2826 1723 2884 exalta·

79 2918 124 2987 at,
153 2921 264 2982 quanto
297 2913 337 2970 εἰς
369 2916 494 2987 amplius
536 2932 660 2989 praesens
693 2923 815 2981 assistet
871 2920 943 2977 verit
957 2916 1159 2976 humiliabitur
1174 2917 1265 2986 libid,
1283 2916 1336 2988 tt).
1355 2915 1722 2988 »providendumquoquo

92 3001 214 3070 quidem
236 3001 352 3058 beatum
381 3005 565 3064 benedictum
591 3008 625 3064 de
653 3013 815 3083 peregrinis
870 3017 923 3075 est,
941 3023 976 3065 ne
1000 3021 1051 3079 per
1072 3004 1230 3063 absentiam
1265 3012 1414 3076 pastorum
1435 3019 1505 3078 grex
1533 3005 1719 3076 periclitetur,

78 3089 172 3146 itibus
191 3091 317 3147 manime
341 3092 492 3151 sollicitum
510 3096 583 3167 (cap.
602 3099 656 3169 56),
688 3114 813 3157 mensam
833 3070 854 3128 ο
870 3108 944 3157 etue
959 3098 1084 3170 praelatis
1101 3095 1362 3168 extravagantibus
1386 3093 1466 3152 intus
1480 3093 1632 3164 disciplina
1660 3101 1718 3152 tor·

92 3193 164 3236 cum
193 3179 248 3236 illis
275 3196 403 3239 seorsum
430 3187 621 3243 constituisse.
648 3188 728 3256 Quod
752 3192 816 3249 licet
872 3197 944 3260 peat.
961 3188 1120 3246 statuimus
1144 3186 1290 3256 itaqueut
1314 3184 1477 3242 diaconissa
1506 3184 1600 3255 magis
1630 3183 1718 3255 spiri-

78 3269 165 3325 lesit
194 3271 393 3339 constitutum,
422 3283 519 3344 postea
545 3284 641 3334 tamen
663 3280 816 3337 utilissima
870 3279 977 3337 talibus
1001 3290 1090 3349 quam
1114 3274 1311 3346 corporalibus
1340 3274 1502 3343 intendens,
1532 3273 1613 3332 nulla
1638 3280 1718 3332 exte·

79 3358 206 3414 eriorum
233 3358 443 3430 dispensatione
469 3363 509 3419 ita
545 3374 588 3422 est
616 3368 814 3437 lmmntatnm‚
871 3369 945 3425 riore
959 3380 1030 3424 cura
1044 3364 1250 3421 monasterium
1267 3364 1388 3433 deserat,
1410 3365 1459 3420 scd
1474 3364 1551 3421 circa
1573 3363 1719 3435 subjectas

79 3461 134 3503 sa
154 3455 298 3504 conventu
315 3465 370 3505 nou
382 3453 504 3520 recedat,
521 3461 548 3509 et
561 3455 671 3512 tideicm
700 3457 816 3528 dispen·
870 3464 949 3513 tanto
961 3456 995 3513 sit
1009 3454 1103 3526 magis
1132 3453 1263 3519 sollicita,
1281 3459 1391 3525 quanto
1410 3452 1502 3525 magis
1533 3452 1660 3522 assidue3
1689 3459 1717 3512 et

79 3556 82 3591 t
113 3537 276 3607 peregrinis
308 3540 465 3608 provideat.
508 3544 609 3599 Facilis
643 3547 749 3617 qtrippe
774 3554 815 3604 est
869 3553 949 3603 tanto
970 3545 1006 3602 sit
1035 3543 1200 3601 hominihus
1229 3557 1346 3614 quaque
1371 3541 1523 3612 prasentia
1548 3544 1611 3613 ejus
1626 3556 1716 3600 vene-

79 3624 161 3698 pules
190 3625 297 3695 lapsus,
326 3634 352 3682 et
376 3636 446 3685 tunc
471 3630 628 3702 disciplinae
653 3634 745 3705 magis
774 3642 815 3694 est
869 3634 1124 3704 rabilior,quaut0
1148 3632 1252 3699 rarior,
1281 3631 1356 3689 sicut
1382 3630 1598 3702 scriptumest:
1632 3631 1716 3689 ‹Ad-

79 3714 383 3773 ndumllultietiam
407 3722 556 3778 occasione
582 3724 726 3795 hospitum
759 3725 814 3781 sibi
869 3729 989 3779 vocatus
1017 3720 1207 3791 apoteutiore
1233 3719 1355 3776 diseede.
1382 3720 1427 3776 Ex
1457 3718 1600 3776 hoeeuim
1622 3721 1716 3792 magis

79 3817 160 3874 tuam
182 3803 346 3873 hospitibus
361 3809 475 3877 propitii
493 3819 572 3878 sunt,
602 3819 629 3867 et
648 3812 695 3868 hic
722 3814 814 3869 rnaxt-
869 3821 896 3869 te
911 3810 1062 3867 advocabit
1077 3809 1171 3880 (docti.
1187 3824 1247 3878 xtn,
1269 3809 1322 3877 11).
1334 3829 1348 3859 »
1364 3807 1392 3864 Si
1407 3822 1467 3880 qua
1490 3822 1558 3865 vero
1574 3809 1715 3881 legatione

79 3889 203 3961 spinione
223 3890 371 3948 laeduntnr
401 3896 532 3952 absentes
560 3904 586 3954 et
615 3909 812 3958 murmurant.
868 3899 1075 3957 monasterium
1099 3905 1191 3970 egeat,
1227 3898 1362 3954 monachi
1385 3898 1430 3954 vel
1453 3912 1554 3955 eorum
1582 3899 1714 3956 conversi

79 3993 92 4035 e
118 3978 230 4048 pronti
254 3979 350 4036 minor
366 3985 587 4053 ostendentes,
615 3995 723 4056 quanto
751 3989 814 4060 eius
868 4004 901 4047 ea
928 3990 1097 4060 longantur.
1119 3986 1236 4057 Semper
1265 3986 1343 4044 euim
1378 3987 1456 4043 vicos
1484 3986 1641 4044 mulierum
1664 4000 1713 4043 ue-

79 4074 151 4123 sest
168 4067 259 4139 magis
283 4069 437 4142 incognita.
466 4075 548 4130 Tune
572 4090 688 4145 quoque
718 4076 815 4133 tolera·
868 4076 1091 4135 cessitudinibus
1117 4083 1228 4147 oportet
1261 4075 1421 4147 providere.
1458 4076 1494 4133 Et
1519 4091 1578 4148 quo
1613 4090 1713 4135 earum

79 4154 210 4212 omnihus
238 4158 374 4228 utralibet
403 4161 527 4219 habetur
557 4164 660 4233 inopie,
685 4180 750 4221 curn
776 4166 813 4223 ab
868 4168 960 4239 maior
976 4165 1085 4237 religio,
1107 4163 1233 4236 amplius
1255 4173 1361 4222 vacant
1385 4167 1452 4234 Deo,
1480 4172 1508 4223 et
1522 4165 1624 4239 majori
1636 4165 1714 4225 viro·

79 4258 194 4316 sasque
221 4248 421 4318 participatur,
438 4252 641 4309 maximevcro
665 4268 683 4310 a
711 4255 813 4324 praela-
868 4271 933 4313 rum
946 4262 1030 4326 egent
1046 4254 1215 4326 patrocinio.
1228 4254 1310 4312 Unde
1322 4255 1457 4312 etllatris
1473 4255 1589 4314 Domini
1606 4270 1710 4316 euram

79 4331 143 4389 rtin
158 4337 264 4391 catone
280 4352 398 4407 ottoque
425 4340 590 4398 didicimus.
613 4343 663 4398 llic
693 4344 810 4413 quippe,
827 4370 851 4426 Β
868 4359 952 4418 agere
981 4346 1083 4415 loseph
1111 4344 1147 4401 ah
1172 4343 1274 4416 angelo
1289 4344 1472 4414 admonetur,
1501 4360 1591 4418 quarn
1616 4353 1713 4407 tamen

79 4427 212 4491 tumen,
237 4426 453 4494 populosecum
479 4430 591 4486 sitiente
613 4432 741 4488 oblatum
755 4431 811 4487 sibi
867 4448 1037 4506 cognoscere
1068 4448 1127 4489 nou
1146 4433 1334 4504 permittitur.
1360 4433 1471 4505 Etipse
1487 4435 1628 4494 Dominus
1648 4451 1712 4494 mo·

79 4509 223 4568 taululum
248 4515 358 4586 respuit
372 4525 399 4574 et
414 4517 524 4587 ellrrdit,
552 4520 722 4593 sullecitque
745 4536 811 4577 om·
865 4524 943 4581 ricus
958 4523 1042 4594 euasi
1066 4523 1187 4580 alterum
1208 4523 1301 4580 lilium
1323 4523 1407 4581 matri
1426 4538 1487 4581 suae
1512 4524 1645 4596 providit,
1661 4525 1714 4598 qui

864 4614 927 4684 ejus
955 4610 1141 4683 temporalem
1174 4619 1271 4684 ageret
1299 4627 1411 4670 curam.
1440 4611 1566 4683 Apostoli
1595 4626 1713 4686 quoquo

83 4688 318 4761 igiturpraelatis
338 4696 463 4752 maxime
487 4698 624 4755 sobrietas
643 4701 680 4756 sit
710 4716 810 4760 neces-
845 4695 1004 4773 'quantam
1033 4700 1142 4758 devotis
1174 4715 1273 4758 curam
1299 4701 1497 4773 impenderent
1520 4701 1633 4759 lerninis
1661 4702 1714 4761 du-

79 4784 140 4833 tuto
160 4778 202 4834 cis
215 4780 330 4849 parcius
353 4792 394 4839 est
421 4784 590 4854 vivendum,
621 4797 731 4860 quanto
761 4806 809 4860 per
863 4792 944 4849 bium
960 4799 1082 4859 nonest,
1098 4791 1204 4863 etjam
1219 4790 1288 4848 satis
1307 4791 1377 4847 alihi
1402 4791 1609 4848 meminimus:
1636 4805 1713 4864 qua-

79 4866 136 4923 eris
150 4875 192 4922 est
206 4870 425 4938 providendum.
451 4873 505 4942 Qtri
531 4877 616 4932 etiam
645 4893 681 4934 ne
701 4880 809 4938 donttm
864 4881 1028 4938 rumetiam
1052 4880 1349 4951 obsequiisdiaconos
1377 4887 1484 4951 septem
1512 4876 1710 4940 instituerunt.

79 4961 146 5010 test
170 4956 364 5024 pretationem
389 4960 441 5017 sihi
471 4977 637 5020 concessam
653 4966 681 5021 in
711 4983 809 5038 super·
863 4969 955 5038 Quam
980 4968 1097 5039 quidem
1131 4982 1183 5024 uos
1218 4969 1420 5027 auctoritatem
1447 4977 1609 5041 sequentes,
1649 4969 1712 5042 ipsa

79 5051 233 5111 invertant,
259 5053 286 5102 et
302 5048 428 5105 maxime
448 5052 585 5124 subjectis
615 5070 666 5124 per
692 5056 745 5111 hoe
762 5057 809 5112 in·
862 5059 947 5116 etiam
965 5059 1004 5114 rel
1026 5057 1192 5114 necessitate
1207 5057 1405 5131 hoeexigeute
1441 5058 1631 5129 decrevimus,
1651 5074 1710 5119 mo

89 5133 214 5189 audiant
248 5137 323 5206 quod
361 5139 502 5210 scriptum
534 5151 597 5200 est:
628 5145 719 5202 rh'oli
748 5161 809 5203 esse
864 5148 972 5204 nachos
992 5154 1137 5203 eteorum
1164 5161 1316 5205 conversos
1345 5163 1424 5206 more
1461 5149 1657 5222 apostolorum
1684 5159 1712 5210 et

79 5235 97 5277 o
127 5221 158 5277 iu
183 5221 266 5279 domo
296 5231 355 5293 tna,
376 5236 511 5286 'evertens
539 5232 707 5289 domesticos
732 5242 806 5305 tuos,
863 5235 1050 5291 diaconorum
1084 5232 1114 5288 in
1144 5233 1177 5289 iis
1208 5248 1274 5304 quae
1306 5234 1342 5291 ad
1372 5238 1542 5297 exteriorem
1569 5239 1712 5312 pertinent

80 5311 484 5387 menssuhjectosnbtturctt.
517 5335 554 5388 tv,
584 5325 649 5390 35);
686 5323 808 5380 Odihilis
862 5337 972 5391 curam,
999 5323 1178 5379 monasteriis
1211 5323 1384 5381 laminarum
1419 5328 1579 5397 providere.
1601 5328 1713 5398 Quibus

79 5399 167 5457 leoct
182 5399 350 5460 horninibus
375 5414 416 5461 est
429 5408 565 5476 superbia
594 5413 739 5481 (dcclix,
768 5413 807 5484 7).
864 5412 989 5469 maxime
1017 5419 1129 5483 propter
1154 5412 1256 5469 missas
1282 5414 1435 5472 necessarii
1471 5425 1540 5474 sunt
1566 5421 1711 5495 monachi,

82 5503 173 5547 ucum
197 5491 388 5561 superborum
418 5495 560 5554 destruxit
596 5500 746 5568 Dominus,
781 5508 809 5557 et
864 5508 1081 5573 propteropera
1105 5516 1173 5558 vero
1201 5502 1345 5561 conversi.
1372 5503 1488 5576 Oportet
1511 5505 1610 5579 itaque
1637 5512 1714 5577 aiem

79 5577 139 5636 ecit
161 5578 244 5637 mites
271 5595 321 5651 pro
346 5582 386 5640 eis
411 5584 491 5656 (iboi,
518 5586 570 5659 17).
600 5589 749 5647 Rectorem
782 5597 808 5648 te
862 5589 1047 5648 Alexandriae
1073 5590 1129 5649 suh
1143 5591 1642 5667 llarcoevaugelIstalegimusesso
1671 5608 1715 5672 [ι.
