3804 5962
104 169 158 226 ιιι
372 166 473 224 surm
491 166 678 226 nummum
697 167 773 225 orit.
793 167 884 225 PARS
903 166 954 222 tll.
971 163 1239 225 -vulsohooict
1258 165 1301 223 ΕΤ
1319 163 1583 224 Psilosovlticn.
1799 164 1850 221 M

103 270 177 351 lecto
196 304 263 352 cum
285 289 400 364 adjecit,
420 294 510 362 ipsius
537 292 613 347 titius
639 307 722 349 cuurc
743 309 822 365 quem
840 292 946 363 diligit,
963 291 1039 349 Aah
1053 305 1086 348 eo
1103 295 1154 364 qui
1176 299 1218 349 est
1241 291 1425 349 incontinens
1443 289 1576 349 ducenda
1598 296 1651 358 est,
1671 301 1730 346 non
1755 287 1851 347 solum

104 394 204 439 veram
230 379 336 438 aialsa
360 380 496 438 distinxit
515 380 682 438 amicitiam.
708 381 782 439 Sunt
804 383 882 439 enim
898 381 950 453 qui
1003 388 1121 452 propter
1134 381 1208 438 lilios
1224 381 1278 452 ipsi
1296 378 1485 452 generandos,
1501 389 1605 433 verum
1628 373 1716 432 etiam
1734 389 1771 434 ιι
1785 390 1851 434 eum

105 470 290 528 aliosamare
316 469 465 537 dicuntur,
489 483 678 542 quacumque
703 471 860 528 intentione
879 471 951 528 bene
1003 483 1041 526 ex
1062 468 1252 527 fornicatione
1282 468 1473 525 offendamus.
1510 464 1566 534 Qui
1600 465 1687 521 etiam
1711 479 1779 522 oum
1801 478 1851 537 pro

1890 40 1896 111 l

105 559 156 617 alii
174 573 236 617 esse
261 558 438 616 desiderent.
466 558 605 628 Quicum
625 559 653 616 id
676 573 766 616 causa
786 559 831 616 sui
856 560 951 630 potius
1004 558 1086 614 uobis
1102 558 1288 628 ipsioremus,
1306 565 1357 614 aut
1372 557 1482 628 aliquid
1497 556 1576 627 quod
1588 555 1673 613 nohis
1685 554 1766 626 apud
1780 567 1848 610 eum
1895 612 1898 621 ,

105 661 194 721 quam
219 645 336 705 illorum
362 654 461 719 agant,
488 661 546 704 non
572 643 631 705 tam
658 647 802 704 hominem
826 648 952 719 diligunt
1004 648 1093 716 prosit
1116 647 1267 715 edicimus,
1296 648 1359 717 ipsa
1382 648 1445 718 ejus
1467 647 1554 704 etiam
1579 646 1709 703 charitas
1735 643 1772 700 ad
1798 642 1852 700 hoc

105 750 195 810 quam
210 735 357 794 iortunam
375 735 439 807 ejus
454 743 631 808 sequuntur,
646 749 699 792 nec
718 743 777 793 tam
801 737 952 794 commoda
1005 734 1219 804 uosoompellit,
1236 748 1285 806 per
1306 749 1372 807 quse
1387 735 1422 791 ad
1438 750 1516 804 eum,
1532 749 1620 807 quem
1644 747 1732 805 super
1753 732 1851 790 omnia

105 823 198 897 ipsius
219 836 309 895 ouem
325 836 379 879 sua
401 823 431 879 in
450 823 501 880 illo
524 832 679 891 vertantur,
699 837 752 881 nec
768 824 823 882 tole
837 825 950 882 deside·
1006 821 1165 892 diligimus,
1188 823 1337 892 pervenire
1351 824 1496 894 cupimus.
1526 824 1572 880 Sic
1586 831 1614 880 et
1633 830 1738 879 catera
1752 819 1850 878 omnia

105 913 184 972 rium
198 918 257 968 tani
272 911 412 979 charitas,
432 912 461 968 id
476 919 518 968 est
533 925 614 969 amor
631 913 780 982 honestus,
797 921 830 970 ut
843 914 954 971 dictum
1006 918 1123 981 propter
1137 913 1232 981 ipsum
1248 911 1378 968 iacienda
1404 921 1482 982 sunt,
1506 913 1640 984 alioquin
1661 911 1698 968 ab
1715 910 1776 980 ipso
1789 907 1853 966 iru-

105 1009 160 1069 est,
168 1013 258 1073 quem
267 999 422 1071 cupiditas,
441 1000 523 1058 idest
538 1000 843 1059 amorinhonestusac
858 1003 954 1072 turpis
1006 1007 1066 1056 stru
1081 1001 1346 1057 remunerationem
1360 1010 1604 1072 exspectaremus,
1621 1000 1646 1057 si
1665 1013 1700 1057 ca
1710 1011 1777 1071 qum
1789 997 1848 1070 agi-

106 1097 149 1151 est
161 1089 327 1148 dicendum.
1007 1101 1073 1144 mus
1087 1094 1203 1159 propter
1218 1089 1311 1159 ipsum
1333 1104 1391 1147 ιιι
1407 1105 1569 1163 ageremus.
1596 1088 1678 1159 Quod
1698 1087 1853 1159 diligenter

109 1243 112 1251 ,
141 1179 195 1238 ltla
207 1178 318 1251 quippe
330 1191 412 1236 amor
429 1178 490 1247 liei,
508 1179 568 1236 hec
589 1193 671 1238 emor
685 1180 781 1238 saeculi
803 1194 953 1251 nuncupa·
1007 1175 1163 1247 Apostolus
1177 1178 1336 1245 attendens,
1355 1179 1385 1234 in
1398 1181 1409 1234 l
1423 1181 1460 1236 ad
1480 1180 1642 1236 Corinthios
1665 1175 1797 1248 Epistola
1811 1173 1852 1230 di·

106 1268 413 1341 tur,quieperillum
428 1269 484 1327 Deo
499 1270 680 1341 copulamur,
698 1283 749 1342 per
764 1271 852 1328 istum
867 1284 955 1328 mun·
1006 1265 1064 1322 cit:
1089 1266 1153 1323 Sive
1168 1282 1232 1335 crgo
1255 1267 1440 1337 munducetis,
1476 1273 1532 1325 sioe
1558 1268 1637 1324 atiud
1656 1267 1725 1338 guid
1748 1266 1855 1334 Ιιιιιιι,

107 1357 192 1417 danis
203 1370 392 1430 occupamur
406 1357 493 1428 curis,
507 1365 535 1415 et
552 1359 675 1416 terrenis
698 1359 882 1418 deservimus
906 1360 953 1416 de·
1008 1353 1101 1410 omnio
1115 1359 1145 1410 ιι
1159 1356 1277 1424 gtorr'om
1290 1360 1340 1412 Dei
1352 1359 1438 1426 [acite
1453 1358 1478 1430 (Ι
1496 1359 1557 1416 cor.
1574 1372 1606 1427 x,
1622 1356 1680 1430 ιι).

107 1446 230 1506 sideriis.
243 1447 280 1505 Et
305 1460 356 1518 per
378 1445 463 1504 illum
486 1448 603 1519 quidem
624 1462 691 1520 qum
711 1448 763 1506 bei
782 1457 852 1506 sunt
873 1462 955 1507 cura·
1281 1480 1284 1487 =
1415 1449 1450 1504 ll.

107 1549 186 1607 mus,
201 1549 253 1607 per
272 1535 360 1593 istum
375 1550 442 1608 quse
458 1545 556 1595 nostra
574 1545 644 1595 sunt
658 1538 856 1610 providemus.
873 1539 954 1594 Elin
1047 1533 1265 1591 Sacramentum
1280 1549 1348 1592 veru
1366 1544 1408 1594 est
1422 1536 1538 1593 visibile
1560 1537 1678 1608 signum
1701 1530 1856 1591 invisibilis

108 1624 157 1684 illo
170 1623 238 1683 linis
255 1633 298 1682 est
318 1626 405 1695 Deus,
428 1625 511 1683 idest
529 1626 624 1684 finalis
647 1635 676 1684 et
696 1640 832 1697 suprema
854 1640 954 1694 causa,
1011 1621 1112 1694 gratia
1127 1623 1196 1679 liei:
1213 1623 1303 1680 veluti
1318 1640 1384 1682 cum
1395 1628 1463 1697 quis
1474 1625 1718 1697 baptizatur,ipsa
1732 1621 1858 1680 exterior

109 1714 147 1773 ad
161 1727 248 1786 quem
263 1720 361 1772 nostra
376 1713 516 1787 dirigitur
537 1715 669 1786 intentio,
690 1716 808 1788 quando
825 1715 957 1773 videlieet
1011 1710 1121 1767 ablutio
1149 1711 1286 1781 corporis.
1304 1726 1393 1783 quem
1415 1712 1556 1777 videmus,
1574 1712 1693 1785 siguum
1715 1716 1760 1769 ost
1786 1709 1856 1767 inlo-

109 1809 169 1862 tam
185 1803 281 1875 ipsum
290 1816 378 1876 quam
391 1803 560 1874 proximum
570 1803 719 1878 diligimus
731 1812 845 1876 propter
860 1805 957 1876 ipsum
1010 1796 1095 1855 rioris
1118 1796 1277 1855 ablutionis
1301 1801 1416 1868 animae,
1436 1815 1504 1858 cum
1523 1802 1562 1858 ita
1586 1798 1707 1857 interior
1731 1797 1819 1855 homo
1841 1810 1858 1853 a

109 1901 164 1949 uec
177 1894 238 1946 tam
247 1896 376 1946 nostram
389 1901 481 1959 quem
492 1888 584 1960 ipsius
597 1890 749 1961 sequimur
765 1890 956 1949 voluntatem.
1011 1884 1137 1956 peccetis
1160 1887 1332 1955 mundatur,
1360 1888 1436 1947 sicut
1461 1889 1591 1948 citerior
1618 1903 1636 1946 a
1659 1886 1858 1959 corporalibus

109 1978 142 2036 ln
163 1977 217 2036 isto
236 1986 332 2036 autem
348 1976 402 2050 ipsi
417 1978 606 2051 nosmetipsos
632 1979 718 2037 linem
739 1981 956 2049 constituimus,
1011 1975 1154 2032 sordibus.
1170 1974 1255 2032 Nunc
1269 1984 1366 2034 autem
1388 1978 1481 2036 tribus
1495 1992 1586 2049 supra
1608 1976 1708 2049 positis
1732 1976 1856 2034 breviter

111 2066 221 2140 quihus
235 2068 304 2125 satis
318 2075 359 2126 est
380 2067 404 2124 si
425 2067 568 2126 desideria
591 2075 690 2126 nostra
711 2069 907 2141 compleamus
930 2079 957 2127 et
1011 2063 1167 2135 assignatis
1183 2072 1271 2136 atque
1285 2066 1445 2137 descriptis,
1461 2068 1570 2125 ιιίιίθθι
1595 2065 1659 2135 ιιῦθι
1678 2066 1860 2123 θιιιίῑιῑθθι

110 2156 255 2214 voluntati
282 2166 387 2215 uostrae
415 2171 579 2229 pareamus.
616 2158 723 2223 Quales
750 2166 778 2215 et
804 2159 957 2230 Apostolus
1012 2159 1201 2222 sacramento,
1231 2153 1265 2209 de
1289 2154 1412 2227 singulis
1436 2154 1605 2227 diligentius
1634 2161 1677 2211 est
1701 2152 1858 2227 egendum,

112 2245 285 2318 previdens,
313 2249 414 2313 Erunt,
436 2247 544 2318 inquit,
567 2248 686 2303 homitias
711 2252 810 2319 seipsos
836 2254 957 2304 amantes
1013 2249 1159 2314 quantum
1179 2245 1301 2314 pertinet
1320 2246 1354 2300 ad
1371 2246 1545 2316 propositam
1567 2245 1703 2302 humanm
1726 2243 1859 2301 salvatio·

112 2332 153 2405 (ll
167 2336 237 2389 Tim.
263 2348 308 2404 ιιι,
332 2335 371 2406 ι),
397 2335 450 2393 ιιι
469 2343 520 2404 ιιι,
538 2335 568 2392 ιι
590 2350 619 2392 se
635 2336 731 2408 potius
751 2351 839 2409 qnam
855 2339 959 2396 inlice
1013 2331 1060 2389 nis
1080 2345 1243 2388 summam:
1263 2333 1340 2389 etde
1363 2333 1410 2390 bis
1436 2348 1503 2405 qum
1528 2333 1670 2405 praecipue
1696 2331 1857 2406 majoribus

113 2421 162 2481 ιιι
180 2422 287 2479 amoris
309 2422 398 2491 ,linem
422 2425 640 2483 constituentes.
667 2428 740 2484 Cum
765 2428 840 2484 enim
861 2428 957 2499 proxi·
1013 2420 1155 2493 implicita
1166 2422 1375 2493 questionibus
1390 2424 1533 2480 videntur.
1549 2424 1591 2481 Ac
1607 2422 1735 2494 primum
1747 2422 1783 2480 do
1795 2420 1857 2493 lide,

113 2524 195 2571 utum
209 2518 351 2585 unquam
371 2527 424 2571 nos
446 2512 520 2586 ipsos
540 2528 638 2572 amare
657 2515 826 2588 iubeamur,
850 2532 959 2590 nequa·
1016 2526 1081 2583 ιιι
1105 2512 1277 2569 naturaliter
1299 2513 1411 2570 coeteris
1435 2512 1513 2584 prior
1526 2521 1580 2581 ιιι,
1604 2520 1747 2584 tanquam
1774 2511 1860 2570 bono·

115 2614 205 2675 quam
216 2615 371 2674 peccamus
384 2617 436 2661 nos
454 2605 579 2663 amando
590 2621 600 2678 ;
611 2606 659 2663 sed
673 2607 791 2674 amoris,
803 2614 836 2664 ut
849 2608 961 2665 dictum
1016 2614 1084 2659 rum
1107 2602 1238 2659 omnium
1271 2599 1507 2675 tundamentum.
1520 2594 1522 2596 ’
1537 2601 1611 2668 Quid
1631 2600 1709 2658 onim
1739 2599 1859 2672 Solimi,

114 2691 269 2762 est,dnem
288 2692 318 2749 in
340 2692 425 2750 nobis
445 2692 620 2752 collocando.
642 2696 678 2753 Ει
696 2698 870 2753 eumnostri
888 2712 962 2769 quo·
1015 2689 1061 2746 vel
1084 2698 1232 2760 speratum
1260 2690 1354 2747 amari
1385 2698 1486 2762 potest,
1518 2690 1572 2748 nisi
1597 2690 1680 2762 prius
1704 2688 1862 2748 credatur?

115 2795 174 2855 que
188 2781 265 2840 sicut
277 2789 304 2840 et
319 2783 446 2855 proximi
462 2797 562 2845 euram
586 2784 617 2842 in
632 2786 800 2844 necessariis
815 2799 902 2859 agere
917 2787 963 2844 dc-
1016 2778 1095 2835 θιθιιῑ
1111 2787 1207 2836 autem
1223 2787 1324 2851 potest,
1340 2779 1363 2836 si
1379 2794 1437 2837 11⁰ss
1452 2788 1584 2851 ιιθιιῑῑιΐ
1598 2780 1642 2837 Vel
1664 2777 1805 2836 ametur?
1819 2777 1862 2836 Εἰ

118 2869 249 2942 beamus,
273 2872 415 2931 nonnulla
439 2882 555 2946 propter
582 2876 773 2948 nosmetipsos
803 2890 889 2950 agere
911 2890 963 2933 nos
979 2880 1001 2939 c
1018 2867 1074 2926 lide
1090 2867 1189 2940 itaque
1210 2882 1275 2939 spes
1293 2869 1433 2938 nascitur,
1455 2884 1521 2927 cum
1547 2869 1624 2942 quod
1648 2868 1795 2926 eredimus
1816 2866 1862 2926 bo

118 2968 239 3033 oportet,
256 2968 325 3018 utet
335 2975 387 3019 nos
399 2975 502 3019 eorum
517 2976 584 3034 quae
598 2963 715 3036 agimus
726 2977 813 3020 causa
829 2963 963 3035 quedam
1018 2972 1090 3015 num
1105 2971 1158 3014 nos
1169 2958 1325 3029 adepturos
1342 2972 1403 3016 esse
1419 2973 1469 3031 per
1484 2959 1534 3017 Dei
1552 2958 1782 3017 misericordiam
1797 2971 1860 3015 con·

117 3051 299 3120 existamus3
320 3052 500 3124 seducunt
516 3051 694 3121 dictumest,
721 3053 796 3120 linis,
815 3053 843 3109 id
859 3061 900 3110 ιιι
915 3068 962 3111 su·
1018 3046 1147 3103 fidimus·
1168 3047 1249 3104 Uodo
1273 3049 1440 3118 Apostolus:
1462 3049 1553 3119 Fides,
1575 3047 1680 3120 inquit,
1697 3051 1737 3103 ιιι
1750 3062 1862 3119 spuun-

118 3131 254 3213 perioret
269 3153 404 3213 suprema
427 3140 524 3209 causa,¹
548 3155 615 3213 oure
638 3142 714 3198 Deus
728 3148 779 3199 est.
797 3143 963 3214 llocipsum
1018 3138 1118 3193 dorum
1131 3151 1222 3193 rerum
1244 3139 1411 3208 substantio,
1438 3144 1628 3211 argumentum
1651 3153 1706 3195 oon
1722 3153 1863 3211 appareo·

119 3230 227 3303 quippe
248 3230 327 3302 quod
352 3243 405 3301 pro
425 3230 508 3287 nobis
529 3231 669 3303 gerimus,
685 3232 710 3287 si
732 3241 805 3289 recte
830 3246 963 3305 agamus,
1019 3229 1086 3283 tium
1102 3225 1196 3298 (Hebe.
1223 3241 1265 3295 xv,
1293 3229 1329 3300 l).
1353 3229 1516 3285 Substantia
1539 3229 1741 3300 sperandorum
1762 3243 1862 3297 reum,

119 3327 237 3392 propter
251 3319 343 3375 Deum
361 3318 491 3389 lecimus,
507 3321 556 3378 cui
572 3319 626 3377 hoc
641 3320 753 3393 plaeere
768 3320 922 3389 credimus,
936 3330 964 3379 et
1018 3317 1126 3375 hocest
1150 3317 1373 3375 lundamentum
1396 3327 1423 3376 ιι
1441 3320 1533 3393 origo,
1563 3320 1641 3377 unde
1662 3318 1697 3375 ad
1721 3316 1864 3390 speranda

118 3408 183 3481 ejus
197 3406 310 3464 dilectio
328 3415 434 3466 nostrae
448 3423 536 3466 carisa
548 3417 602 3478 est,
613 3417 646 3468 ut
660 3424 712 3468 nos
722 3426 839 3485 quoque
849 3419 965 3483 propter
1018 3406 1122 3479 aliqua.
1133 3406 1331 3478 perducimur,
1351 3408 1494 3465 credendo
1503 3408 1635 3466 videlicet
1649 3407 1730 3479 prius
1745 3420 1781 3464 ιι
1795 3418 1863 3474 toll·

120 3494 227 3568 ipsum,
246 3508 306 3553 non
333 3509 401 3553 eum
423 3504 540 3569 propter
558 3512 610 3555 nos
641 3498 806 3572 diligamus.
823 3501 964 3574 Alioquin
1018 3503 1052 3553 nt
1073 3497 1254 3568 postmodum
1282 3511 1441 3568 speremus.
1469 3499 1670 3568 Argumentum
1692 3513 1749 3553 aon
1773 3511 1862 3569 oppo-

120 3597 253 3658 perverse
266 3593 383 3658 agentes
393 3584 423 3643 in
433 3586 516 3644 nobis
526 3587 621 3659 potius
634 3603 722 3660 quam
739 3590 843 3663 inipso
859 3598 964 3649 nostrae
1017 3588 1147 3658 rentium,
1167 3586 1220 3644 hoc
1234 3593 1277 3643 ιιι
1297 3587 1427 3658 probatio
1442 3589 1518 3659 qnod
1542 3588 1598 3645 sint
1619 3587 1720 3659 aliqua
1732 3601 1794 3643 nou
1816 3599 1863 3657 ap·

119 3671 282 3731 dilectionis
297 3673 382 3731 linem
397 3675 646 3734 constitueremus.
667 3679 749 3735 lunc
764 3693 831 3737 vero
849 3688 965 3752 propter
1018 3676 1157 3749 parentia.
1192 3675 1265 3744 Quia
1298 3677 1375 3733 enim
1408 3691 1492 3734 nemo
1524 3677 1608 3735 sidem
1642 3690 1704 3734 esse
1739 3674 1862 3741 dubitet,

121 3762 216 3835 ipsum
230 3769 290 3821 tam
312 3766 488 3836 nometipsos
510 3780 599 3838 quam
625 3767 788 3837 proximum
804 3769 962 3844 diligimus,
1017 3772 1128 3839 oportet
1141 3779 1178 3822 ex
1193 3766 1247 3823 hoc
1260 3773 1294 3823 ut
1318 3765 1422 3838 alique
1443 3780 1501 3824 non
1526 3765 1697 3838 apparentia
1718 3779 1782 3824 esse
1802 3777 1865 3823 eon·

119 3865 187 3912 cum
199 3849 263 3910 ideo
288 3867 341 3910 nos
360 3866 502 3924 amamus,
530 3853 670 3928 quiahoc
688 3859 713 3915 ei
735 3859 882 3916 credimus
903 3858 963 3931 pla·
1018 3856 1110 3927 cedet,
1130 3870 1196 3913 cum
1213 3855 1290 3922 tides,
1303 3862 1337 3911 ut
1350 3856 1459 3913 dictum
1472 3863 1522 3925 est,
1541 3856 1656 3929 proprie
1670 3869 1728 3912 non
1752 3854 1866 3913 dicatur

121 3955 195 4010 cero,
224 3955 283 4000 non
306 3942 378 4016 quia
405 3943 488 4002 uobis
520 3945 590 4002 utile
610 3945 678 4016 lore,
708 3946 774 4004 licet
803 3947 832 4004 id
856 3955 965 4006 constet
1019 3943 1075 4001 nisi
1089 3944 1182 4002 dehis
1200 3958 1266 4018 qum
1280 3944 1411 4002 nondum
1426 3952 1576 4018 apparent.
1599 3944 1779 4016 Undejuxta
1793 3946 1866 4017 Apo·

121 4029 224 4089 inutile
242 4030 326 4089 nobls
340 4045 401 4090 esse
415 4046 473 4090 non
490 4047 580 4105 posse.
600 4033 676 4092 Nihil
692 4034 783 4108 igitur
806 4038 964 4095 amandum
1019 4034 1135 4103 stolum,
1152 4048 1217 4091 cum
1238 4048 1317 4091 nunc
1328 4034 1384 4091 tria
1405 4048 1521 4091 manere
1545 4034 1691 4103 dicantur,
1717 4033 1791 4091 fides
1814 4031 1865 4091 sci·

119 4125 173 4188 est,
193 4118 268 4178 nihil
284 4120 402 4178 omnino
416 4119 580 4179 laciendum
598 4123 654 4180 nisi
675 4132 791 4196 propter
812 4126 913 4194 Deum,
930 4133 963 4184 ut
1019 4121 1094 4193 licet,
1116 4137 1190 4194 spes,
1213 4123 1340 4180 charitas
1355 4123 1381 4194 (l
1402 4123 1462 4181 dor.
1482 4137 1544 4192 xm,
1568 4125 1625 4195 ll),
1655 4122 1716 4180 sola
1739 4121 1866 4180 charitas

118 4208 150 4266 ιι
173 4208 231 4266 [ιιι
251 4208 338 4267 linem
358 4209 490 4266 omnium
520 4213 741 4271 constituamus.
764 4216 844 4273 Unde
857 4223 885 4272 ct
903 4216 962 4288 ipsa
993 4183 1169 4285 'nunquam
1188 4211 1295 4269 excidit
1319 4210 1410 4283 (ibid,
1428 4211 1466 4284 8),
1484 4211 1589 4269 tamin
1613 4211 1667 4269 hoc
1690 4210 1801 4270 scilieet
1815 4224 1864 4269 ιι

119 4304 207 4354 ectu
222 4297 338 4368 dicitur,
359 4299 413 4357 hoc
444 4306 487 4356 est
509 4301 683 4373 principium
703 4310 730 4359 et
754 4303 829 4361 finis.
853 4304 962 4363 Princi-
1020 4302 1227 4375 culoquamin
1250 4301 1307 4358 alio
1323 4301 1423 4358 luturo
1450 4308 1679 4374 perseveratura.
1700 4301 1745 4358 Ex
1767 4307 1865 4375 quoet

119 4388 202 4461 pium
218 4387 336 4462 quidem
358 4402 528 4459 supremum
543 4404 561 4446 a
575 4405 633 4463 quo
653 4392 766 4462 omnia;
785 4392 861 4463 finis,
879 4394 907 4451 id
922 4401 964 4454 est
1018 4390 1119 4449 merito
1140 4391 1233 4462 major
1254 4389 1361 4447 dicitur
1387 4396 1446 4447 tam
1468 4389 1608 4463 dignitate
1633 4389 1865 4461 perseverantia,

119 4475 254 4535 finaliset
272 4490 521 4548 supremaeausa‚
539 4487 655 4552 propter
670 4495 757 4553 quem
782 4483 889 4539 omnia.
909 4484 963 4541 Nc·
1016 4494 1106 4553 quam
1131 4479 1375 4537 remunerationis
1405 4479 1518 4548 debito;
1543 4494 1611 4537 cum
1637 4479 1699 4550 ipsa
1734 4477 1866 4537 videlicet

118 4579 177 4638 que
198 4565 276 4623 euim
297 4567 455 4637 comedere,
470 4581 524 4625 nec
544 4569 678 4637 dormire,
698 4584 751 4628 nec
771 4584 894 4629 uxorem
908 4572 963 4631 du·
1016 4570 1087 4639 sola,
1105 4577 1138 4626 ut
1161 4568 1298 4639 arbitror,
1320 4568 1555 4627 remuneratione
1576 4568 1612 4625 ιιι
1632 4568 1734 4640 digna.
1754 4565 1866 4640 Siquis

117 4669 190 4725 cere,
207 4656 391 4713 necomnino
406 4654 486 4714 aliud
514 4657 607 4715 lacere
641 4658 698 4716 nisi
720 4667 837 4732 propter
867 4662 961 4733 ipsum
1016 4667 1111 4718 auum
1134 4658 1168 4716 de
1182 4658 1389 4730 apparentibus
1410 4671 1526 4729 quoque
1544 4656 1629 4715 iidem
1651 4655 1753 4714 haberi
1773 4656 1861 4724 dicat,

118 4745 266 4804 debemus.
292 4745 428 4818 Alioquin
458 4745 617 4805 bestialiter
649 4749 825 4817 viveremus,
857 4752 962 4809 nostris
1015 4750 1103 4807 fldem
1124 4747 1243 4806 abusive
1263 4747 1401 4804 nominat.
1420 4746 1575 4818 lleperitur
1601 4750 1697 4803 tamen
1723 4743 1866 4803 ildesdici

117 4842 232 4894 tantum
246 4834 445 4907 voluptatibus
459 4835 556 4893 dediti.
571 4835 724 4894 comedere
738 4843 834 4895 autem
848 4847 963 4910 propter
1016 4840 1051 4897 de
1065 4837 1271 4912 apparentibus
1285 4850 1413 4910 quoquc,
1433 4835 1509 4894 sicut
1524 4836 1557 4894 de
1573 4849 1632 4893 non
1643 4833 1863 4906 apparentibus.

117 4925 213 4998 ipsum
221 4925 368 4993 debemus,
380 4924 433 4982 hoc
442 4938 501 4982 uno
510 4924 774 4998 saltemutoorpori
786 4930 863 4999 quod
874 4944 961 4988 suum
1015 4928 1054 4985 lte
1068 4936 1193 5000 utroque
1209 4934 1305 4984 autem
1328 4927 1460 4997 exempta
1476 4940 1534 4997 prae
1557 4925 1695 4984 manibus
1710 4924 1864 4994 habentus,

116 5021 169 5082 est,
189 5027 224 5071 ac
242 5013 325 5072 nobis
343 5013 540 5083 commissum,
561 5014 724 5072 necessarie
747 5016 958 5089 impendamus,
1014 5016 1182 5091 Gregorius,
1196 5014 1316 5072 homilia
1332 5027 1371 5083 vr,
1387 5015 1436 5073 lib.
1454 5030 1473 5072 ιι
1487 5015 1517 5071 ιι
1531 5015 1689 5086 Evangelia
1702 5012 1781 5089 (ld):
1799 5014 1865 5073 ιἰιιι

116 5102 224 5176 quibus
248 5103 278 5160 in
310 5103 373 5176 ejus
401 5102 540 5176 obsequio
568 5109 754 5162 sustentetur.
781 5104 919 5164 Similiter
932 5113 960 5164 et
1013 5107 1161 5178 Apostolus
1190 5106 1285 5162 dicet:
1322 5127 1336 5156 ι
1362 5108 1411 5161 ιιι
1447 5105 1514 5176 ιιι
1541 5103 1742 5176 sperandorum
1774 5119 1866 5162 rerum

116 5190 285 5250 dormiendo
303 5191 397 5262 ipsum
417 5192 533 5250 reficere
546 5191 695 5263 debemus,
712 5199 743 5252 ut
758 5195 880 5268 vigilare
892 5208 960 5253 cum
1013 5195 1177 5265 substantie,
1203 5202 1257 5253 etc.
1280 5215 1294 5244 u
1318 5194 1410 5269 (licor.
1427 5208 1470 5262 nr,
1496 5193 1531 5264 ι).
1559 5195 1684 5262 Profecto
1699 5196 1787 5265 liquet
1800 5197 1867 5268 quio

115 5285 226 5350 oportet
254 5279 284 5338 ιι
305 5280 369 5355 elus
392 5280 533 5355 obsequio
560 5281 720 5341 valeamus.
751 5282 957 5358 Uxorqnuque
1013 5285 1081 5358 pdes
1104 5285 1218 5342 illorum
1237 5299 1329 5342 ιιιιιιι
1346 5288 1538 5357 argumentum
1562 5288 1612 5354 ιιι,
1641 5299 1702 5356 que
1727 5299 1866 5358 apparere

150 5455 208 5531 (ιι)
224 5456 328 5519 rauel.
342 5464 411 5517 tom.
426 5457 545 5532 txxttt,
560 5461 616 5519 col.
631 5461 710 5521 tuot.
