3804 5962
127 121 180 173 ⁴259
571 110 687 178 retunt
707 107 897 163 AtteulAttbt
918 106 993 159 OPP.
1017 105 1105 160 Patts
1126 107 1146 160 1.
1168 137 1201 144 -
1222 106 1408 163 Eptsrttblu.
1821 120 1894 191 aba,

128 243 225 300 diceus
243 255 277 294 :a
307 237 334 291 st
361 235 426 307 quis
454 236 517 290 vult
547 242 607 303 pest
625 248 669 288 me
698 231 815 298 venire,
849 230 1169 300 abnegetAmonacbi.
1188 232 1286 287 »Plus
1315 233 1422 302 quippe
1449 247 1508 289 esse
1536 243 1646 293 constat
1674 238 1785 295 guenti„
1812 248 1894 297 sm„

127 330 331 399 semetipsum,
359 333 385 381 et
421 324 498 380 tollat
524 337 636 378 crucem
670 334 777 388 suam,
812 326 838 375 et
867 333 971 388 sequa·
1024 318 1193 393 derequam
1207 322 1354 378 silentium
1370 322 1486 378 babere.
1504 324 1553 379 Est
1567 325 1643 380 enim
1668 327 1796 384 studium
1821 344 1894 397 ve-¹

128 429 176 477 tur
202 432 247 473 me
270 419 348 484 (Lut-
373 429 413 482 tx,
442 413 532 483 att.»
564 411 608 466 35⁰
636 409 713 465 essim
744 408 971 478 propinquantes
1024 409 1142 466 bernaus
1158 411 1310 481 applicatio
1322 411 1411 466 animi
1427 411 1462 467 ad
1474 411 1583 483 aliquid
1600 417 1894 495 gerendumMulta,

127 517 189 580 post
203 521 270 563 eum
295 505 428 560 venimus
445 543 452 568 ,
468 501 522 556 boc
547 508 587 554 est
603 512 668 553 eum
684 497 809 553 martiane
832 496 970 552 imitando
1024 514 1092 556 vero
1119 500 1298 572 negligenter
1317 499 1430 570 agimus
1453 500 1499 556 vel
1516 501 1619 570 inviti,
1640 505 1688 560 sed
1710 505 1791 562 natta
1813 515 1872 564 stu.

127 596 287 667 sequimur,
310 593 359 663 qui
385 592 423 646 ati
445 608 454 644 ·‘
475 608 488 641 e
508 588 570 644 N0¹1
592 589 657 642 veni
679 587 771 642 fatere
792 586 969 642 voluntalem
1023 588 1100 646 diose
1115 589 1169 645 uisi
1196 589 1321 645 volentes
1341 588 1383 644 vel
1408 587 1519 645 intenti.
1537 589 1684 656 Quantum
1711 609 1778 651 vcro
1794 596 1871 652 diiii-

100 688 104 695 ’
126 700 229 751 metm,
246 683 293 739 sed
321 680 451 751 ejusqui
475 678 551 733 misit
573 691 617 732 ¹1¹⁰
641 678 727 746 (Mtt-
755 689 793 741 Vb
815 672 901 745 38l·’
929 667 977 730 At¹
1024 678 1076 734 cile
1092 678 1186 734 sitvel
1209 677 1278 734 utile
1294 675 1426 749 linguam
1449 677 1604 741 refrenare.
1624 683 1769 752 apostolus
1790 685 1870 741 Jaco-

125 776 147 832 si
179 775 308 829 diceret:
335 771 445 825 cuneta
474 781 522 836 por
544 764 738 820 obedientiam
765 777 861 834 agere.
895 752 969 829 Quid
1023 767 1079 824 bus
1102 767 1254 838 diligenter
1276 768 1436 836 attendens,
1452 768 1509 823 ait:
1529 789 1540 819 ι
1560 772 1594 825 lu
1617 771 1714 828 multis
1736 774 1812 831 enim
1827 776 1868 831 ot.

124 864 211 930 enim,
233 884 243 911 t
263 861 384 930 abneget
411 856 607 925 senretipsum,
626 874 636 901 ›
668 852 723 907 nisi
747 850 877 907 carnales
898 849 968 906 alie·
1024 857 1168 913 tendimus
1180 870 1287 912 omnes.
1306 856 1416 926 siquis
1435 856 1463 912 in
1489 858 1577 914 verbo
1593 873 1652 919 uon
1666 860 1783 918 ollendit
1799 906 1806 930 ,
1823 864 1869 920 bie

123 955 231 1010 ctioues
268 948 472 1020 propriamque
499 944 675 999 voluntatem
711 949 902 1011 postponere,
942 948 969 996 et
1023 946 1166 1017 perlectus
1189 945 1291 1001 estatis
1310 944 1378 1017 (rac,
1409 961 1449 1012 ur,
1472 947 1635 1017 2)‚,1d9m
1661 949 1869 1008 ita3„0mms

124 1044 226 1102 aliem).
248 1053 305 1095 non
332 1052 383 1093 suo
405 1034 563 1106 regendum
577 1031 695 1087 arbitrio
711 1045 740 1086 se
763 1030 936 1085 committere
955 1029 969 1083 i
1023 1045 1128 1094 natura
1146 1035 1303 1091 bestiarum
1322 1077 1328 1102 ‚
1344 1042 1372 1090 et
1391 1035 1542 1093 volucrum
1559 1079 1567 1104 ,
1584 1045 1612 1094 et
1629 1047 1794 1109 serpentum
1812 1084 1819 1110 ,
1840 1050 1868 1098 et

124 1133 159 1188 Et
180 1131 220 1186 Sit*
240 1127 364 1199 lli⁰f⁰⁰¹0
386 1137 500 1180 Crucem
529 1135 611 1177 ΜΠ]
635 1134 692 1175 11⁰ss
708 1119 744 1175 ab
759 1117 814 1174 ³¹5⁰
838 1117 966 1188 suscipit,
1021 1136 1190 1185 caeterorum
1205 1167 1212 1193 ,
1229 1126 1393 1194 domantur,
1407 1134 1434 1183 et
1455 1127 1561 1184 domita
1577 1138 1673 1186 sunta
1688 1140 1793 1189 natura
1807 1133 1866 1190 ltu-

124 1220 172 1276 sed
199 1220 316 1289 ipsemet
350 1214 423 1271 tollit
441 1228 449 1282 ;
469 1225 520 1282 per
548 1223 637 1280 quarn
663 1208 768 1263 scilicet
789 1207 814 1263 ei
840 1207 967 1264 mundus
1022 1232 1108 1274 mana
1138 1215 1230 1289 (ibid,
1253 1216 1323 1286 7).»
1347 1215 1400 1283 Qui
1427 1217 1514 1274 simul
1541 1219 1726 1277 considerans
1757 1230 1866 1292 quanta

123 1309 282 1366 crucifixus
297 1306 341 1370 Sil»
359 1313 386 1359 et
408 1303 467 1373 ipse
482 1299 611 1365 mundo,
637 1311 704 1353 011¹ss
729 1304 885 1366 spontaneo
902 1310 966 1366 pre·
1020 1308 1056 1363 sit
1073 1306 1102 1362 in
1124 1306 1226 1377 lingua
1250 1303 1393 1361 malorum
1423 1307 1552 1375 materia,
1579 1317 1606 1364 et
1621 1309 1753 1366 omnium
1778 1311 1864 1368 bono·

123 1399 194 1469 prire
211 1392 394 1466 professionis
420 1397 485 1445 trote
509 1386 659 1443 mundana
674 1385 728 1440 sibi
746 1391 772 1440 et
794 1392 907 1440 terrena
923 1384 968 1440 de-
1021 1401 1087 1442 rum
1098 1385 1289 1455 consumptio,
1312 1399 1401 1455 supra
1414 1385 1455 1441 sie
1469 1394 1497 1442 et
1516 1387 1591 1444 inira
1604 1387 1735 1460 loquitur
1751 1405 1757 1444 :
1775 1391 1864 1446 «Lin-

122 1486 227 1543 sideria
253 1480 404 1546 interdicit,
436 1476 513 1549 quod
539 1483 581 1531 est
607 1476 784 1531 voluntatem
818 1473 965 1543 propriam
1022 1489 1080 1546 gua
1106 1474 1223 1547 quidem
1242 1473 1388 1529 modicum
1417 1475 1749 1548 membrum,quantus
1778 1480 1863 1549 ignis,

123 1589 180 1631 uon
196 1571 286 1642 sequi.
303 1569 376 1634 Quid
396 1568 471 1623 euim
496 1563 626 1621 carnales
646 1562 725 1618 aliud
747 1568 896 1631 appetunt,
910 1561 964 1617 uisi
982 1538 1002 1592 Β
1020 1579 1109 1636 quam
1125 1577 1261 1634 magnam
1277 1562 1380 1618 silvam
1401 1563 1527 1620 incendit
1542 1580 1550 1634 3
1568 1566 1740 1623 universitas
1752 1568 1864 1639 iniqui-

120 1662 237 1733 implere
254 1659 330 1731 puod
358 1659 458 1713 volunt
473 1654 486 1711 i
503 1655 535 1709 Et
559 1666 625 1723 quae
639 1660 681 1707 est
701 1659 815 1706 terrena
838 1651 964 1707 delecta·
1021 1654 1098 1722 tatis,
1123 1653 1287 1724 inquietum
1301 1651 1428 1719 malum,
1445 1651 1563 1721 plenum
1580 1667 1690 1710 veneno
1715 1655 1862 1714 mortalem

120 1753 179 1821 tio,
205 1749 260 1806 nisi
285 1747 409 1820 propriae
424 1743 582 1801 voluntatis
597 1740 733 1811 impletio,
748 1739 833 1796 etiarn
847 1740 964 1809 quando
1020 1743 1112 1814 (ibid,
1128 1741 1164 1812 5).
1181 1740 1282 1807 »Quid
1298 1747 1395 1796 autem
1411 1754 1523 1796 veneno
1537 1742 1727 1811 peeiculosius
1753 1746 1798 1801 vel
1814 1761 1862 1802 ca-

118 1840 234 1910 idquod
251 1839 386 1895 velumus
405 1834 502 1892 labore
524 1829 727 1888 ffl³¹1ffl0⁸ittt
748 1827 874 1898 leticum
898 1827 964 1899 tsi·
1018 1832 1144 1890 rendum
1169 1830 1322 1902 amplius?
1348 1830 1425 1887 Sicut
1454 1845 1522 1901 ergo
1545 1833 1791 1891 venenumvitam
1804 1838 1863 1892 ‘ex-

118 1937 211 1993 mus‘i
228 1935 286 1990 Aut
305 1932 431 2005 quidest
446 1928 524 1985 aliud
544 1940 659 1983 crucem
680 1925 765 1993 terre,
791 1922 876 1979 idest
899 1937 963 1979 cru·
1016 1922 1147 1994 stinguit,
1177 1920 1217 1977 sie
1245 1920 1404 1992 loquacitas
1431 1920 1598 1992 religionem
1614 1922 1732 1992 penitus
1747 1926 1859 1983 evertit.

116 2026 223 2082 ciatum
247 2023 374 2093 aliquem
402 2019 566 2084 sustinere,
591 2014 645 2071 nisi
669 2021 769 2070 contra
784 2012 961 2069 voluntatem
1017 2011 1097 2067 Unde
1122 2010 1197 2067 idem
1220 2011 1355 2080 superius
1370 2027 1377 2068 :
1394 2033 1408 2060 «
1429 2010 1458 2066 Si
1481 2008 1547 2085 quis
1567 2021 1649 2082 putat
1676 2028 1715 2082 se,
1742 2013 1859 2086 inquit,

115 2123 242 2171 nostram
259 2111 369 2182 aliquid
386 2110 726 2179 lieri,quantumcuuque
743 2102 812 2158 illud
828 2101 962 2157 videatur
1016 2099 1181 2172 religiosum
1195 2114 1266 2170 esse,
1282 2115 1339 2157 non
1367 2102 1517 2158 refrenans
1530 2102 1661 2174 linguam
1677 2118 1759 2159 suam
1776 2145 1783 2171 ,
1810 2106 1860 2162 sed

116 2202 290 2260 iacilenobis
315 2215 376 2257 esse
401 2197 445 2254 vel
459 2195 552 2253 utile?
581 2194 655 2249 ilinc
679 2191 754 2247 alius
775 2191 856 2246 lesus
878 2189 961 2260 longo
1015 2190 1153 2246 seducens
1170 2205 1219 2247 cor
1241 2205 1350 2258 suum,
1379 2193 1468 2263 buius
1496 2206 1573 2249 vana
1588 2198 1630 2252 est
1646 2191 1746 2263 religio
1757 2194 1824 2262 [Jac.
1838 2208 1858 2261 r,

59 2303 62 2308 ’
117 2292 237 2350 interior
255 2292 284 2347 in
309 2287 505 2346 Ecclesiastico
529 2283 685 2349 admouet,
712 2281 832 2335 dicens:
861 2278 961 2335 «Post
1014 2277 1099 2348 26).»
1126 2278 1198 2334 lline
1216 2280 1288 2337 etin
1314 2281 1476 2338 Proverbiis
1504 2282 1641 2353 scriptum
1669 2287 1711 2337 est
1728 2297 1734 2335 :
1750 2302 1764 2332 tt
1778 2281 1860 2339 sicut

121 2379 366 2451 concupiscentias
391 2385 456 2432 tuas
481 2388 539 2428 non
562 2384 627 2435 eas,
655 2377 714 2425 eta
742 2367 891 2423 voluntate
909 2374 960 2422 tua
1014 2368 1084 2425 urbs
1109 2377 1220 2439 patens,
1243 2377 1270 2426 et
1292 2371 1402 2443 absque
1426 2386 1576 2428 murorum
1603 2371 1739 2442 ambitu3
1763 2371 1801 2427 ita
1812 2379 1860 2428 vir

116 2479 264 2527 avertere.
295 2468 322 2524 Si
347 2472 463 2537 praestes
497 2461 601 2516 auimae
635 2466 692 2514 tuae
714 2455 960 2526 concupiscentias
1013 2455 1063 2527 qui
1079 2472 1136 2514 uon
1150 2467 1241 2528 potest
1265 2461 1294 2516 iu
1310 2460 1454 2531 loquendo
1467 2461 1599 2517 cohibere
1623 2460 1756 2530 spiritum
1770 2474 1857 2517 suum

111 2561 184 2632 ejus,
206 2558 288 2614 iactet
303 2564 330 2612 te
343 2555 373 2610 iu
388 2550 528 2625 gaudium
545 2546 669 2604 inimicis
685 2545 744 2602 tuis
765 2546 859 2617 (Ecelt.
872 2560 955 2611 xtuu,
1012 2545 1102 2617 (Prae.
1119 2549 1245 2618 rums)
1263 2571 1292 2603 ,ι
1310 2550 1428 2608 Hocine
1441 2565 1529 2607 senex
1555 2550 1706 2622 diligenter
1726 2550 1857 2608 conside.

111 2652 200 2720 30).»
227 2648 299 2703 Cum
322 2658 390 2701 vero
410 2642 449 2697 ita
470 2648 526 2696 tam
543 2638 629 2694 rebus
651 2638 756 2692 uostris
771 2648 859 2706 quam
876 2634 958 2691 nobis
1012 2636 1105 2705 rabat,
1120 2638 1172 2707 qui
1196 2638 1230 2693 de
1261 2638 1432 2710 loquacibus
1457 2640 1595 2696 iratribus
1610 2639 1636 2696 ei
1659 2638 1750 2696 invia
1769 2639 1857 2696 socia·

111 2739 180 2809 ipsis
191 2737 305 2807 penitus
328 2731 530 2790 renuntiamus
545 2770 552 2797 ‚
566 2734 638 2783 tune
651 2740 718 2782 vere
732 2724 810 2781 omui
830 2724 955 2795 proprie·
1012 2725 1056 2794 tis,
1081 2727 1205 2784 Antonio
1231 2729 1363 2786 dicente:
1391 2752 1406 2779 «
1428 2731 1521 2787 Bonos
1544 2732 1646 2786 iratres
1668 2728 1803 2786 invenisti
1817 2735 1857 2786 te·

110 2835 165 2883 tate
182 2825 293 2896 abjecta
321 2822 410 2880 vitam
441 2820 519 2875 illam
539 2815 723 2887 apostolicam
744 2814 850 2868 inimus
866 2851 874 2880 ,
890 2826 956 2882 quae
973 2824 993 2880 c
1011 2827 1100 2882 cum,
1129 2816 1205 2872 abba
1221 2833 1227 2872 :
1256 2820 1433 2890 »respondit
1451 2835 1483 2874 :e
1500 2819 1570 2876 Beni
1594 2826 1661 2875 sunt
1680 2817 1823 2889 siquidem
1846 2861 1855 2888 ,

113 2916 210 2973 omnia
234 2915 263 2971 iu
291 2926 443 2969 commune
472 2906 600 2971 reducit,
626 2904 699 2960 sicut
727 2905 953 2972 scriptumest:

111 3001 329 3067 «Multitudinis
348 2997 525 3055 credentium
550 2999 611 3048 erat
625 3004 673 3046 cor
688 3003 779 3045 uuum
807 2994 835 3044 et
858 2986 956 3044 anima

78 3131 87 3143 ·
110 3110 168 3151 una
181 3093 253 3164 (Act.
269 3104 308 3156 tv,
326 3088 381 3159 aa).
395 3107 409 3134 »
432 3086 488 3140 Nec
503 3082 788 3153 quisquameorum,
804 3092 870 3148 quae
889 3093 953 3148 pos·

108 3182 226 3248 silebat,
250 3176 361 3247 aliquid
387 3186 474 3229 suum
499 3183 559 3226 esse
584 3167 706 3223 dicebat.
723 3166 776 3221 Sed
799 3175 881 3222 erant
898 3166 953 3222 illis

107 3270 204 3325 omnia
218 3265 383 3323 communia
399 3305 405 3316 .
422 3258 608 3316 Dividebatur
621 3264 718 3313 autem
729 3255 852 3327 singulis
868 3263 953 3325 prout

106 3359 212 3428 cuique
226 3370 299 3425 opus
328 3360 389 3410 erat
404 3390 412 3418 ,
428 3364 486 3406 non
514 3349 589 3403 enim
606 3345 757 3417 aequaliter
771 3359 869 3401 omues
888 3359 952 3417 ege·

106 3448 175 3504 bant
192 3462 198 3502 :
215 3454 243 3503 et
268 3445 330 3500 ideo
353 3457 410 3498 non
431 3438 582 3510 aequaliter
602 3435 737 3493 omnibus
760 3434 951 3492 distribueba-

108 3544 166 3601 tur,
179 3535 228 3592 sed
257 3532 381 3604 siugulis
408 3536 493 3600 prout
513 3541 586 3598 opus
602 3535 672 3582 crat.
697 3525 860 3582 Coranum
884 3525 948 3590 lide,

106 3627 176 3699 quia
200 3624 285 3682 corde
312 3620 449 3679 ereditur.
479 3617 584 3673 Anima
604 3628 686 3683 una,
706 3616 776 3687 quia
799 3616 896 3671 eadem
913 3630 949 3670 ex

104 3714 243 3772 clariritate
258 3713 391 3769 voluutas
406 3707 579 3772 adinvicem,
594 3720 659 3761 cum
677 3706 729 3761 boc
744 3706 949 3775 uuusquisque

104 3804 153 3860 alii
181 3803 257 3874 quod
275 3801 331 3859 sibi
356 3799 449 3868 vellet,
467 3812 520 3854 nec
534 3811 587 3853 sua
602 3795 695 3867 magis
712 3809 801 3866 quam
823 3795 947 3852 aliorum

102 3892 252 3951 commoda
278 3897 429 3963 quaereret,
452 3889 495 3944 vel
525 3888 561 3943 ad
588 3900 770 3942 communem
791 3885 946 3941 utilitatem

102 3984 138 4040 ab
163 3983 296 4041 omnibus
325 3981 421 4037 omnia
452 3979 637 4045 reserrentur,
660 3976 776 4032 nemine
800 3989 865 4040 qua
893 3989 946 4032 sua

99 4081 177 4138 sunt,
194 4073 241 4130 sed
262 4086 328 4143 qum
343 4072 408 4126 lesu
433 4068 537 4124 Christi
554 4074 760 4138 quaereuteseu
774 4064 942 4123 allectante.

1010 2904 1059 2959 sed
1070 2905 1208 2963 habitatio
1228 2922 1329 2965 eorum
1342 2924 1401 2965 uon
1424 2909 1509 2966 babet
1521 2909 1653 2980 ianuam.
1668 2907 1854 2978 Quicunque

1008 2994 1071 3049 vult
1086 2994 1174 3052 intrat
1186 2996 1215 3053 in
1231 2998 1396 3079 stabulum,
1417 3007 1444 3055 et
1460 2998 1544 3055 solvit
1559 2997 1674 3054 asinum
1698 2996 1770 3068 (Vir.
1786 2997 1853 3051 Patr

1008 3090 1072 3152 part
1090 3124 1095 3137 .
1114 3100 1142 3152 u,
1172 3084 1220 3142 lib.
1250 3090 1286 3141 De
1301 3087 1472 3157 continent).
1496 3109 1509 3136 »
1534 3086 1620 3154 Quasi
1646 3087 1723 3143 euim
1745 3100 1762 3142 a
1781 3101 1853 3158 prae-

1007 3185 1072 3242 sepe
1085 3174 1197 3230 nomint
1220 3177 1317 3232 anima
1332 3185 1431 3233 nostra
1456 3177 1582 3248 ligatur,
1597 3190 1685 3232 sacrae
1704 3190 1734 3232 se
1759 3176 1852 3233 medi-

1006 3262 1120 3319 tationis
1135 3264 1164 3319 iu
1181 3279 1213 3320 eo
1235 3265 1361 3336 quadam
1376 3266 1570 3323 ruminatione
1585 3265 1725 3334 reficiens,
1759 3279 1776 3321 a
1792 3281 1852 3336 quo

1006 3350 1123 3421 quidem
1150 3357 1267 3424 praesepi
1292 3354 1437 3423 solvitur,
1457 3363 1544 3427 atque
1568 3356 1625 3412 buc
1648 3363 1674 3411 et
1692 3355 1761 3411 illuc
1792 3361 1851 3412 toto

1005 3441 1115 3497 mundo
1130 3456 1180 3512 per
1192 3444 1377 3514 cogitationes
1392 3444 1551 3513 discurrit,
1568 3444 1623 3500 nisi
1638 3458 1702 3501 eam
1712 3443 1850 3501 clausura

1004 3528 1210 3588 taciturnitatis
1233 3533 1381 3590 retineat.
1400 3533 1496 3591 Verba
1526 3533 1634 3604 quippe
1672 3533 1848 3590 intellectum

1003 3616 1107 3673 animae
1122 3619 1281 3677 immittunt
1297 3663 1304 3688 ,
1320 3629 1353 3678 ut
1364 3622 1390 3678 ei
1412 3622 1489 3693 qued
1506 3621 1639 3693 iutelligit
1651 3621 1780 3679 intendat
1796 3664 1803 3690 ,
1821 3630 1849 3679 et

1003 3720 1054 3776 per
1077 3708 1277 3780 cogitationem
1295 3710 1401 3767 baereat
1420 3751 1426 3766 .
1447 3710 1622 3783 cogitatione
1646 3725 1714 3767 vero
1729 3712 1785 3768 Deo
1802 3710 1847 3768 lo·

1002 3797 1140 3867 quimur,
1162 3799 1237 3856 sicut
1247 3800 1344 3857 verbis
1360 3800 1536 3858 hominibus.
1550 3802 1684 3872 Dumque
1699 3801 1758 3857 ltuc
1780 3814 1846 3857 ver-

1002 3883 1045 3941 bis
1073 3887 1223 3944 bomiuum
1255 3889 1450 3957 intendimus,
1467 3905 1582 3947 necesse
1610 3898 1650 3947 est
1665 3898 1697 3947 ut
1712 3890 1779 3946 iude
1793 3889 1846 3947 du·

1000 3989 1102 4032 camur
1118 4017 1125 4029 .
1139 3975 1197 4033 Nec
1223 3979 1279 4034 lieo
1294 3979 1380 4035 simul
1396 3987 1422 4035 et
1447 3979 1613 4036 homiuibus
1630 3979 1778 4036 intendere
1790 3992 1845 4034 va-

1001 4064 1092 4121 lemus
1108 4106 1114 4119 .
1131 4065 1188 4122 Nec
1204 4066 1298 4123 solum
1322 4068 1421 4137 otiosa,
1433 4083 1536 4126 verum
1551 4069 1637 4127 etiam
1659 4084 1724 4141 qua
1740 4067 1845 4125 utilita-

99 4163 236 4234 Alioquin
270 4172 457 4230 nequaquam
493 4157 554 4210 siue
584 4156 754 4226 proprietate
786 4154 1035 4225 viveretur,1)tis
1048 4153 1159 4225 aliquid
1182 4155 1289 4213 babere
1301 4157 1435 4214 videntur
1457 4158 1576 4215 vitanda
1590 4167 1659 4215 suut
1673 4158 1787 4227 verba,
1810 4172 1844 4213 eo

99 4266 166 4322 quae
182 4250 274 4322 magis
295 4250 323 4303 iu
337 4247 502 4313 ambitione,
520 4258 608 4315 quam
632 4246 661 4300 in
688 4247 863 4316 possessione
879 4260 944 4301 con-

100 4339 183 4396 sistit.
211 4339 339 4396 Otiosum
367 4336 488 4392 verbum
516 4348 566 4390 seu
597 4333 779 4403 superlluum
805 4335 879 4391 idem
902 4344 944 4392 cst

103 4427 180 4498 quod
200 4426 427 4495 multiloquium.
448 4423 528 4480 Unde
549 4423 732 4494 Augustinus
752 4425 943 4481 Retractatio-

101 4532 171 4574 num
190 4517 238 4573 lib.
256 4531 265 4572 1
283 4515 323 4586 (iu
345 4529 451 4585 proaem
469 4515 503 4584 .):
522 4533 536 4563 «
556 4513 646 4580 Absit,
664 4513 784 4584 »iuquit
794 4523 826 4570 ut
841 4514 941 4570 multi-

100 4607 231 4680 loquium
273 4605 405 4676 deputem
442 4601 559 4673 quaudo
592 4603 752 4658 uecessaria
779 4602 940 4667 dicuntur,

99 4697 281 4768 quantalibet
314 4708 480 4751 sermonum
501 4691 687 4749 multitudine
707 4706 741 4746 ac
777 4691 940 4762 prolixitate

97 4786 251 4842 dicautur.
278 4805 289 4834 ι
312 4784 384 4839 ilinc
407 4790 504 4840 autem
525 4796 575 4852 per
608 4781 788 4837 Salomonem
809 4780 937 4836 dicitur:

97 4896 111 4924 ι(
133 4876 162 4929 lo
175 4874 361 4943 multiloquio
385 4887 442 4928 uon
464 4871 553 4928 deerit
577 4879 726 4942 peecatum
743 4913 749 4924 .
766 4869 820 4934 Qui
842 4875 938 4925 autem

95 4962 262 5018 moderatur
289 4961 366 5018 labia
381 4976 444 5031 sua,
479 4960 722 5032 prudentissimus
739 4967 782 5016 est
807 4960 894 5028 (Preu.
909 4973 938 5024 x,

97 5052 147 5120 titt.
166 5070 180 5098 e
201 5050 400 5122 llaltumergo
430 5051 591 5107 carendum
604 5056 646 5104 est
670 5048 699 5103 in
714 5062 772 5118 quo
788 5056 938 5118 peccatum

94 5152 150 5196 uon
170 5138 258 5201 deest,
281 5145 308 5194 et
332 5146 410 5194 tanto
444 5139 600 5196 studiosius
627 5137 696 5194 ltuic
721 5136 820 5192 morbo
845 5138 938 5208 provi-

93 5225 221 5284 dendum
236 5234 297 5294 est,
312 5235 421 5296 quanto
441 5228 629 5298 periculosius
646 5235 674 5283 et
687 5225 832 5283 diilrcilius
846 5226 936 5283 evita-

92 5321 141 5372 tur
154 5357 160 5368 .
173 5313 254 5381 Quod
277 5315 379 5371 beatus
403 5318 556 5385 providens
578 5316 750 5373 Benedictus
772 5323 846 5386 (cap.
860 5315 905 5387 la)
928 5332 934 5371 :

91 5399 207 5456 «Omni
224 5407 369 5473 tempore,
387 5419 401 5448 »
413 5398 532 5474 inquit,
549 5400 685 5462 «silentio
696 5399 801 5460 debent
821 5401 935 5461 studere

999 4245 1077 4315 quod
1103 4245 1185 4303 facile
1209 4262 1226 4303 a
1248 4250 1415 4306 necessariis
1426 4249 1461 4305 ad
1483 4251 1573 4306 otiosa
1592 4250 1606 4320 ,‘
1618 4250 1654 4306 ab
1684 4250 1782 4306 otiosis
1806 4249 1842 4304 ad

998 4333 1085 4390 noxia
1109 4335 1263 4394 veniatur.
1289 4338 1432 4410 «Lingua
1451 4340 1567 4410 quippe,
1585 4347 1618 4396 ut
1632 4338 1755 4396 lacobus
1780 4338 1838 4405 ait,

997 4422 1161 4494 inquietum
1175 4427 1306 4496 malum,
1325 4449 1338 4477 »
1354 4442 1411 4499 quo
1427 4429 1538 4485 caeteris
1552 4428 1692 4485 minorest
1707 4436 1757 4484 aut
1773 4428 1840 4484 sub-

998 4511 1073 4568 tilior
1095 4515 1241 4581 membris,
1268 4523 1347 4572 tanto
1364 4517 1495 4574 mobilior
1515 4527 1543 4574 et
1559 4517 1668 4574 crateris
1695 4526 1776 4573 motu
1796 4517 1836 4572 la·

996 4601 1180 4659 cescentibus
1198 4645 1207 4672 ,
1223 4604 1284 4676 ipsa
1312 4619 1378 4661 cum
1400 4620 1459 4661 nou
1486 4615 1618 4663 movetur
1634 4606 1795 4677 fatigatur,
1816 4613 1844 4661 et

995 4692 1077 4763 quies
1093 4693 1152 4762 ipsa
1167 4693 1191 4748 ei
1206 4692 1237 4749 stt
1261 4708 1391 4751 onerosa.
1412 4695 1481 4762 Quae
1496 4704 1607 4768 quanto
1627 4696 1655 4751 iu
1672 4695 1755 4752 nobis
1771 4694 1839 4751 sub·

993 4780 1088 4848 tilior,
1104 4789 1131 4837 et
1145 4796 1181 4838 ex
1193 4782 1309 4839 mollitie
1325 4785 1450 4854 corporis
1463 4788 1553 4842 nostri
1570 4784 1743 4848 flexibilior,
1759 4791 1840 4840 tanto

994 4868 1126 4927 mobilior
1149 4878 1175 4927 et
1189 4870 1219 4927 iu
1238 4872 1327 4929 verba
1342 4874 1460 4944 pronior
1480 4873 1587 4942 existit,
1604 4882 1631 4931 et
1641 4873 1734 4929 omnis
1758 4872 1841 4928 mali-

994 4957 1039 5014 tiae
1064 4959 1252 5018 seminarium
1280 4969 1366 5033 patet.
1387 4961 1468 5030 Quod
1485 4962 1514 5018 iu
1531 4962 1612 5018 uobis
1635 4962 1779 5033 precipue
1794 4960 1837 5019 vi·

993 5049 1065 5104 tium
1081 5049 1237 5120 Apostolus
1266 5058 1380 5116 notans,
1401 5052 1518 5107 omniuo
1533 5050 1649 5107 leminis
1665 5051 1694 5106 iu
1710 5049 1838 5107 Ecclesia

991 5135 1071 5208 loqui
1093 5139 1236 5196 interdicit
1254 5182 1260 5209 ,
1275 5154 1328 5196 nec
1341 5140 1375 5196 de
1390 5140 1424 5195 iis
1435 5141 1519 5195 etiam
1536 5154 1602 5209 quae
1617 5138 1653 5194 ad
1670 5140 1761 5196 Deum
1776 5153 1838 5209 per-

992 5224 1103 5295 tinent,
1119 5228 1174 5284 nisi
1201 5228 1278 5285 domi
1293 5229 1372 5286 viros
1385 5227 1562 5298 interrogare
1578 5227 1715 5298 permittit
1731 5268 1738 5281 .
1755 5226 1791 5282 Et
1807 5227 1836 5284 in

990 5315 1025 5372 iis
1042 5316 1128 5372 etiam
1144 5317 1286 5375 discendis
1304 5359 1312 5385 ‚
1328 5317 1373 5374 vel
1390 5316 1616 5389 quibuscunque
1631 5315 1781 5384 iaciendis,
1798 5315 1837 5372 si·

989 5402 1077 5462 leutio
1091 5418 1140 5463 eas
1152 5407 1296 5479 precipue
1312 5405 1451 5480 subjicit,
1470 5405 1618 5466 Timotheo
1633 5402 1781 5478 superbis
1795 5404 1837 5463 ita
