3736 5962
441 184 621 248 expositio
640 189 677 247 tlt
695 187 805 248 tibist.
825 189 931 249 rhum
950 191 999 248 eh
1016 191 1101 249 stell.
1115 219 1152 235 -
1164 192 1232 251 ult.
1250 192 1302 249 111.
1691 193 1746 256 894

91 319 166 371 erat.
186 311 260 372 i'alis
277 314 320 371 est
346 327 435 373 verus
462 319 589 386 paterne
612 312 776 373 dilectionis
804 314 849 373 al·
864 315 888 371 h
903 317 954 374 nio
981 317 1091 388 peccati
1119 317 1238 378 liberari
1252 333 1416 392 possumus,
1443 318 1492 379 sed
1520 321 1614 396 gratia
1627 321 1746 383 lisdem·

109 401 258 472 millium,
283 401 330 460 rel
354 411 440 460 casta
459 403 561 461 uxoris
589 403 619 460 in
645 403 754 474 virum,
775 419 843 463 cum
896 407 994 478 ptoris.

91 493 147 548 lam
162 492 217 549 sihi
231 492 347 549 inutiles
375 491 468 564 magis
490 493 618 564 diligunt
642 507 732 565 quam
753 509 843 566 qnos-
936 495 1013 564 Quod
1028 500 1101 554 enim
1114 513 1222 570 operor.
1250 499 1399 564 Quantum
1409 499 1535 558 carnalis
1554 508 1582 559 et
1612 502 1748 562 infirmus

91 594 112 636 ie
127 578 256 637 utiliores
269 581 362 652 magis
376 581 483 637 hahere
496 589 631 652 possent;
656 596 710 639 nec
732 583 755 640 si
784 597 844 655 qua
897 585 934 642 sit
957 586 1062 657 lactus,
1090 594 1118 644 et
1133 596 1243 659 quanto
1257 602 1358 661 proras
1376 590 1594 646 consuetudinis
1614 592 1688 664 jugo
1699 593 1747 650 de-

91 683 115 726 sr
130 683 179 726 eos
198 669 381 727 incommoda
409 672 562 740 sustinent,
579 679 672 742 potest
684 685 764 729 amor
787 673 843 729 mi·
898 689 1015 747 pressus
1030 677 1162 746 ostendit,
1179 678 1276 734 dicens
1291 691 1320 734 se
1343 679 1524 735 committere
1548 679 1671 738 scienter
1684 694 1747 738 ma·

91 759 218 830 [uoniam
228 760 335 816 amoris
354 760 467 832 integra
482 774 571 818 eausa
584 761 713 818 substitit
732 762 762 818 in
773 763 844 835 ipsis
898 765 960 822 lum
984 766 1079 836 ipsum
1095 766 1173 838 quod
1186 781 1244 824 non
1257 767 1331 835 vult,
1350 769 1434 838 quasi
1448 767 1473 824 si
1495 767 1614 839 aliquis,
1629 777 1748 841 cogente

96 847 234 920 diligunt,
258 848 328 905 dum
343 862 392 904 eos
415 848 522 906 hahent
550 864 609 905 non
640 851 844 908 incommodis
899 853 1032 921 Domino,
1046 855 1075 911 id
1095 857 1173 926 quod
1189 869 1247 912 non
1259 857 1323 913 vult
1336 864 1480 927 operetur.
1491 858 1526 912 Et
1543 857 1596 913 hoc
1614 856 1748 929 estquod

91 951 137 993 uae
152 950 204 1007 per
228 950 276 993 eos
302 937 437 994 habeant.
466 937 549 1003 Quod
567 937 640 995 bene
661 939 692 996 in
714 939 843 997 consola-
898 959 1070 1014 noooperor,
1099 960 1158 1001 non
1186 945 1315 1019 intelligo
1342 960 1402 1003 esse
1425 947 1616 1018 operandum,
1648 947 1677 1003 id
1705 954 1749 1006 est

95 1024 178 1082 tuliae
212 1024 313 1082 uxoris
347 1026 485 1083 cornelios
514 1026 668 1099 Pompeius
701 1028 797 1086 vietus
816 1036 844 1086 et
898 1047 957 1089 non
971 1034 1099 1092 credent
1114 1034 1177 1092 lieri
1192 1035 1302 1105 debeat,
1320 1036 1377 1092 imo
1400 1036 1597 1095 indubitanter
1610 1037 1670 1093 seio
1689 1050 1750 1094 csse

91 1127 120 1187 ga
144 1127 372 1171 commemorans
386 1115 445 1173 ait:
463 1136 478 1166 s
493 1115 575 1180 Quod
594 1116 681 1174 delles
707 1118 736 1195 id
764 1131 844 1175 ama·
899 1122 1019 1192 malum,
1035 1130 1063 1180 et
1075 1124 1137 1181 ideo
1152 1140 1211 1181 non
1225 1139 1286 1182 esse
1301 1125 1475 1183 laciendum.
1490 1129 1551 1185 don
1575 1129 1648 1182 enim
1663 1126 1746 1197 qood.

104 1202 183 1274 Saepe
208 1203 296 1260 etiam
317 1203 367 1275 qui
401 1203 528 1261 liberalis
556 1212 625 1262 sunt
648 1206 738 1263 animi
753 1207 845 1264 homi·
898 1212 1004 1269 Probat
1017 1226 1047 1269 se
1057 1212 1131 1270 male
1150 1227 1235 1286 agere
1254 1222 1353 1271 contra
1364 1215 1510 1286 propriam
1529 1215 1747 1284 conscientiam,

94 1293 166 1351 tiam
184 1292 279 1365 magis
304 1293 482 1351 honestatem
506 1308 597 1367 quam
626 1295 780 1354 utilitatem
803 1312 846 1356 se-
899 1300 971 1372 quia
984 1302 1070 1360 etiam
1087 1304 1165 1375 quod
1182 1304 1362 1361 honumesse
1377 1304 1556 1377 recognoscit
1576 1304 1705 1372 dimittit,
1720 1312 1748 1363 et

91 1395 141 1439 ur.
165 1381 194 1438 Si
219 1383 271 1454 qui
291 1381 362 1439 lorte
391 1383 438 1440 sui
462 1384 624 1441 consimiles
657 1385 794 1454 viderint,
828 1401 846 1445 a
899 1391 977 1461 qnod
996 1406 1055 1449 non
1067 1393 1182 1451 dubitat
1193 1408 1255 1451 esse
1269 1395 1379 1451 malum
1392 1394 1472 1452 iacit.
1487 1395 1524 1451 Et
1539 1395 1594 1451 hoe
1607 1400 1651 1451 est
1668 1395 1749 1466 quod

91 1487 104 1528 s
127 1478 223 1528 temen
249 1471 323 1528 nihil
344 1472 530 1530 emolumenti
558 1482 685 1547 sperent,
726 1476 845 1548 majoris
899 1478 978 1550 dicit,
994 1483 1020 1537 si
1037 1498 1099 1552 opo,
1115 1483 1144 1540 id
1158 1490 1201 1541 est
1216 1499 1274 1541 non
1288 1485 1363 1542 iacio
1391 1485 1512 1552 bonum,
1536 1483 1610 1554 qood
1633 1484 1705 1552 colo,
1720 1483 1749 1541 id

89 1562 221 1619 lectionis
235 1561 452 1632 amplectuntur
466 1561 581 1629 ellectu,
603 1577 692 1635 quam
714 1566 845 1637 proprios
899 1572 1035 1643 estquod
1051 1574 1179 1644 approbo
1195 1573 1298 1631 debere
1313 1574 1387 1643 lieri,
1403 1582 1430 1631 et
1456 1575 1504 1630 cui
1529 1588 1580 1644 per
1606 1573 1748 1630 rationem

91 1691 92 1699 ,
119 1664 137 1708 a
168 1651 277 1723 quihus
296 1651 470 1722 quotidiana
491 1653 657 1724 suscipiunt
683 1656 841 1712 commoda.
861 1674 882 1730 g
900 1660 1056 1717 consentio.
1073 1662 1127 1718 Sed
1140 1663 1326 1733 malumquod
1349 1663 1405 1731 odi,
1432 1663 1517 1721 idest
1548 1663 1638 1734 quod,
1653 1669 1687 1720 ut
1701 1661 1748 1718 di·

91 1753 113 1794 n
127 1747 155 1796 et
178 1741 209 1795 in
236 1740 391 1797 bominum
424 1748 482 1798 tam
497 1741 642 1799 sincerum
670 1743 844 1801 haberemus
900 1757 981 1806 otum
996 1757 1048 1818 est,
1063 1765 1122 1807 non
1136 1751 1213 1820 volo,
1229 1753 1347 1809 sednon
1366 1753 1487 1811 rationis
1495 1753 1607 1825 jndicio
1625 1751 1748 1823 reprobo

90 1843 144 1898 tm,
164 1836 196 1885 ut
207 1829 368 1886 secundum
384 1831 461 1901 quod
482 1831 575 1887 honus
593 1839 635 1888 est
652 1831 844 1904 insenagis,
900 1847 988 1911 atque
1003 1841 1118 1898 damno.
1135 1843 1166 1899 Si
1177 1847 1276 1898 αιιιεηι,
1307 1841 1389 1899 hedit
1414 1842 1450 1899 ad
1469 1841 1749 1898 commendationem

105 1918 267 1975 seeundum
290 1919 367 1990 qued
391 1919 474 1976 flebis
489 1919 572 1976 utilis
585 1927 637 1989 esi,
658 1935 727 1977 etim
741 1922 844 1995 dilige·
900 1929 983 2002 legis,
999 1939 1033 1987 ut
1045 1945 1081 1987 ex
1098 1939 1196 1988 nostro
1211 1945 1331 2003 quoque
1343 1931 1454 2003 judicio
1467 1943 1530 1987 eam
1553 1930 1660 1987 honam
1688 1943 1748 1987 esso

91 2022 106 2076 t,
122 2013 150 2064 el
164 2008 189 2064 ei
209 2008 287 2079 quod
300 2022 386 2064 suum
412 2016 455 2065 esi
474 2017 572 2065 nostra
593 2011 704 2081 integre
730 2011 846 2084 iustitie
900 2020 1065 2088 convincat,
1083 2021 1155 2092 quie
1179 2021 1357 2081 idvidelicet
1374 2020 1505 2092 prohibet
1525 2020 1603 2092 quod
1618 2034 1671 2077 nos
1696 2032 1748 2091 per

91 2104 136 2166 et,
154 2104 186 2154 ut
201 2098 272 2169 quia
287 2097 420 2155 videlicet
430 2112 543 2155 summe
556 2105 599 2155 ssi
614 2100 716 2169 11011118,
733 2114 846 2156 summe
900 2109 1040 2166 rationem
1055 2123 1115 2166 esse
1129 2108 1239 2166 malum
1261 2109 1511 2179 deprehendimus,
1527 2110 1602 2166 sicut
1627 2116 1669 2167 est
1683 2122 1749 2165 con·

91 2186 185 2243 onibus
203 2186 382 2258 diligeretur.
407 2187 489 2255 Quod
511 2195 608 2245 autem
633 2188 723 2245 fidelis
745 2188 846 2246 anima
901 2198 1091 2269 cupressum,
1107 2212 1174 2255 num
1199 2199 1256 2256 ait:
1291 2200 1351 2256 Non
1373 2201 1545 2270 concupisces
1569 2199 1665 2271 (Ecod.
1695 2212 1747 2268 xx,

91 2274 165 2331 dixit
194 2275 224 2331 in
252 2275 363 2346 psalmo
392 2285 421 2332 se
436 2276 606 2333 inclinatam
621 2276 658 2333 ad
670 2277 745 2334 bona
759 2291 846 2350 opera
904 2289 957 2361 ιγ),
974 2289 1009 2346 Et
1026 2288 1358 2358 increscentemque
1377 2289 1448 2354 noto,
1476 2288 1505 2344 id
1531 2289 1668 2360 estquod
1688 2302 1748 2344 non

114 2369 231 2435 propter
266 2364 495 2432 retributionem,
523 2365 735 2423 issehtieiifflieffl
764 2365 847 2423 b⁰iiae
901 2379 1040 2449 approbo,
1056 2377 1203 2435 consentio
1216 2385 1244 2435 et
1266 2378 1406 2434 concordo
1434 2376 1491 2448 legi
1517 2377 1552 2432 de
1579 2376 1633 2433 hoe
1668 2375 1749 2447 quod

91 2452 184 2517 iiiiii&
205 2466 264 2509 ¹1⁰ss
302 2453 505 2525 perlectionem
537 2455 670 2511 ostendit.
717 2456 847 2527 Quisque
901 2469 977 2526 bona
1001 2476 1054 2537 est,
1082 2483 1148 2525 cum
1175 2466 1388 2524 samtidelicet
1410 2479 1445 2523 ea
1466 2465 1617 2536 prohibere
1652 2465 1746 2535 rideo,

99 2540 283 2612 innerienns
298 2542 439 2613 nrinted
462 2543 534 2600 bene
549 2543 739 2615 operandum,
765 2544 846 2601 idest
901 2572 967 2629 que
981 2572 1034 2629 ego
1049 2557 1109 2628 ipso
1123 2557 1271 2614 mataosso
1284 2555 1393 2628 judico,
1409 2556 1486 2613 sicut
1500 2555 1747 2626 concupiscenda,

91 2639 201 2702 'enecet
228 2631 276 2688 net
305 2632 452 2703 implenda
483 2647 533 2704 sne
563 2633 764 2690 retributionis
780 2633 845 2690 eiii·
901 2649 935 2705 oc
958 2660 1018 2718 qua
1045 2645 1374 2716 superintulistis
1406 2645 1461 2713 na,
1487 2644 1598 2710 sotum,
1628 2642 1746 2700 invius.

102 2728 130 2777 01
145 2721 245 2778 iiffl0i⁰
260 2721 357 2792 potius
371 2737 461 2793 (lilim
475 2737 582 2792 ³¹11⁰i02
604 2723 681 2779 sisui
704 2723 846 2794 scriptum
900 2736 983 2801 Quod
1010 2736 1097 2793 etiam
1119 2735 1249 2792 nolentes
1270 2733 1423 2801 hahemus,
1448 2733 1519 2804 quia
1534 2731 1659 2802 prolecto
1674 2745 1749 2788 con-

91 2811 350 2882 bitiumsopientiae
365 2814 446 2867 1111101
467 2813 579 2868 Domini
610 2811 694 2884 (Pisi
721 2826 770 2881 111,
791 2812 843 2883 l0).
900 2824 1047 2896 cupiscere
1062 2823 1215 2890 nollemus,
1241 2822 1307 2879 licet
1322 2822 1400 2893 quod
1430 2820 1664 2891 concupiscimus
1695 2833 1747 2877 vo-

118 2899 235 2972 quidcm
251 2900 377 2957 charitas
390 2909 433 2957 cst
457 2902 676 2969 consummatio,
692 2901 751 2958 sive
766 2900 842 2967 linis,
901 2914 1030 2972 gemeseg
1043 2927 1110 2971 cum
1126 2912 1276 2969 dilectione
1293 2924 1477 2983 peragamus.

107 2989 253 3060 porrectio,
270 2991 347 3048 sicut
375 2991 443 3048 alibi
463 2991 588 3048 dicitur:
614 2992 706 3048 Omnis
723 3005 885 3075 consum-c
936 3003 1008 3061 Cum
1033 3003 1132 3074 itaque
1146 3002 1273 3058 digitur:
1289 3020 1303 3052 ⁸
1322 3000 1413 3057 omne
1435 3006 1586 3070 gemtum
1612 2999 1746 3056 volunta.

91 3081 127 3136 ie's
150 3081 211 3136 vidi
234 3084 325 3151 finem,
350 3082 437 3136 isium
463 3081 628 3136 1111111111
658 3085 734 3136 tuom
762 3081 845 3136 11111118
900 3093 990 3162 rium,
1005 3111 1019 3142 n
1035 3100 1063 3148 et
1094 3105 1160 3146 cum
1176 3089 1297 3146 dieitur:
1315 3109 1329 3138 n
1357 3088 1446 3145 Nemo
1474 3094 1571 3159 peccat
1594 3088 1745 3156 invitus,-

115 3183 216 3237 cnmu,
232 3171 376 3241 sosthene,
401 3171 535 3243 inquam,
550 3172 633 3240 dixit,
657 3174 801 3239 inclinavi,
817 3171 847 3228 id
899 3182 1011 3238 denoto
1036 3181 1092 3237 hoo
1117 3179 1237 3250 peccati,
1253 3193 1313 3234 non
1328 3177 1363 3234 de
1377 3177 1613 3246 concupiscentia
1626 3183 1669 3234 est
1701 3175 1747 3233 in·

98 3259 180 3316 initio
195 3274 256 3317 suae
277 3261 463 3330 operationis,
478 3275 528 3332 spe
547 3267 575 3317 ct
598 3261 738 3319 desiderio
760 3261 845 3319 retri·
898 3268 1208 3342 tertigendummmnis
1223 3267 1331 3339 quippo
1352 3273 1434 3323 actus
1449 3266 1558 3338 peceati
1573 3305 1679 3322 .........
1697 3279 1747 3322 vo·

91 3349 126 3405 iis
150 3348 178 3404 111
205 3363 361 3422 aggressus
383 3358 434 3407 est.
463 3350 546 3416 Quod
574 3365 642 3408 vere
663 3366 712 3409 e⁰s
733 3350 847 3408 Veritas
899 3359 1045 3416 luntarius
1055 3359 1250 3429 potiusquam
1260 3355 1564 3424 necessariusdicitur,
1579 3356 1749 3427 quiaexro

90 3443 100 3493 1
118 3436 225 3506 beatos,
248 3438 300 3508 (itii
321 3452 351 3495 se
365 3446 567 3496 castraverunt
591 3446 707 3510 propter
722 3451 846 3511 regnum
898 3449 1011 3505 luntatc
1025 3461 1203 3520 quacunque
1219 3450 1365 3518 preeunte
1376 3454 1503 3516 tempore
1514 3445 1671 3512 descendit,
1687 3445 1747 3503 site

91 3540 150 3595 um,
167 3527 253 3584 idest
278 3527 460 3584 continenter
483 3529 622 3585 rinernnt
640 3536 756 3599 nrnnter
776 3528 844 3584 iren-
899 3535 1748 3609 peraliquamhermentionemverotgratimjacttauqun

91 3629 152 3673 tem
166 3624 304 3674 aeiersseffl
315 3617 354 3674 ita
376 3617 598 3690 intelligendum
620 3626 702 3688 puto,
722 3617 801 3689 (tiled
816 3617 847 3674 111
897 3627 1021 3698 lapidem
1042 3626 1204 3698 improvide
1218 3633 1246 3682 et
1271 3625 1404 3692 lortuitu‚
1434 3639 1492 3681 non
1505 3625 1637 3693 scienter,
1654 3624 1747 3682 homi·

91 3705 272 3762 tniirlenliarn
287 3705 366 3762 illem
385 3714 453 3763 suni
475 3708 599 3764 assecuti
624 3707 709 3762 sieuii
728 3720 795 3763 etim
811 3705 846 3762 de
898 3730 965 3773 nem
976 3715 1135 3773 interiecit:
1161 3715 1215 3771 hoc
1236 3714 1364 3785 prolecto
1380 3728 1417 3770 ex
1447 3713 1597 3771 voluntate
1620 3714 1747 3786 jaciendi

91 3794 501 3852 111111111811111116118111111
529 3803 699 3863 moreretur,
738 3794 767 3850 id
803 3802 846 3851 est
898 3804 1033 3876 lapidem,
1048 3818 1107 3861 nou
1136 3802 1328 3860 interficiendi
1361 3801 1509 3877 hominem
1532 3802 1670 3873 procedit.
1696 3804 1747 3860 Est

91 3910 104 3951 ι
123 3892 151 3941 et
176 3884 239 3941 iden
260 3892 381 3941 nortem
407 3890 595 3942 consecutum
619 3898 682 3940 esso
707 3897 767 3941 non
791 3883 847 3940 nae
897 3901 925 3950 et
939 3894 1016 3951 attus
1030 3892 1082 3966 qut
1099 3892 1258 3949 irruentem
1273 3904 1359 3960 snper
1384 3905 1413 3946 se
1429 3891 1539 3947 hostem
1564 3897 1682 3947 mactus
1701 3890 1748 3945 in·

94 3973 201 4031 ioneut
219 3975 246 4030 ei
262 3973 414 4030 assideret·
899 3983 1013 4052 terlicit,
1042 3997 1079 4039 ne
1104 3982 1140 4039 ab
1162 3995 1196 4038 eo
1211 3980 1320 4038 scilicet
1343 3977 1544 4045 interficiatur,
1578 3986 1606 4034 et
1629 3991 1747 4049 peccare

91 4063 359 4121 1111111111Ρ101111
402 4063 481 4135 qnod
505 4063 628 4129 dixerat,
645 4061 737 4135 ligem
765 4061 843 4119 Vide·
898 4072 1009 4128 invitus
1024 4070 1142 4138 dicitur,
1162 4083 1230 4126 cum
1248 4069 1276 4125 id
1303 4082 1423 4141 quoque
1444 4081 1481 4124 ex
1496 4066 1647 4124 voluntate
1674 4079 1746 4125 eva·
1800 4069 1805 4079 ’

91 4153 173 4224 10111
192 4153 298 4209 1111113111
322 4165 392 4217 11830,
422 4152 488 4209 lissi
516 4153 695 4210 occasionem
723 4151 790 4209 inde
814 4151 845 4206 in
898 4160 983 4217 dendi
998 4167 1119 4217 mortem
1144 4158 1345 4229 potiusquam
1364 4171 1400 4214 ex
1428 4156 1570 4213 desiderio
1585 4163 1670 4213 antea
1692 4154 1746 4211 ha-

91 4252 150 4299 tum
171 4244 321 4315 acceperit,
354 4243 424 4315 quia
450 4243 581 4301 videlicet
610 4251 653 4301 est
683 4245 845 4314 spiritualis
900 4249 1118 4306 bitooccidendi
1147 4247 1296 4305 hominem
1325 4245 1519 4318 agatomnis
1547 4245 1645 4316 itaque
1664 4251 1747 4302 actus

91 4347 130 4390 on
145 4333 301 4400 saecularis,
333 4339 475 4404 tanquam
496 4333 587 4406 digito
602 4334 654 4392 Dei
665 4334 782 4405 scripta,
814 4336 844 4395 id
859 4366 882 4421 D
900 4339 1036 4410 peccandi
1062 4337 1247 4395 voluntarius
1275 4343 1303 4393 et
1323 4350 1382 4393 non
1407 4334 1586 4392 necessarius
1602 4335 1678 4391 ineo
1704 4335 1746 4391 di-

91 4422 178 4493 piritu
194 4430 294 4479 sancto
315 4422 442 4480 dictante
469 4423 628 4494 composita
641 4432 669 4481 et
689 4425 768 4492 date,
784 4440 844 4484 non
900 4429 986 4496 citur,
1002 4428 1055 4500 qui
1070 4440 1307 4498 erchamueus,
1337 4433 1370 4482 ut
1390 4424 1501 4482 dietnm
1521 4430 1574 4491 est,
1600 4423 1747 4480 voluntate

91 4512 226 4568 »minibus
242 4513 371 4568 inventa.
402 4514 460 4582 ligo
484 4517 575 4568 autem
590 4516 710 4569 carnotis
729 4530 800 4585 sum,
813 4516 844 4573 id
898 4517 1052 4574 descendit.
1067 4517 1095 4574 Si
1111 4517 1177 4587 quis
1193 4524 1289 4573 tamen
1304 4515 1380 4571 dicat
1393 4513 1571 4570 occasionem
1599 4512 1677 4568 illam
1691 4511 1748 4569 ho·

91 4600 218 4658 malibus
232 4601 434 4672 voluptatibus
447 4608 475 4658 et
499 4603 622 4659 terrenis
648 4603 768 4661 inhians
798 4605 845 4662 de·
898 4606 986 4663 minis
1010 4620 1061 4677 per
1084 4605 1195 4677 iactum
1220 4604 1325 4676 lapidis
1340 4602 1547 4670 voluntariam,
1585 4615 1643 4657 uon
1675 4613 1747 4656 con-

91 4691 110 4747 is
127 4698 237 4763 ;atque
252 4692 321 4748 adeo
336 4691 461 4749 carnalis
474 4707 549 4760 sum,
565 4694 657 4748 utsim
671 4694 845 4750 venundatus
898 4696 977 4764 cedo,
988 4695 1063 4752 sicut
1088 4695 1200 4767 jactum
1234 4693 1340 4766 lapidis
1360 4692 1561 4749 voluntarium
1585 4691 1660 4748 dico.
1677 4690 1744 4746 lire·

91 4785 177 4850 ecoto,
199 4780 228 4836 id
252 4789 294 4838 est
321 4788 423 4852 sponte
444 4796 489 4839 me
504 4790 619 4852 peccato
647 4789 675 4839 et
689 4783 753 4853 ejus
781 4796 845 4840 ser·
899 4791 1022 4858 quenter
1036 4784 1114 4841 enim
1137 4783 1257 4840 nomine
1270 4797 1307 4840 ex
1322 4782 1468 4854 adiunctis
1481 4794 1550 4838 suas
1565 4780 1682 4837 variant
1705 4779 1743 4835 si-

96 4870 257 4942 subjiciens
279 4871 370 4942 pretio
387 4878 570 4929 terrenorum
587 4872 741 4941 bonorum,
759 4872 845 4931 idest
899 4874 1111 4947 gnificationes‚
1140 4880 1173 4930 ut
1187 4888 1252 4930 cum
1279 4887 1394 4929 omnem
1427 4870 1620 4929 substantiam
1643 4881 1745 4925 conce·

91 4975 270 5018 insomnem
300 4960 566 5031 concupiscentiam
594 4968 713 5033 propter
735 4961 785 5018 illa
800 4975 846 5020 ac·
899 4964 1012 5031 damus,
1028 4977 1086 5019 non
1110 4970 1206 5020 tamen
1232 4962 1295 5019 idco
1328 4974 1442 5018 omnem
1470 4959 1626 5026 hominem,
1649 4957 1691 5015 ite
1717 4962 1745 5013 et

91 5049 142 5106 tda
155 5057 183 5107 et
197 5050 375 5120 obtinenda;
392 5050 436 5106 vel
452 5051 539 5107 etiam
557 5051 587 5107 in
602 5051 705 5122 primis
718 5051 845 5122 perenti—
898 5066 965 5109 cum
979 5065 1064 5108 omne
1085 5057 1232 5121 peccatum
1249 5051 1380 5107 dicamus
1394 5047 1603 5115 voluntarium,
1625 5053 1653 5103 et
1679 5059 1744 5101 om-

91 5139 251 5196 tnundatus
266 5155 333 5197 oum
348 5140 480 5211 ipsissub
499 5147 625 5211 peccato,
655 5141 691 5197 oh
718 5139 844 5198 dilectio·
897 5156 963 5199 nem
979 5140 1086 5211 peccati
1101 5146 1199 5197 actum
1213 5154 1250 5197 er
1265 5139 1377 5210 aliqua,
1394 5145 1425 5194 ut
1445 5137 1556 5195 dictum
1573 5142 1626 5202 est,
1640 5133 1742 5192 volun·

91 5229 185 5286 cilicet
198 5236 226 5286 et
242 5237 360 5300 gustum
390 5229 466 5300 pomi
479 5230 557 5301 quod
587 5230 650 5286 Eva
664 5229 841 5300 concupivit.
897 5239 954 5289 tate
969 5231 1132 5301 procedere,
1148 5237 1315 5286 nontamen
1330 5227 1509 5284 occasionem
1534 5227 1613 5283 illam
1637 5239 1741 5283 conm-

91 5319 161 5376 unde
176 5318 242 5375 lacti
256 5333 359 5375 sumus
386 5318 504 5389 captivi,
520 5318 645 5376 vendere
670 5333 722 5376 nos
750 5319 844 5389 potui·
897 5319 1208 5386 dimusvoluntariam‚
1223 5318 1252 5374 id
1268 5321 1310 5375 est
1320 5330 1357 5374 ex
1368 5316 1517 5373 voluntate
1531 5329 1622 5387 quem
1636 5314 1745 5387 aliquis

98 5408 241 5465 redimere
265 5421 324 5464 non
353 5422 518 5479 possumus.
548 5407 674 5480 Sanguis
701 5408 841 5467 innocens
896 5408 1013 5466 haberet
1027 5407 1175 5466 occidendi
1203 5408 1285 5465 illum
1305 5421 1369 5464 csse
1382 5406 1575 5464 commissam.
1603 5405 1664 5464 Hoc
1688 5405 1744 5463 ita·

98 5504 142 5557 est
157 5497 315 5572 pronobis,
331 5498 503 5559 necnostris
525 5511 578 5560 nos
596 5497 711 5560 viribus
724 5498 841 5561 edomi-
896 5498 1052 5574 quemodo
1065 5512 1134 5558 cum
1156 5497 1249 5558 coacti
1271 5503 1388 5572 pomata
1406 5494 1622 5568 committimus,
1653 5493 1743 5557 simol
