3804 5962
65 199 133 254 iios
359 198 495 257 oiiuoo.
516 199 621 256 4444444
640 155 857 264 ruinosum..
878 199 1025 257 444444
1043 198 1089 256 44
1107 196 1349 255 4444444444-
1362 195 1511 257 idiotes.
1740 204 1807 261 iiio

10 330 16 335 '
64 333 93 384 et
116 328 240 384 aliorum
260 327 349 384 saluti
376 328 527 385 consulere
542 343 600 385 nou
620 336 767 400 procurat,
784 335 812 387 et
838 331 947 386 san-il
962 327 1038 384 nulli
1068 328 1269 399 imperitorum
1297 335 1402 399 putant
1429 327 1581 402 sibisatis
1612 342 1683 399 esse,
1709 330 1733 388 si
1761 347 1811 405 ge·

60 423 114 473 444
126 416 274 488 religionis
288 416 459 475 detrimenta
470 432 528 474 uon
544 425 695 488 precavet.
899 490 902 497 ἱ
965 419 1061 475 44444
1072 418 1272 475 tantummodo
1288 424 1413 474 careant.
1434 419 1497 490 Ego
1515 426 1613 475 autem
1638 418 1814 495 4444114444-

417 524 564 582 4414444.
964 507 1059 566 viores
1078 522 1167 579 quam
1197 507 1395 578 gehennarum
1420 505 1483 563 dico
1511 521 1571 564 esse
1596 507 1811 577 eruciatusre·

60 611 139 678 Quod
174 627 254 683 poena
287 612 467 680 parvulorum
505 628 559 668 ηοη
597 613 791 682 ὁαρῆζαεοηῃ
824 615 911 668 mitis.
966 598 1074 654 moveri
1091 605 1119 654 Θῑ
1142 597 1226 669 abjici
1250 598 1286 654 ab
1306 598 1355 654 lua
1371 596 1551 668 gloriam&
1566 604 1635 668 Duil)
1656 597 1695 655 418
1709 597 1814 658 &Germ

95 686 167 738 simo
197 689 320 751 respectu
352 691 510 740 ceterorum
541 699 688 753 poenorum
718 686 912 742 domnotorttm
965 701 1025 743 esse
1041 688 1179 759 gehennae
1196 686 1344 756 supplicia,
1361 693 1395 742 ut
1418 686 1550 742 suntilla
1571 686 1681 756 quibus
1697 694 1814 760 torque·

98 756 298 822 stt,etcontro.
954 783 1015 832 ¹tur
1045 776 1078 843 is,
1108 789 1196 845 quem
1220 775 1276 846 (45)
1300 774 1392 831 arceri
1418 774 1566 847 continget
1581 774 1672 846 (46)4
1696 789 1813 847 conspe·

96 862 272 930 Augustinus
304 864 334 915 tii
363 860 526 917 Enclirt‘dto
550 876 557 916 :
581 861 729 919 Mitissima
753 876 822 919 sane
850 875 911 918 om·
966 864 1061 921 otibus
1074 864 1190 921 Christi.
1209 865 1267 921 Hoc
1282 864 1365 921 crede
1385 864 1458 921 mihi
1476 864 1568 935 pieriis
1589 865 1725 922 omnibus
1751 878 1817 936 gra·

61 950 147 1007 nium
162 964 248 1021 44444
271 950 337 1019 4444,
359 950 411 1022 444
427 959 528 1021 preter
545 958 705 1021 peccatum,
722 950 912 1024 quodorigi·
965 952 1032 1010 4444
1054 968 1125 1023 4444,
1160 954 1214 1011 444
1237 961 1264 1010 44
1289 953 1384 1010 solum
1415 953 1494 1025 quod
1517 954 1740 1025 superstetiam
1763 968 1813 1027 ge·

60 1038 450 1107 4414444444444,44411444
478 1040 597 1109 insuper
622 1040 811 1097 addiderunt.
831 1043 911 1095 4444-
967 1042 1105 1099 hennam.
1130 1043 1292 1099 Ambrosius
1316 1045 1354 1098 De
1383 1045 1554 1114 penitentie,
1582 1043 1631 1099 lib.
1647 1042 1672 1097 41
1701 1058 1710 1098 a
1739 1039 1819 1100 Nihil

60 1143 108 1183 nes
144 1127 350 1198 chrysostomus
380 1129 418 1182 lie
450 1132 625 1198 reparatione
654 1129 726 1199 topsi
754 1144 760 1180 z
787 1127 913 1186 Excludi
968 1139 1064 1188 autem
1085 1139 1128 1188 est
1152 1131 1230 1202 quod
1256 1138 1314 1187 tam
1341 1131 1448 1186 summi
1473 1129 1590 1200 doloris,
1613 1129 1660 1200 sit,
1684 1127 1818 1203 quamsi

60 1232 79 1274 a
102 1217 195 1286 bonis,
218 1230 284 1288 qute
308 1225 471 1287 praeparata
500 1224 569 1274 sunt
593 1217 711 1285 sanctis,
732 1224 847 1275 tantum
865 1232 911 1290 ge·
967 1219 1174 1291 unusquisque
1199 1218 1307 1292 positus
1328 1219 1385 1276 sub
1400 1219 1567 1291 captivitate
1591 1219 1700 1291 peceati
1721 1232 1819 1279 recor·

62 1313 146 1361 44444
178 1303 341 1360 cruciatum
364 1312 392 1361 et
420 1304 557 1372 dolorem,
586 1314 620 1363 ut
643 1305 741 1374 etiam,
773 1306 799 1362 si
832 1305 915 1363 nulla
969 1308 1064 1377 44444,
1085 1307 1315 1379 uudelapsussit
1335 1316 1422 1379 atque
1437 1307 1515 1366 unde
1529 1307 1677 1378 deciderit,
1692 1321 1726 1366 eo
1740 1306 1821 1380 quod

60 1393 243 1451 extrinsecus
280 1407 365 1463 poene
395 1401 554 1465 torqueret,
584 1394 645 1451 baec
671 1395 731 1452 sola
759 1393 914 1453 sufficeret.
968 1399 1017 1471 (44
1047 1411 1186 1469 corporea
1218 1406 1306 1469 atque
1341 1405 1454 1455 terrena
1485 1397 1523 1455 ab
1551 1396 1601 1454 illa
1630 1397 1758 1469 speciosa
1782 1410 1818 1455 ac

60 1482 168 1540 Omnes
182 1496 251 1554 ergo
281 1483 419 1554 gehenne
432 1490 550 1553 superat
578 1484 735 1552 cruciatus,
750 1498 849 1542 carere
866 1484 915 1541 bo·
969 1486 1092 1559 pulchra
1118 1486 1224 1546 divine
1246 1485 1419 1561 cognitionis
1442 1487 1499 1561 (47)
1515 1485 1673 1546 intentione
1687 1485 1821 1547 defluxe-

61 1569 109 1626 nis
124 1570 233 1641 quibus
247 1570 278 1626 in
307 1579 444 1641 potestate
467 1573 613 1632 habueras
639 1574 708 1633 irui.
728 1576 798 1633 Item
813 1589 820 1631 :
836 1575 912 1634 Non·
929 1630 951 1686 B
971 1577 1009 1634 rit
1025 1575 1093 1650 (48).

98 1730 156 1801 (44)
171 1729 254 1787 Cous.
274 1746 280 1787 :
297 1748 370 1787 oum.
968 1733 1073 1791 codice.
1093 1733 1269 1791 Monacensis
1295 1733 1415 1806 quidem
1437 1741 1537 1792 contra
1558 1748 1668 1792 morem
1682 1733 1817 1793 distincto

111 1802 158 1872 46)
173 1802 256 1858 Cous.
276 1818 282 1857 :
304 1806 427 1871 coiitpit.
968 1806 1093 1876 quodam
1116 1807 1278 1862 testimonio
1302 1806 1389 1862 tinem
1414 1806 1480 1863 libri
1505 1805 1631 1862 iudicare
1656 1805 1818 1877 pretermi-

110 1874 155 1938 47)
176 1873 260 1942 Cous.
278 1890 285 1928 :
302 1877 490 1940 copiiottones.
967 1879 1022 1944 sit;
1043 1876 1116 1931 nihil
1145 1884 1241 1933 autem
1269 1878 1366 1935 deesse
1388 1892 1530 1936 consensu
1556 1878 1712 1951 utriusque
1740 1875 1819 1935 cedi·

98 1943 154 2016 (48)
175 1945 263 2025 diditi.
290 1946 465 2015 4444444444.
484 1976 515 1989 -
537 1949 589 2004 llic
608 1949 704 2019 operis
719 1948 786 2006 ilnis
810 1949 839 2005 in
855 1950 912 2007 blo·
968 1949 1008 2005 cis
1021 1948 1187 2006 confirmari
1201 1947 1325 2007 videtur.

62 2028 182 2072 4444444
208 2025 236 2073 44
270 2023 340 2074 teste
373 2017 509 2076 Cousiuio
534 2017 565 2075 in
592 2020 766 2078 Abrincansi
796 2035 914 2093 quoquc

66 2193 232 2208 Ἥ
389 2317 1495 2494 bernriedensem

761 2625 1129 2740 DIALOGUS

202 2866 377 3005 INTER
418 2863 840 3016 PHILOSOPHUM,
884 2866 1124 3003 ttondit
1163 2865 1235 3000 tit
1279 2865 1677 3004 thntsttnittit

65 3109 124 3179 (4444
150 3104 297 3162 codicibus
320 3103 500 3160 bibliothece
523 3103 658 3159 Caesareae
678 3100 908 3159 vindobonensis
933 3099 1045 3171 primus
1071 3100 1160 3157 edidit
1184 3101 1260 3157 Frid.
1290 3103 1377 3158 44444.
1407 3105 1595 3169 1444444444,
1627 3103 1814 3177 philosophiae

277 3177 387 3233 doctor.
404 3174 552 3245 theologie
562 3174 734 3238 licentiatus,
750 3179 777 3228 et
791 3171 932 3243 proicssor
948 3173 1081 3242 publicus
1099 3173 1351 3228 extraordinarius
1366 3175 1396 3229 iu
1412 3176 1601 3233 universitate

439 3246 577 3303 litteraria
596 3245 677 3315 regia
690 3243 853 3310 Guillelma,
871 3245 899 3298 in
915 3242 1084 3300 Collectione
1099 3243 1145 3300 cui
1163 3243 1286 3299 titulus:
1302 3245 1444 3301 Aneooloto

605 3320 642 3370 od
656 3316 798 3370 historiam
809 3315 1017 3369 ecclesiasticam
1030 3316 1206 3381 pertinentia,
1219 3328 1283 3385 par·

712 3386 800 3442 ticula
816 3388 841 3454 4,
854 3386 989 3452 deretini,
1005 3387 1085 3453 4844,
1101 3384 1195 3455 4480.)

768 3639 1108 3728 PROOEMIUM.

94 3808 186 3871 Quem
205 3805 265 3876 jam
287 3804 363 3860 toras
384 3804 497 3860 edimus
521 3803 736 3860 Anecdotorum
759 3800 795 3858 ad
819 3800 971 3859 historiam
997 3801 1130 3857 Ecclesiae
1154 3801 1361 3872 pertinentium
1390 3802 1560 3860 {asciculum
1586 3805 1722 3876 primuni,
1748 3819 1816 3863 eum

57 3892 118 3934 non
131 3876 326 3947 iniucundum
343 3875 401 4002 iolre
416 3889 566 3946 speremus
576 3873 649 3931 44444
665 3873 763 3942 doctis,
779 3871 832 3944 qui
843 3874 888 3931 vel
904 3873 1122 3942 minutissimas,
1139 3887 1205 3945 quae
1218 3873 1281 3929 erui
1293 3882 1411 3944 possunt
1424 3888 1461 3930 ex
1476 3874 1662 3945 antiquitate,
1678 3876 1816 3934 44444414

56 3951 170 4006 soleant
185 3947 249 4003 exci
271 3959 318 4003 ere
336 3949 385 4002 rei
411 3947 486 4002 uias.

94 4019 137 4074 Ad
150 3963 311 4090 4444444ιῖ44,
327 3962 414 4088 quegi
436 4018 527 4089 primo
543 4017 597 4073 hoc
621 4015 681 4072 loco
696 4014 856 4080 4444444444,
880 4014 1010 4072 libellum
1033 4014 1264 4142 cognoscendum
1287 4029 1332 4072 me
1351 4015 1487 4085 perduxit
1502 4015 1548 4073 vir
1572 4016 1599 4072 S.
1621 4018 1655 4073 ll.
1670 4016 1813 4088 Neauder,

57 4097 220 4161 preceptor
239 4102 354 4146 sumina
369 4103 436 4145 cum
453 4088 557 4159 4444444
571 4087 717 4143 44144444.
735 4087 791 4153 044
803 4100 871 4143 cnm
893 4100 944 4157 pro
960 4087 1069 4143 444444
1080 4088 1158 4143 44444
1174 4100 1233 4157 qua
1248 4100 1293 4142 me
1312 4089 1499 4157 prosequitur
1520 4087 1664 4159 singulari
1680 4089 1709 4145 in
1729 4089 1813 4147 itine-

55 4162 100 4217 ris
120 4161 158 4215 ad
183 4161 353 4231 metropolin
375 4160 622 4217 Vindoboneusom
647 4160 686 4230 (4.
714 4161 790 4230 4847)
813 4158 986 4227 suscipiendi
1012 4159 1177 4214 societatem
1205 4170 1250 4212 me
1274 4157 1445 4214 admisisset.
1472 4159 1716 4229 opportunitatem
1741 4160 1813 4216 mihi

51 4232 148 4298 dedit,
165 4241 197 4287 ut
213 4232 274 4302 ipso
289 4232 361 4287 duce
377 4231 555 4288 bibliothecae
577 4230 714 4286 Palatium
729 4230 879 4285 thesauros
909 4229 1140 4299 preclarissimos
1153 4229 1330 4300 perscrutari
1347 4236 1374 4285 et
1390 4235 1493 4298 praeter
1514 4228 1586 4286 alios
1601 4231 1679 4287 bunc
1695 4244 1813 4302 queque

51 4303 187 4359 codicem
202 4302 300 4358 liceret
321 4302 472 4371 inspicere.
489 4303 572 4358 hiber
597 4301 678 4357 initio
692 4301 788 4356 statim
807 4298 914 4367 arrisit,
931 4299 1026 4356 denuo
1050 4299 1141 4355 lectus
1156 4299 1248 4370 magis
1262 4299 1349 4354 etiam
1375 4301 1495 4369 placuit,
1509 4309 1537 4356 44
1555 4314 1613 4369 prae
1629 4302 1747 4372 reliquis
1773 4301 1816 4358 di·

51 4387 138 4446 gnus
152 4374 241 4440 visus,
258 4373 309 4442 qui
327 4374 357 4428 in
373 4374 465 4429 lucem
477 4375 664 4429 emitteretur.
690 4370 817 4428 Assensit
834 4370 860 4426 S.
878 4371 910 4425 V.
926 4369 1067 4426 Neauder.
1082 4372 1114 4425 ln
1129 4370 1314 4440 exsequendo
1335 4385 1404 4426 4444
1427 4370 1481 4426 444
1505 4372 1655 4427 conamine
1671 4379 1752 4427 tanta
1767 4386 1814 4428 me

49 4444 174 4516 adjiivit
190 4443 390 4500 benevolentia
418 4444 616 4500 nobilissimus
631 4444 666 4498 44
690 4444 814 4513 copitar,
832 4441 1011 4497 bibliothec-e
1034 4443 1168 4497 cesaree
1186 4441 1363 4511 prepositus,
1381 4449 1413 4497 ut
1435 4442 1486 4497 444
1510 4443 1597 4513 digne
1611 4442 1680 4498 satis
1694 4442 1814 4500 1444444

52 4517 169 4588 possim
186 4516 243 4570 viri
259 4515 414 4570 doctissimi
432 4515 640 4571 humanitatem
658 4528 690 4568 ac
706 4512 916 4573 liberalitatem.
934 4515 1080 4567 communi
1094 4512 1225 4568 oninium
1237 4511 1348 4567 dudum
1364 4511 1448 4567 44444
1458 4512 1641 4568 celebratam.

94 4587 193 4640 Codex
210 4593 306 4642 noster
321 4586 350 4641 in
373 4585 539 4642 collectione
567 4586 631 4641 httt.
658 4584 835 4640 bibliothecae
855 4583 1080 4638 vindobonensis
1108 4585 1182 4655 44441
1196 4585 1283 4636 444444
1305 4583 1471 4651 designatus
1486 4591 1528 4639 444
1544 4599 1571 4638 u.
1591 4584 1666 4639 Dillll
1680 4583 1729 4654 (41.
1746 4583 1811 4656 446)

45 4655 240 4726 sectionique
266 4659 416 4723 librorum,
437 4672 486 4727 qui
513 4656 651 4711 dicuntur
679 4654 818 4724 polemici,
844 4653 1055 4724 adnumeratur
1077 4667 1093 4707 4
1118 4654 1230 4708 94444444
1257 4653 1323 4720 (49).
1342 4655 1571 4708 lleinbrtinisest
1588 4654 1752 4723 inscriptus,
1770 4655 1812 4710 io·

42 4729 124 4786 lior.
149 4740 205 4793 444,
229 4729 270 4793 44,
291 4728 440 4782 adsecuti
467 4727 593 4782 ineuntis
616 4741 666 4782 xiii
686 4727 844 4781 secundum
869 4724 1016 4780 dionisium
1043 4723 1219 4788 referendos,
1239 4740 1295 4777 uon
1311 4726 1408 4778 eodeni
1428 4739 1476 4792 per
1500 4735 1590 4779 totuin
1608 4735 1699 4781 4444444
1721 4735 1811 4796 atque

42 4798 211 4868 diligentie
227 4806 374 4854 exaratus.
389 4799 469 4854 41444
486 4799 568 4868 pauci
585 4799 613 4852 iu
629 4799 724 4852 codice
741 4800 925 4866 reperiuntur
939 4796 1059 4861 errores,
1076 4811 1149 4866 quos
1175 4797 1223 4850 ubi
1248 4795 1359 4848 calaiiio
1385 4795 1492 4849 librarii
1516 4795 1658 4851 admissos
1682 4811 1743 4851 esso
1760 4811 1829 4866 ap·.

74 4870 168 4932 aruit,
192 4873 422 4934 emendavimus,
445 4869 492 4925 ubi
510 4883 576 4924 vero
592 4868 764 4923 dubitationi
788 4869 868 4921 locus
881 4873 953 4930 4444,
978 4866 1084 4921 libruin
1106 4866 1139 4921 ad
1159 4865 1280 4920 litterani
1306 4865 1380 4933 44414
1403 4867 1605 4920 excudendum
1630 4869 1813 4930 curavimus.

39 4885 263 5010 Reticuloque
290 4943 447 5010 genuinam
481 4938 654 5009 oiinlecturis
685 4947 735 4994 ant
762 4940 852 4993 textui
884 4937 1058 5006 interpositis
1086 4944 1137 4991 aut
1171 4934 1327 5004 suppositis
1352 4937 1501 4992 restituere
1526 4939 1620 4993 conati
1650 4951 1763 4994 sumus.
1790 4939 1812 4995 4

41 5019 145 5074 textu
160 5011 237 5081 qnod
254 5011 589 5079 iiitteboturejmienduui
605 5009 698 5070 uiiois,
715 5010 791 5079 quod
808 5007 1002 5078 adjiciendum
1018 5008 1127 5061 lunulis
1143 5007 1321 5061 inclusimus.
1415 5076 1421 5087 ·

92 5086 121 5139 Α
147 5095 236 5136 manu
258 5085 342 5150 paulo
364 5083 517 5137 recentiore
543 5082 697 5149 insignitus
720 5087 762 5134 est
785 5080 875 5134 codex
891 5092 897 5132 :
916 5079 1044 5145 biotoqns
1067 5079 1140 5132 Petri
1164 5077 1306 5131 bototordi
1326 5078 1393 5142 (59),
1415 5078 1443 5132 44
1457 5085 1499 5132 444
1513 5091 1549 5132 ex
1569 5079 1812 5147 pronuntiatione

33 5166 143 5213 liunt:
159 5152 301 5208 usitatiori
315 5153 467 5208 Abaelitrilt’.
489 5154 572 5209 Recte
596 5152 636 5207 ita
652 5152 725 5206 libro
739 5163 799 5205 esse
819 5148 1001 5218 inscriptum,
1018 5162 1055 5204 44
1075 5151 1135 5218 4444
1150 5162 1303 5219 cognosces
1318 5150 1442 5218 dialogo,
1464 5148 1526 5204 4444
1550 5153 1585 5204 44
1603 5160 1810 5222 argumentum

33 5222 206 5286 tractandi
221 5223 372 5295 rationem,
388 5225 449 5280 4444
463 5225 499 5279 44
515 5222 652 5279 orationis
664 5230 773 5292 spectes
785 5221 920 5276 indolem.

63 5401 72 5410 ·
89 5384 157 5456 (49)
171 5383 209 5440 ht.
226 5382 322 5451 benis,
336 5383 401 5440 Cod.
416 5386 498 5439 discr.
513 5382 593 5438 tleol.
608 5380 672 5436 bibl.
689 5380 780 5436 Polot.
801 5377 885 5435 Vt'iid.
900 5378 971 5444 444,
985 5376 1042 5433 444.
1060 5378 1081 5443 l,
1097 5376 1126 5432 Ρ.
1141 5391 1161 5432 44
1176 5375 1296 5433 Vindeb.
1316 5376 1393 5458 4794,
1407 5375 1437 5442 4.,
1459 5391 1486 5459 4τ
1505 5379 1572 5434 4994
1587 5379 1616 5434 li.

91 5458 154 5531 (40)
176 5455 287 5515 Nomen
300 5454 445 5513 abaelardi
468 5455 581 5512 4444444
602 5451 685 5509 modo
699 5465 761 5509 esse
784 5448 1005 5522 pronuntiatum
1021 5448 1102 5506 docet
1125 5448 1171 5508 Du
1194 5449 1303 5505 444444
1320 5463 1350 5504 44
1377 5450 1544 5520 pretatione
1569 5451 1745 5526 apologetica
1761 5466 1813 5525 pro

310 5553 437 5622 Person.
459 5549 658 5622 cdxxviii.
1522 5555 1562 5615 51
