3804 5962
735 198 787 256 SlC
806 200 851 256 tir
869 199 950 255 NON.

1651 206 1719 261 tati

78 322 267 378 inveniantur
281 329 308 377 ei
322 321 528 379 continentiam
545 319 672 392 pretiteri
696 319 810 382 nolunt,
827 323 852 375 A
866 328 894 376 et
912 322 1088 379 monachum
1110 336 1168 378 non
1191 322 1256 380 licet
1279 323 1421 394 nuptialia
1439 325 1508 396 jura
1532 326 1719 386 contraheret

79 425 90 465 t
110 410 215 466 ducere
241 408 385 480 virginem
411 424 478 465 oum
502 408 700 466 benedictione
720 421 813 464 sacer·

79 498 227 566 termittit3
244 511 304 553 non
320 507 417 554 autern
441 498 560 555 viduam
576 505 628 553 aut
646 498 704 567 (32)
725 511 814 566 repu-

83 587 176 657 ,quia
199 593 315 656 propter
331 585 384 642 boe
403 587 535 656 deinceps
558 600 611 642 nec
636 586 672 641 ad
697 585 813 642 subdia-

79 689 103 731 m
144 675 262 744 provebi
287 675 446 744 promeruit
476 674 532 746 (33)
561 689 613 731 uec
639 674 730 731 laicus
756 688 815 729 non

79 778 110 819 m
129 765 249 820 sortitus
274 777 395 819 uxorem
410 772 461 819 aut
481 764 614 834 bigamus
634 763 671 819 ad
697 763 814 819 clerica-

79 853 133 908 teda
149 855 184 907 De
200 853 372 908 tabernaculo
392 852 451 919 (lib.
470 853 520 922 lll,
543 869 603 922 cap.
621 853 654 920 9;
670 854 707 918 cf.
724 851 813 909 and.

79 945 167 1009 ,tt):
196 941 365 1007 Feminalia,
390 955 456 1011 quae
475 942 512 997 ad
536 941 723 1011 operiendam
747 955 815 998 car-

79 1030 237 1102 pitudincm
253 1030 317 1086 lieri
331 1031 520 1097 mandantur,
536 1031 615 1086 illam
638 1031 815 1087 castimonia

79 1133 139 1187 em,
156 1132 222 1190 quae
240 1118 277 1174 ab
292 1119 422 1189 appetitu
449 1120 559 1190 copulae
582 1118 746 1192 eonjugalis
771 1133 816 1175 co·

81 1207 374 1279 propriedesiguant
397 1207 466 1279 (34),
495 1209 557 1264 sine
576 1222 635 1278 qua
659 1222 743 1264 nemo
769 1206 814 1264 vel

79 1297 160 1353 stium
185 1296 328 1366 suscipere
343 1295 389 1353 vel
415 1297 451 1352 ad
471 1295 570 1353 altaris
593 1304 684 1367 potest
706 1303 814 1366 myste-

80 1385 235 1450 onsecrari,
252 1385 276 1441 si
301 1399 361 1441 non
380 1392 431 1441 aui
458 1385 542 1457 virgo
558 1387 748 1456 permanserit
763 1393 815 1442 aut

79 1482 113 1530 :ta
144 1473 254 1529 uxoriae
277 1474 491 1544 conjunctionis
516 1474 623 1531 lmdera
646 1476 702 1544 (35)
723 1474 811 1531 solve·

79 1561 185 1631 epatius
214 1564 343 1618 Venantic
367 1565 489 1633 episcopo
511 1564 632 1617 Lunensi
651 1562 752 1634 (llaur.
777 1564 811 1631 ll,

871 409 992 473 Quodsi
1016 411 1070 467 boc
1093 410 1202 468 inventi
1231 411 1339 468 luerint
1369 422 1576 484 perpetrantes,
1602 430 1715 473 excom·

870 498 1075 566 munioentur;
1103 500 1307 558 conitientibus
1339 510 1437 558 antem
1468 506 1660 572 decrevimus,
1686 512 1718 562 ut

870 584 974 641 babeat
993 588 1192 642 auctoritatem
1217 585 1346 656 ejusdem
1364 586 1417 643 loci
1435 587 1586 657 episcopus
1603 590 1718 646 miseri-

870 673 996 729 cordiam
1016 673 1287 745 humanitatemque
1314 674 1423 747 largiri.
1450 678 1628 746 Hieronymus
1651 693 1717 733 eon-

872 767 917 817 tra
942 764 1128 829 denintunam,
1159 764 1207 818 lib.
1226 765 1257 819 l:
1292 768 1327 820 ut
1348 768 1373 819 si
1399 767 1524 836 nupserit
1546 767 1637 835 virpo,
1660 785 1717 827 aon

869 851 1027 922 peccantia
1055 853 1115 909 tior.
1144 852 1273 923 vtt.28);
1307 867 1365 909 non
1395 853 1515 926 (autem)
1544 854 1593 912 illa
1620 858 1716 930 virgo,

871 953 936 1011 quac
949 954 979 996 se
993 940 1080 998 semel
1095 941 1145 997 bei
1169 942 1260 998 ouliui
1276 942 1439 1010 dedicavit;
1460 943 1566 1002 barum
1585 945 1607 1002 si
1633 961 1717 1018 qua·

870 1043 959 1099 quam
974 1031 1114 1100 nupserit,
1130 1030 1246 1087 babebit
1264 1031 1491 1100 damnationem,
1507 1035 1578 1105 quia
1592 1036 1717 1106 primum

869 1117 955 1174 tidem
970 1118 1082 1175 irritam
1102 1118 1179 1175 lecit.
1196 1119 1224 1174 Si
1238 1127 1334 1176 autern
1361 1119 1415 1177 boc
1436 1121 1470 1178 de
1486 1123 1583 1180 viduis
1601 1125 1717 1199 adjacit,

869 1214 978 1276 quanto
1021 1207 1112 1279 magis
1150 1208 1186 1264 de
1229 1208 1393 1280 virginibus
1433 1212 1608 1282 praevalebit,
1649 1228 1717 1271 eum

869 1295 955 1351 etiam
986 1295 1031 1353 bis
1057 1311 1114 1353 non
1136 1296 1231 1363 liceat,
1262 1297 1371 1368 quibus
1398 1297 1556 1369 aliquando
1594 1315 1653 1359 non
1681 1302 1715 1358 li-

869 1385 947 1455 cuit;
993 1385 1123 1457 virgines
1163 1385 1248 1452 enim,
1290 1402 1356 1458 quae
1391 1388 1505 1458 publico
1544 1398 1717 1448 consecratae

868 1479 1050 1541 nupserunt,
1075 1481 1211 1531 nontam
1235 1475 1362 1532 aduterae
1381 1483 1450 1532 sunt
1475 1491 1564 1547 quam
1591 1478 1717 1536 incestae.

868 1562 1043 1632 deposimus
1076 1565 1114 1618 De
1142 1565 1267 1632 conflicta
1298 1567 1426 1619 eitimam
1459 1572 1538 1636 atque
1569 1569 1715 1637 uirtutum,

87 1651 246 1709 Statuimus
270 1651 420 1708 diaconem
448 1659 476 1707 et
502 1652 635 1708 abbatem
664 1651 700 1707 de
730 1661 814 1721 portu
829 1663 851 1718 Β
868 1664 930 1720 cap.
947 1651 1075 1708 XllllV:
1103 1650 1361 1709 Nubendilioentia
1376 1653 1553 1723 quibusdam
1577 1656 1717 1715 tribuitur

79 1755 98 1809 s,
125 1754 212 1811 quem
228 1739 293 1810 (36),
319 1741 434 1810 judicas
462 1741 607 1808 cecidisse,
635 1739 672 1795 ad
698 1754 814 1798 sacrum

80 1844 98 1886 n
114 1844 171 1886 non
186 1830 289 1887 dehere
304 1830 349 1885 vel
366 1844 447 1899 posse
459 1831 558 1900 aliquo
574 1830 657 1885 modo
672 1830 813 1899 revocari,

79 1930 161 1973 eones
190 1931 320 1987 quoque,
350 1932 424 1988 quos
450 1917 538 1973 simili
561 1917 646 1987 culpa
671 1919 813 1973 constrin-

79 2005 96 2075 ),
114 2005 150 2060 ab
165 2004 258 2060 olstcio
279 2020 332 2062 suo
354 2005 580 2062 irrevocabiliter
602 2005 721 2075 depositi
739 2008 814 2065 inter

79 2092 300 2150 :ommunioneur
315 2095 468 2165 accipiant.
488 2095 561 2150 ldem
580 2095 725 2150 Anthemio
749 2096 812 2150 sub·

91 2181 249 2248 :Quodsi
273 2183 380 2253 aliquis
407 2183 614 2241 monachorum
639 2184 675 2239 ad
699 2191 813 2240 tantum

79 2269 240 2340 prosiluisse
264 2272 465 2342 cognovimus,
497 2280 530 2329 ut
559 2286 667 2328 uxores
697 2271 813 2342 publice

79 2365 134 2424 tur,
160 2359 215 2415 sub
235 2360 314 2415 omni
347 2374 395 2416 eos
425 2360 579 2431 vigilantia
612 2361 755 2431 requiras,
785 2368 813 2419 ct

79 2461 100 2503 ts
113 2447 286 2504 cohibitione
299 2449 331 2505 in
354 2450 571 2518 monasterium,
601 2449 686 2520 cuius
710 2463 813 2506 mona-

79 2542 120 2602 nt,
144 2538 281 2593 remittas.
311 2538 406 2593 idem:
432 2538 564 2594 Pervenit
592 2538 629 2594 ad
650 2553 712 2606 nos,
732 2539 813 2609 quod

79 2623 149 2680 tvir
161 2626 368 2695 nequissimus,
385 2626 525 2683 diabolico
543 2628 680 2683 instinctu
699 2627 733 2683 de
748 2641 811 2684 mo-

79 2726 94 2768 o
109 2716 232 2770 suaserit
254 2717 413 2784 quamdam
437 2715 516 2772 exire
537 2716 594 2772 Deo
609 2723 751 2772 sacratam
767 2723 809 2772 at-

79 2802 194 2872 quodam
214 2802 285 2869 viro,
303 2802 379 2859 unde
393 2806 514 2870 exierat,
533 2804 569 2858 sit
584 2811 727 2871 revocata,
742 2818 811 2860 rnr-

96 2904 160 2947 eam
185 2891 233 2948 vir
256 2892 303 2948 illo
327 2892 523 2963 nequissimus
550 2891 653 2963 iniqua
677 2894 812 2950 suasione

871 1739 924 1796 boc
951 1739 1063 1810 estqui
1079 1739 1278 1810 virginitatem
1296 1741 1339 1798 vel
1364 1743 1563 1799 castimoniam
1586 1744 1717 1817 virgina-

869 1828 926 1884 lem
942 1827 998 1899 (39)
1014 1842 1202 1900 nequaquam
1216 1828 1334 1900 professi
1357 1840 1426 1887 sunt
1435 1847 1444 1903 ;
1469 1822 1645 1902 quibusdam
1660 1848 1716 1892 au-

871 1922 926 1972 tetn
942 1929 1000 1972 non
1012 1916 1162 1983 tribuitur,
1183 1917 1211 1973 id
1231 1926 1273 1974 est
1288 1918 1340 1988 qui
1354 1919 1482 1992 virgines
1497 1919 1541 1977 vel
1566 1920 1715 1980 eontinen-

870 2010 912 2061 tes
926 2019 985 2061 csse
1006 2004 1206 2062 decreverunt.
1230 2007 1389 2064 Fornicatio
1412 2008 1486 2064 nulli
1510 2009 1628 2081 impune
1648 2026 1715 2069 con-

870 2093 990 2149 ceditur.
1018 2093 1094 2149 ldem
1109 2093 1140 2148 r'n
1168 2095 1283 2164 epistola
1309 2095 1346 2149 ad
1373 2098 1547 2163 bonifacium
1573 2102 1713 2156 comitem:

869 2177 926 2234 Nos
954 2178 1098 2246 novimus,
1128 2194 1181 2236 nos
1208 2188 1291 2237 testes
1326 2196 1428 2239 sumus
1461 2184 1532 2254 quid
1563 2185 1715 2245 nobiscum

870 2267 947 2335 apud
963 2267 1102 2324 tubunas
1116 2269 1151 2324 de
1164 2269 1260 2325 animo
1275 2276 1304 2326 et
1318 2270 1467 2327 voluntate
1483 2279 1533 2328 tua
1548 2270 1639 2330 tueris
1654 2273 1716 2331 eol-

869 2353 992 2412 loeutus.
1016 2355 1074 2412 Soli
1090 2365 1185 2413 tecum
1199 2372 1326 2427 eramus,
1350 2374 1402 2431 ego
1416 2368 1444 2416 et
1471 2360 1559 2417 irater
1582 2363 1713 2432 Alypius.

869 2443 974 2514 Nempe
1002 2459 1101 2501 omnes
1130 2455 1212 2503 actus
1239 2447 1380 2518 publicos,
1414 2449 1523 2519 quibus
1556 2459 1716 2522 occupatus

868 2547 931 2590 eras
955 2533 1121 2605 relinquere
1145 2534 1292 2606 cupiebas,
1316 2545 1344 2593 et
1363 2545 1390 2594 tc
1414 2537 1444 2594 in
1465 2539 1557 2596 otium
1581 2549 1715 2598 sanctum

868 2623 1005 2688 conterre,
1021 2631 1108 2695 atque
1129 2623 1160 2680 in
1174 2639 1210 2681 ea
1223 2625 1283 2682 vita
1299 2626 1407 2695 vivere,
1434 2627 1464 2683 in
1484 2641 1543 2698 qua
1563 2630 1640 2686 servi
1663 2630 1715 2686 Dei

868 2711 1002 2768 monachi
1017 2713 1131 2769 vivunt.
1148 2712 1220 2770 Cum
1236 2729 1305 2786 ergo
1316 2722 1342 2771 te
1364 2729 1425 2772 esse
1446 2715 1477 2771 in
1492 2717 1546 2772 boe
1571 2717 1715 2788 proposito

869 2801 1072 2872 gauderemus,
1093 2795 1269 2873 navigavisti
1286 2816 1465 2873 uxoremque
1480 2802 1599 2861 duxisti.
1614 2804 1643 2861 Si
1651 2820 1717 2863 con·

865 2887 965 2960 jugem
982 2903 1041 2945 non
1061 2890 1194 2958 haberes,
1210 2890 1333 2946 dicerem
1354 2891 1406 2947 ttbi
1430 2891 1508 2962 quod
1529 2899 1556 2948 et
1584 2893 1716 2952 Tubunis

79 2979 197 3035 tasterio
223 2980 340 3050 ejiciens
364 2981 441 3051 apud
466 2996 496 3037 sc
519 2995 600 3037 nnnc
624 2995 717 3052 usque
745 2983 849 3065 reti-0
868 2977 1007 3046 diximus,
1022 2984 1054 3034 ut
1069 2977 1099 3034 in
1113 2980 1296 3036 continentiae
1310 2979 1438 3036 castitate
1454 2981 1579 3057 ¹viveres.
1603 2982 1657 3039 Sed
1682 2991 1715 3041 ui

79 3069 208 3137 npudice.
236 3069 374 3126 Volumus
398 3077 494 3127 autem
518 3079 606 3142 atque
629 3070 811 3141 precipimus

79 3166 193 3226 topatus
221 3157 265 3214 tui
280 3158 449 3215 auctoritate
465 3168 616 3215 revocetur
630 3173 665 3214 ac
689 3160 810 3217 reduea-

79 3245 137 3300 dem
171 3247 316 3301 Moralium
355 3248 404 3302 lib.
433 3248 501 3302 llll:
519 3248 616 3303 Melias
641 3252 680 3303 est
711 3248 811 3304 nabere

79 3333 225 3404 criticen.
242 3351 288 3399 vu,
307 3337 342 3406 9).
372 3337 437 3392 Sine
471 3336 559 3407 culpe
585 3336 621 3392 ad
639 3337 809 3409 coniugium

79 3431 97 3491 t,
114 3421 138 3479 si
154 3433 247 3481 tamen
266 3425 390 3482 necdum
403 3425 521 3482 meliora
544 3426 722 3482 devoverint.
737 3426 811 3483 llam

79 3512 99 3567 is
129 3513 223 3584 majus
254 3514 364 3572 bonurn
395 3515 493 3571 subire
517 3514 675 3585 proposuit,
701 3516 811 3573 bonum

87 3603 162 3672 quod
180 3603 273 3674 licuit,
293 3604 425 3660 illicitum
447 3605 521 3672 lecit,
543 3604 688 3674 Scriptum
703 3607 811 3676 quippe

79 3706 129 3745 tino
146 3697 254 3747 mittens
276 3710 388 3749 monam
401 3710 481 3749 snam
503 3709 587 3764 super
605 3700 739 3761 aratrum,
755 3703 809 3752 etc.

79 3793 94 3846 ι,
122 3782 175 3852 tt).
198 3782 321 3839 dolosius
348 3798 441 3852 papa:
466 3783 636 3853 Virqinibus
663 3783 752 3840 sacris
780 3798 810 3840 se

80 3882 107 3923 m
124 3869 232 3926 sociate
256 3873 445 3941 cognovimus
466 3880 494 3928 et
510 3880 573 3942 post
587 3872 751 3929 dedicatum
768 3872 810 3927 in-

79 3957 167 4014 edera
201 3959 399 4030 sacrilegaque
420 3961 557 4030 miscere;
579 3976 654 4033 quos
677 3962 810 4031 protinus

79 4052 139 4102 test
153 4060 170 4103 a
184 4061 267 4103 sacra
281 4049 483 4105 communione
508 4050 624 4106 detrudi
645 4057 672 4106 et
688 4049 743 4106 nisi
760 4065 810 4120 per

79 4149 112 4191 m
133 4136 341 4208 probatamque
364 4137 560 4208 poenitentiam
584 4152 641 4195 uon
666 4138 764 4208 recipi,
780 4146 810 4196 at

80 4231 107 4280 te
131 4225 267 4282 viaticum
294 4227 329 4282 de
344 4227 450 4283 saeeulo
473 4226 701 4295 transeuntibus,
727 4227 752 4283 si
766 4235 806 4284 ta·

865 3072 892 3123 te
917 3067 953 3122 ad
973 3068 1056 3123 istam
1081 3068 1172 3123 vitam
1193 3082 1251 3124 non
1277 3068 1424 3136 exhorter,
1454 3070 1562 3142 conjux
1590 3070 1716 3141 impedi-

865 3161 961 3212 mento
985 3161 1038 3220 est,
1061 3155 1123 3212 siue
1146 3157 1335 3214 consensione
1358 3157 1444 3229 cujus
1464 3160 1644 3217 continenter
1663 3160 1716 3218 tibi

864 3258 923 3300 non
939 3243 1127 3312 licetvitare,
1143 3246 1214 3315 quia
1234 3246 1286 3302 etsi
1312 3253 1342 3302 tu
1357 3259 1422 3302 eam
1449 3255 1512 3316 post
1537 3247 1586 3304 illa
1614 3249 1714 3306 Tubu·

865 3333 966 3389 nensia
983 3332 1074 3390 verba
1089 3341 1139 3390 tua
1164 3333 1270 3391 ducere
1292 3348 1350 3391 non
1377 3335 1510 3404 debebas,
1540 3335 1590 3394 illa
1606 3337 1658 3395 tibi
1673 3346 1714 3396 ta·

864 3434 930 3477 men
958 3419 1031 3477 nibil
1058 3422 1164 3478 horum
1188 3422 1283 3479 sciens
1305 3423 1474 3481 innocenter
1496 3431 1523 3481 et
1546 3426 1716 3497 simpliciter

864 3509 975 3580 nupsit.
1001 3510 1097 3581 Atque
1125 3511 1238 3568 utinam
1258 3526 1355 3581 posses
1377 3513 1402 3569 ei
1426 3513 1599 3583 persuadere
1623 3516 1714 3573 conti-

865 3599 1003 3664 nentiam,
1031 3606 1065 3654 ut
1080 3599 1141 3654 sinc
1168 3599 1371 3669 impedimento
1394 3602 1528 3659 redderes
1549 3603 1607 3660 Deo
1636 3605 1715 3674 quod

865 3691 891 3742 te
920 3686 1022 3743 debere
1054 3687 1211 3758 cognoscis.
1242 3687 1296 3744 Sed
1326 3687 1349 3744 si
1390 3687 1419 3744 id
1449 3704 1515 3746 cum
1550 3691 1600 3747 illa
1628 3704 1715 3764 agere

864 3788 923 3830 non
939 3782 1027 3844 potes,
1052 3788 1136 3832 serra
1158 3784 1252 3832 tamen
1277 3774 1447 3846 pudicitiam
1467 3780 1661 3851 conjugalem,
1687 3788 1716 3837 ei

863 3876 935 3934 roga
950 3863 1042 3920 Deum
1066 3869 1099 3919 u't
1120 3864 1198 3934 quod
1227 3878 1285 3920 non
1308 3872 1385 3934 potes
1417 3865 1510 3933 modo,
1541 3868 1632 3937 possis
1659 3867 1713 3923 ali-

864 3953 992 4022 quando.
1027 3953 1102 4008 idem
1134 3954 1172 4007 De
1199 3956 1366 4009 continentia
1397 3954 1522 4009 oidttali:
1545 3958 1614 4011 dom
1643 3959 1714 4012 enim

864 4056 998 4097 oonoemae
1025 4048 1088 4097 sant
1114 4041 1238 4109 quadam
1266 4047 1339 4097 retro
1374 4043 1508 4098 satanam
1532 4045 1556 4114 (l
1589 4047 1656 4100 Tim.
1683 4059 1713 4113 v,

867 4131 918 4200 ti),
934 4131 962 4186 id
979 4139 1021 4188 est
1038 4131 1075 4187 ab
1099 4130 1149 4187 illo
1172 4130 1323 4188 excellenti
1343 4132 1496 4204 virginalis
1518 4133 1563 4189 vel
1588 4133 1714 4191 vidualis

866 4218 1007 4276 castitatis
1034 4219 1179 4290 proposito
1213 4219 1242 4275 in
1271 4219 1428 4290 posteriora
1461 4222 1639 4291 resprciendo
1667 4236 1714 4279 ca·

79 4313 255 4382 (enituerint,
284 4329 343 4371 non
380 4329 496 4387 negare.
525 4319 570 4372 Ee
606 4316 813 4373 chalcedonensi
829 4289 851 4344 ⁰
867 4309 935 4364 dere
961 4316 989 4366 et
1004 4307 1130 4366 interire.
1159 4309 1280 4367 Proinde
1309 4309 1387 4380 quod
1411 4323 1440 4366 se
1470 4325 1527 4368 non
1557 4313 1714 4381 continent,

86 4402 317 4459 :Diaconissam
344 4418 402 4460 non
433 4404 536 4462 debere
564 4412 630 4462 aute
657 4406 691 4460 lll
720 4418 813 4462 annos

78 4491 95 4546 ·i
122 4491 300 4566 [statuimus]
327 4502 355 4550 et
377 4495 429 4550 boc
452 4509 518 4551 curn
545 4494 676 4565 diligenti
704 4493 812 4564 proba-

79 4578 108 4636 st
131 4595 198 4638 vero
225 4581 382 4653 susceperit
405 4583 615 4640 ordinationem
635 4589 663 4639 et
688 4589 811 4652 quanto-

79 4687 82 4721 ι
96 4677 224 4739 tempore
248 4670 445 4728 observaverit
460 4672 517 4743 (38)
541 4670 749 4740 ministerium,
761 4669 811 4742 [et]

83 4771 113 4814 so
138 4759 246 4828 nuptiis
275 4759 435 4827 tradiderit,
459 4760 597 4831 injuriam
623 4759 731 4815 iaciens
746 4773 809 4830 gra-

79 4845 162 4912 ,baec
185 4848 339 4903 anathema
352 4849 388 4905 sit
406 4863 473 4906 curn
490 4848 539 4904 illo
558 4848 611 4920 qui
634 4847 663 4903 in
688 4847 809 4917 nuptiis.

82 4934 325 5006 virginemque
340 4951 368 4993 se
393 4938 449 4994 lieo
469 4935 657 5005 consecrarit,
680 4934 812 4994 similiter

79 5058 162 5115 liausi
177 5059 280 5116 omittit
293 5065 351 5115 ont.

79 5132 161 5186 llausi
175 5147 182 5185 τ
196 5135 245 5201 qai
259 5162 293 5171 --
306 5134 461 5201 promoveri
474 5133 584 5200 poterit.

86 5204 212 5257 lionae:
229 5203 392 5264 Feminalia.
421 5219 481 5272 qua
494 5203 533 5255 aa
557 5201 731 5271 operiendam
746 5218 810 5259 car-

79 5273 223 5340 ·pitadimis
242 5275 314 5345 filiis
341 5277 437 5331 Aaron
462 5275 576 5339 duntur,
606 5274 655 5329 ilia
682 5272 729 5348 [m]
761 5289 811 5330 ca-

79 5345 243 5471 adportione
266 5343 327 5420 (ιη),
350 5362 410 5416 qna
432 5344 466 5400 ab
482 5347 607 5416 appetita
633 5374 668 5386 -·
697 5347 810 5418 proprie

114 5430 190 5470 esta
243 5459 249 5472 .

79 5431 273 5547 tanewara
285 5503 347 5545 cam
369 5504 456 5546 acore
476 5488 679 5561 coniunctionis
690 5488 807 5557 [admo.

866 4397 990 4466 nubant,
1004 4405 1161 4470 antequam
1185 4398 1390 4455 continentiam
1409 4389 1608 4470 pionnantur,
1633 4409 1713 4459 aute·

867 4501 956 4561 quam
969 4487 1025 4544 Deo
1048 4495 1189 4555 voveant;
1215 4488 1369 4559 quodnisi
1390 4490 1522 4561 reddant,
1546 4489 1612 4562 jure
1627 4491 1708 4547 dam·

867 4578 1027 4634 nabuntur.
1044 4577 1108 4634 Alio
1121 4579 1229 4649 quippe
1248 4577 1307 4634 loco
1322 4577 1357 4634 de
1379 4578 1487 4636 talibus
1505 4579 1574 4637 dieii
1602 4580 1624 4653 (l
1642 4582 1710 4637 iim.

866 4682 897 4734 v,
914 4665 976 4738 ll):
993 4666 1059 4723 Cam
1083 4669 1198 4721 enimin
1217 4667 1322 4722 deliciis
1347 4670 1450 4734 aperiat
1475 4671 1506 4723 in
1523 4671 1639 4737 Gltristo,
1663 4686 1714 4725 na·

867 4755 927 4811 bere
953 4757 1058 4823 noiant,
1093 4755 1219 4811 babentes
1257 4756 1468 4825 damnationem,
1498 4759 1563 4827 qnia
1592 4761 1713 4828 primam

865 4846 945 4916 paen
963 4846 1073 4901 irritam
1086 4847 1218 4914 ternant,
1237 4844 1323 4903 idest
1344 4845 1521 4903 voluntatem
1544 4847 1580 4903 ad
1597 4847 1714 4918 nuptias

865 4948 883 4991 a
914 4934 1061 5006 proposito
1089 4930 1273 4991 continentiae
1297 4934 1492 4992 deflexerunt.
1518 4937 1605 4993 item:
1628 4936 1711 5002 Quae·

901 5057 957 5131 (36)
978 5059 1108 5116 lionae:

901 5130 946 5216 37)
970 5132 1099 5187 lionae:
1125 5059 1513 5201 {miniceoggsmqalogzfflttos
1535 5135 1620 5190 simili
1644 5150 1711 5191 eon·

865 5201 1085 5344 stili'tssqlub'lton‘blb’.
1096 5211 1322 5328 {tetobsemaoerit
1339 5273 1385 5329 ad.

865 5344 1095 5484 anfftmue‘*
1121 5348 1169 5414 qni
1194 5347 1358 5413 oirpinalcm
1385 5346 1428 5402 cel
1450 5347 1638 5404 castimoniam
1662 5350 1709 5406 ni·
