3804 5962
102 258 154 313 lib
385 251 491 310 curat
510 250 702 309 abactam
721 250 796 307 OPP.
818 248 909 308 etas
926 250 961 308 11.
980 277 1015 293 -·
1035 247 1219 306 suadebas
1238 248 1281 304 ΕΤ
1298 246 1421 306 OPUSC.
1442 246 1562 306 asom.

102 387 179 439 tuom
209 383 280 437 siout
312 395 396 437 uuam
433 380 466 435 de
501 379 615 449 filiabus
656 378 811 449 Belialltl
838 379 904 448 dep.
928 374 1226 450 uaginissummae,
1243 375 1371 433 Ecclesia
1388 375 1513 434 maxime
1530 377 1712 446 trepucotare
1732 391 1760 433 eo

104 472 164 543 15.)
250 529 257 539 ,
1005 467 1058 532 vit,
1078 482 1136 524 non
1162 467 1255 524 solum
1282 481 1333 537 pro
1354 469 1506 523 sanctitate
1520 466 1632 529 matris.
1646 466 1691 521 vel
1712 465 1761 538 dig

385 571 499 615 entorto
518 569 674 615 caucanet.
1006 565 1108 627 partus
1128 557 1153 612 ei
1181 556 1307 612 concessi
1331 557 1359 611 in
1382 555 1523 624 Samuele,
1548 555 1688 612 sciliceta
1716 570 1760 626 qu

135 647 280 705 infelicem
306 661 335 704 se
362 646 442 713 dicit,
471 649 553 719 quasi
578 648 759 718 probrosam,
773 645 842 717 auia
863 645 951 703 male·
1004 646 1114 703 cialiter
1143 659 1180 716 pr.
1195 646 1288 716 phetae
1308 645 1447 702 dicuntur
1461 644 1618 716 incepisse,
1635 652 1662 700 et
1675 645 1758 716 quip

101 739 177 795 dicta
200 736 312 801 sterilis,
343 744 460 807 etqua
484 735 785 804 semeononrelinuit
804 736 831 790 itt
853 734 949 791 israel.
1005 734 1462 792 amatrelionrinoestoblatus:
1482 733 1760 804 verutnetiamquia

102 827 183 884 Unde
207 834 235 883 et
257 824 327 881 illud
352 832 395 881 est
416 825 529 881 tltsabe
543 825 582 880 b:
601 827 670 891 outa
687 825 802 890 siesecit
815 823 884 879 milti
897 827 949 880 lio-
1004 824 1052 881 lus
1070 832 1136 881 ante
1160 825 1365 895 prophetarum
1393 831 1509 892 tempos
1533 831 1590 881 tarn
1605 823 1754 881 manifeste

78 918 190 972 minus
214 918 244 970 ιἰι
273 914 367 970 diebus
396 914 494 981 quibus
517 917 762 984 respecttont'erve
775 914 951 984 opprobrium
1004 923 1081 970 stum
1095 922 1123 970 et
1150 914 1214 984 ejus
1242 913 1397 983 imperium
1416 914 1445 969 in
1460 914 1523 969 suis
1536 913 1664 980 canticis,
1680 913 1756 970 sicut

97 1021 185 1061 meum
206 1008 279 1060 inter
304 1005 422 1060 ltomitus
447 1005 524 1075 (Luc.
552 1019 571 1071 t,
588 1004 642 1072 25).
665 1002 745 1060 Unde
769 1013 797 1058 et
814 1002 883 1059 illud
908 1010 950 1059 est
1004 1006 1098 1069 Anna,
1127 1002 1310 1072 prophetasse
1333 1002 1456 1058 videtur.
1482 1001 1527 1058 Sic
1544 1003 1652 1074 quippe
1663 1004 1703 1058 ait
1717 1003 1751 1057 de

98 1093 322 1160 Deuteronomii,
343 1093 420 1164 quod
445 1092 584 1149 Dominus
615 1093 806 1148 intercaetera
829 1091 950 1162 promit·
1005 1090 1124 1158 Cttristi,
1154 1099 1182 1148 et
1210 1093 1437 1160 ipso:lieminus
1457 1090 1597 1162 judicabit
1623 1092 1694 1159 fines
1718 1098 1759 1146 ter

98 1185 132 1242 tit
160 1184 277 1255 populo,
306 1197 358 1252 pro
382 1181 950 1253 prce-ceptorumobservantia2llonert't
1006 1180 1084 1236 dabit
1113 1182 1259 1250 imperium
1289 1185 1419 1250 reptsun,
1449 1181 1760 1239 etsubtimobitcornul

76 1274 215 1344 -opadte
240 1273 342 1329 eteritis
365 1274 508 1338 utriusque
530 1287 621 1336 secus,
647 1277 702 1327 tom
729 1273 759 1325 in
787 1271 949 1340 bominibus,
1004 1272 1048 1326 rut·
1077 1269 1102 1341 (l
1116 1270 1182 1337 ch.
1203 1284 1248 1335 ιι,
1276 1269 1327 1342 10).
1352 1269 1486 1326 Νοιιι1ιιιιι
1503 1270 1610 1345 quippe
1632 1285 1682 1327 rex
1709 1273 1737 1327 itt

98 1381 180 1435 quum
208 1366 237 1417 in
270 1362 397 1432 ereptam
426 1365 480 1417 tuis
508 1360 597 1432 (deut.
628 1377 676 1428 vn,
711 1361 852 1429 toloneo
881 1375 950 1418 vero
1004 1367 1066 1417 erat
1093 1359 1278 1426 constitutos,
1301 1360 1336 1415 ad
1361 1373 1449 1431 quem
1477 1359 1536 1414 baec
1560 1358 1760 1431 prophetissa,

97 1458 160 1509 att:
182 1454 292 1521 Vinum,
317 1457 343 1507 et
366 1466 442 1508 omae
457 1450 531 1520 qued
544 1450 681 1508 inebriare
694 1455 794 1520 potest,
814 1465 868 1506 aon
880 1450 947 1516 dibi,
1005 1449 1073 1506 latio
1098 1448 1262 1519 pertineret.
1289 1449 1354 1518 lpsa
1377 1449 1469 1519 primo
1481 1448 1636 1516 Christum,
1654 1449 1707 1504 boc
1721 1459 1760 1506 est

98 1555 236 1613 magnam
269 1541 349 1598 laicae
371 1539 485 1597 leminao
506 1539 550 1596 vel
570 1539 734 1612 conjugatae
749 1539 948 1610 perfectionem
1003 1537 1076 1594 siam
1100 1551 1202 1593 verum
1229 1544 1359 1607 patenter
1385 1538 1548 1607 exprimere
1571 1538 1760 1607 meroit3ips:

97 1630 245 1700 exprimit.
276 1630 369 1695 Quam
392 1628 518 1700 prolecto
539 1630 743 1686 abstinentiam
760 1629 782 1684 si
799 1637 946 1700 tuocage-
965 1679 987 1736 Β
1005 1626 1105 1683 nileste
1132 1625 1310 1699 prenuntiat
1336 1624 1468 1682 loturum
1499 1627 1575 1697 qood
1603 1627 1692 1683 diaria
1716 1628 1760 1687 det

97 1719 157 1788 bat,
187 1729 218 1776 ιιι
241 1719 305 1791 ejus
326 1718 484 1775 orationem
501 1717 613 1776 lucilius
626 1719 777 1775 exaudiret
797 1718 947 1785 dontinus,
1004 1716 1188 1787 emptorum,
1214 1726 1353 1788 tanquam
1380 1717 1463 1773 tidem
1484 1715 1619 1788 Virginis,
1631 1724 1687 1773 tam
1700 1730 1760 1790 prop

75 1809 132 1864 ,de
162 1817 246 1879 parto
269 1820 356 1878 quem
378 1806 550 1880 postulabat,
575 1804 686 1878 qoadto
702 1806 795 1878 magis
820 1806 948 1879 virgines
1003 1819 1093 1876 quam
1111 1805 1378 1876 partusinstrueret
1395 1804 1508 1861 sterilis.

98 1895 215 1962 christi,
245 1909 311 1966 quae
333 1894 453 1967 spiritali
469 1909 503 1952 ac
531 1896 614 1967 longe
638 1895 746 1952 meliori
764 1894 871 1952 tructui
890 1905 948 1952 stu·
1225 1908 1371 1950 crescent
1386 1909 1524 1950 necessse
1538 1908 1637 1950 xxxiv.

97 1986 179 2052 dent,
203 1985 345 2041 istudecet
364 1984 561 2040 abstinentia?
578 1985 668 2040 Filtos
681 1983 769 2040 Belial
786 1983 947 2054 specialiter
1036 1982 1109 2040 lllud
1136 1983 1221 2040 etiam
1252 1994 1345 2041 ntovet
1367 1985 1442 2054 qttod
1460 1984 1504 2039 bic
1518 1983 1624 2041 uiuitur
1639 1999 1645 2039 :
1662 1987 1751 2040 Donec

72 2072 232 2145 appellat,
259 2087 333 2144 tpuas
371 2072 425 2130 sibi
459 2072 601 2141 diabotus,
638 2081 778 2145 tanquam
801 2073 945 2144 propriam
1001 2072 1036 2127 lis
1060 2077 1169 2143 peperit
1188 2073 1323 2143 plurimos
1352 2073 1441 2141 libid,
1471 2072 1570 2141 5).Etsi
1596 2074 1672 2128 enirn
1699 2072 1757 2129 Scri

97 2164 206 2234 prolem
244 2172 372 2234 generat.
408 2161 540 2218 Ebrietas
573 2163 681 2233 quippo
709 2163 946 2219 statomtoentis
1002 2162 1183 2231 psttnodum
1211 2166 1313 2218 relevat
1337 2163 1412 2232 qnod
1431 2162 1760 2232 pnstSamuelemadho

95 2252 209 2318 evertit,
233 2258 261 2307 et
291 2250 435 2323 quidquid
461 2251 596 2321 imaginis
607 2253 655 2307 bei
672 2266 720 2322 per
735 2251 875 2308 rationem
891 2253 945 2308 ba·
1002 2249 1074 2307 ltlios
1097 2259 1125 2306 et
1153 2252 1227 2306 duas
1246 2250 1319 2305 tilios
1342 2253 1428 2306 Anna
1456 2252 1576 2320 peperit.
1591 2251 1719 2306 nondum
1737 2262 1760 2307 ta

95 2341 208 2410 bemus,
237 2341 408 2411 exstinguit,
433 2348 464 2397 ut
487 2340 628 2411 Jutttentis
653 2339 855 2412 insipientibus
868 2356 944 2398 onm-
1000 2341 1069 2396 dom
1086 2341 1139 2397 berc
1161 2342 1267 2397 diceret
1287 2341 1442 2408 canticum,
1468 2340 1522 2396 nisi
1539 2339 1698 2397 Samuelem
1711 2341 1760 2398 bal

94 2430 229 2502 parandi,
254 2428 418 2485 eltleiamur
446 2428 520 2485 sicot
543 2444 639 2500 equus
666 2429 813 2496 etmulus,
837 2430 945 2501 quibos
1000 2428 1131 2486 relertur.
1161 2428 1308 2497 Quornodo
1336 2432 1422 2486 etiam
1447 2430 1481 2485 de
1502 2429 1568 2485 liliis
1595 2445 1655 2486 sors
1677 2431 1760 2500 dicit;

94 2526 210 2576 nonest
245 2517 417 2575 intellectus.
455 2518 605 2589 Antiquos
634 2518 731 2580 hostis.
758 2529 785 2576 et
813 2519 944 2577 diabolus
999 2534 1054 2574 mos
1076 2525 1103 2576 et
1130 2520 1165 2577 de
1197 2520 1261 2576 tilis
1284 2519 1760 2586 atttulaesotePlteoennae,dicitn

94 2608 211 2674 dicitur,
242 2607 297 2664 boo
322 2614 364 2664 est
388 2607 515 2663 deorsum
535 2610 694 2679 ltuens;et
720 2608 861 2678 Zubnltts,
881 2611 943 2667 sivo
1000 2607 1105 2678 libid),
1133 2616 1274 2680 tanquam
1309 2609 1368 2674 ipsa
1392 2609 1489 2678 plures
1514 2610 1750 2680 babueritqnam

94 2696 225 2765 Satanas,
255 2696 333 2768 quiid
358 2695 388 2752 ἰιι
417 2695 551 2754 Latinum
579 2706 663 2755 sanat
683 2697 943 2765 accusatricem
997 2694 1145 2765 Quamvis,
1165 2712 1241 2754 entm
1271 2696 1419 2767 Scriptura
1442 2712 1498 2753 non
1527 2697 1644 2754 deliniat
1671 2710 1741 2769 quot

92 2791 344 2857 trunspressor3et
356 2784 455 2855 Belial,
480 2787 533 2844 hoe
559 2791 603 2843 est
630 2788 732 2856 absque
749 2789 837 2856 iupa.
861 2785 942 2853 Quod
997 2784 1132 2842 babuerit
1157 2786 1321 2850 phenenna,
1353 2786 1486 2842 nonnulli
1512 2795 1606 2842 tamen
1631 2797 1760 2844 astruunt

93 2877 210 2949 quidem
241 2890 344 2931 nontett
367 2876 420 2931 boc
450 2875 511 2932 loco
533 2875 846 2946 propterebriosroote
866 2875 938 2943 posi·
997 2874 1094 2945 plores
1106 2876 1239 2933 babuisse
1254 2889 1341 2947 qoam
1360 2878 1486 2943 Annam,
1504 2875 1557 2931 ltoc
1570 2883 1611 2931 est
1625 2885 1752 2946 septem.

93 2973 156 3022 tum
185 2970 236 3023 est.
260 2978 327 3020 cum
351 2962 433 3030 ebrii,
457 2972 595 3032 tanquam
609 2964 713 3032 insani,
732 2963 803 3019 nulli
821 2964 880 3030 Dei,
898 2963 981 3033 vclc
1288 2979 1401 3021 socorto
1418 2978 1574 3021 abactam.

93 3054 251 3123 discipline
277 3052 349 3122 jugo
377 3051 556 3121 subjaceant.
580 3051 663 3107 Tales
689 3065 759 3121 crgo
781 3051 849 3108 dicit
871 3053 942 3111 ltlias
1032 3055 1092 3110 Nnn
1116 3061 1158 3110 est
1181 3068 1293 3111 necesse
1315 3062 1345 3109 ot
1375 3053 1512 3123 plurimos
1535 3054 1588 3109 boc
1605 3053 1665 3108 loco
1681 3068 1760 3125 prop

93 3142 193 3208 Belial,
229 3141 330 3210 ooales
358 3139 524 3197 lunbuodae
547 3140 648 3197 llacclti
677 3141 872 3201 sacerdotissae
894 3145 941 3201 de·
995 3142 1189 3212 comparative
1206 3142 1393 3212 accipiamus,
1419 3153 1549 3212 respectu
1574 3143 1745 3211 pauciorum

92 3231 271 3288 scribuntur.
995 3230 1135 3300 plornttns
1161 3230 1229 3286 dreit
1257 3229 1397 3296 absolute,
1426 3233 1499 3286 sient
1519 3239 1546 3287 et
1563 3231 1677 3297 multos,
1707 3230 1760 3285 verl

317 3328 720 3389 ruostetttnscotssarxxtttt.
994 3320 1091 3376 entium
1116 3333 1204 3375 sensu
1233 3320 1360 3375 variatis.
1390 3319 1448 3376 Nec
1472 3320 1600 3391 impedit,
1617 3322 1639 3375 si
1651 3320 1712 3390 Jam
1737 3334 1760 3375 m

128 3405 201 3474 Quid
225 3411 267 3460 est
289 3406 374 3461 etiattt
407 3405 477 3460 illttd
509 3406 665 3462 dednna:
688 3409 837 3476 Vultusque
859 3410 938 3466 iltius
994 3408 1067 3464 stltns
1087 3408 1234 3464 habuisset
1263 3409 1358 3474 Anna,
1384 3410 1502 3479 quando
1521 3411 1666 3465 canticum
1693 3411 1760 3466 istut

91 3512 145 3554 non
172 3501 237 3551 sunt
261 3495 389 3566 cleptica,
412 3495 442 3548 in
460 3495 569 3550 diuerso
585 3499 683 3551 mutati
698 3495 712 3551 l
726 3497 750 3569 (l
767 3501 830 3567 ltep.
848 3512 868 3562 r,
896 3496 937 3568 t8)
994 3499 1071 3551 mitto
1102 3495 1247 3566 persolvit,
1276 3511 1412 3568 quatnvts
1435 3499 1584 3568 Scriptura
1608 3499 1739 3554 nondum

376 3597 490 3640 socuvto
505 3598 662 3641 anutium.
994 3584 1056 3640 lerit
1079 3599 1141 3641 eant
1169 3587 1306 3643 babuisse
1334 3588 1389 3644 nisi
1418 3586 1586 3644 Samuelem.
1611 3587 1690 3656 Saepe
1711 3601 1760 3642 nat

128 3668 253 3728 Hilarem
282 3680 395 3729 tantum
425 3675 536 3743 tactctn,
557 3685 585 3731 et
608 3689 666 3730 oon
685 3682 814 3733 moestam
830 3675 876 3735 rel
891 3674 938 3732 lle-
992 3675 1079 3729 series
1103 3673 1259 3744 scripturae
1283 3690 1340 3732 otto
1370 3684 1444 3734 tenet
1468 3677 1597 3733 ordinem
1634 3676 1760 3731 tristoriae

91 3757 178 3818 bilem
194 3761 328 3834 deinceps
342 3763 486 3820 exbibuit.
992 3765 1133 3821 nonnulla
1158 3777 1258 3822 narrat
1281 3776 1460 3837 praepostere.
1483 3767 1578 3823 Potuit
1599 3765 1683 3821 etiarn
1697 3766 1760 3823 istut

291 3866 444 3910 encastum
464 3867 603 3910 tttrtotssat
619 3868 722 3911 xxxttt.
992 3848 1149 3924 prophetia
1173 3857 1307 3925 spiritum
1335 3856 1420 3912 Anna
1447 3856 1627 3922 dicete,cutn
1640 3856 1759 3925 soluma

125 3938 200 4007 Quid
231 3949 259 3998 et
279 3941 351 3999 illud
383 3943 561 4000 estzorout't
581 3944 785 4009 dicete,ctait:
808 3943 936 3998 desulto-
991 3942 1109 4000 baberet
1128 3942 1300 4000 Samuelem.
1324 3944 1454 4016 Denique
1478 3944 1706 4015 neclncnngrue
1747 3944 1760 3998 d

88 4030 131 4084 uit
158 4045 204 4085 cor
233 4045 323 4085 meunt
349 4031 380 4086 iu
407 4029 612 4087 liomt'eolete.
642 4030 717 4102 llice.
748 4048 778 4095 tt,
812 4031 848 4103 1.)
878 4032 937 4088 lloc
990 4033 1082 4102 potuit
1108 4033 1233 4103 prosolo
1255 4032 1443 4101 Samueleut
1463 4032 1753 4105 ipsascilicetpluris

90 4119 198 4189 quippo
226 4119 372 4175 canticum
408 4120 497 4177 verba
525 4121 686 4192 gratiarum
712 4121 756 4178 vel
780 4121 936 4192 prophetia
990 4120 1019 4175 in
1032 4121 1120 4191 pretio
1135 4135 1223 4192 qnam
1239 4120 1288 4176 litii
1305 4121 1474 4188 phenenna,
1489 4123 1553 4180 lieet
1571 4136 1648 4178 unns
1660 4137 1688 4177 to
1704 4135 1760 4178 non

89 4207 185 4276 potius
196 4208 281 4265 babet
300 4223 388 4279 quam
403 4209 552 4266 orationis.
992 4209 1050 4265 lloc
1073 4208 1149 4266 enim
1168 4211 1251 4266 modo
1267 4225 1481 4283 nonnunquam
1496 4214 1637 4285 contingit
1653 4220 1685 4269 ot
1703 4212 1760 4269 illut

367 4311 480 4355 socurtc
496 4313 653 4355 abactam.
950 4268 1091 4357 Dcatttus
1109 4298 1173 4370 plus
1198 4299 1303 4356 babere
1327 4314 1416 4371 quam
1440 4300 1541 4370 alium,
1567 4301 1617 4374 qui
1629 4301 1760 4373 pauciora

124 4386 272 4452 Quantum
296 4387 416 4456 aestimo,
437 4395 503 4444 aute
529 4388 674 4444 cauticum
689 4385 844 4444 orationem
863 4401 932 4459 prae·
989 4399 1078 4456 mero,
1090 4389 1138 4444 sed
1151 4387 1318 4458 pretiosiora
1334 4389 1467 4459 possidet.

88 4476 167 4534 misit
184 4475 340 4547 :nunejus
368 4478 524 4546 canticum,
554 4476 598 4533 vel
618 4477 691 4533 actio
706 4489 868 4548 grattarum
884 4492 933 4534 ac·
1213 4492 1359 4535 annotant
1370 4494 1505 4537 necotssas
1519 4495 1604 4538 xxxv.

87 4564 257 4635 ceptabilius
287 4565 341 4621 [teo
363 4565 450 4621 lieret.
481 4567 521 4621 lle
541 4567 671 4623 oratione
689 4565 787 4636 itaque
803 4568 933 4636 praemis-
1021 4564 1210 4624 Obseeramus
1231 4577 1259 4624 et
1281 4567 1354 4640 quid
1377 4570 1448 4627 illud
1468 4571 1519 4627 sit:
1535 4570 1643 4626 Samuel
1670 4575 1760 4625 eutem

86 4668 151 4710 sum
181 4661 235 4719 est,
260 4655 422 4725 Orouit3et
436 4654 471 4711 dc
485 4655 596 4711 cantico
611 4655 811 4725 subjunctum,
826 4660 851 4710 et
866 4658 906 4710 eit
921 4675 932 4711 .·
986 4656 1123 4712 nistrubot
1147 4663 1212 4713 onte
1234 4660 1333 4725 socient
1363 4663 1472 4715 Domini
1492 4677 1563 4731 puer
1586 4644 1760 4715 accinctuse

85 4745 245 4799 desaltavit
270 4758 428 4808 cormeum,
444 4743 626 4799 etcNantet
642 4757 702 4799 mos
730 4743 858 4800 Ecclesia
890 4751 932 4800 est
987 4745 1067 4813 lineo,
1083 4752 1108 4802 et
1125 4751 1244 4802 tunicam
1280 4765 1397 4819 porcam
1419 4751 1538 4817 sociabat
1564 4755 1760 4816 mutaremur

86 4832 115 4888 in
150 4833 274 4906 singolis
302 4833 380 4888 boris
394 4833 553 4888 orationem
573 4833 745 4902 praemittere
761 4833 806 4889 itis
821 4847 887 4904 oua
903 4834 931 4890 in
986 4836 1117 4905 offmcbot
1141 4840 1266 4898 statutis.
1282 4838 1388 4907 diebvs,
1404 4840 1552 4894 ascendens
1566 4854 1627 4894 cum
1647 4842 1706 4893 circ
1725 4853 1760 4894 su

85 4919 222 4979 laudibus
239 4922 286 4978 Dei
308 4921 488 4978 decantanda
502 4929 578 4978 sunt.
608 4921 692 4978 Plura
708 4930 804 4977 autern
820 4923 932 4979 cantica
984 4927 1137 4982 immolaret
1168 4927 1283 4984 hostum
1308 4930 1451 4984 solemnem
1470 4928 1560 5000 (told,
1579 4929 1631 4994 18).
1662 4927 1727 4984 Sive
1757 4948 1760 4979 t

84 5014 251 5066 sanctarum
281 5009 455 5066 feminarum
483 5010 652 5078 legintusut
679 5009 817 5066 Debborae
839 5011 931 5082 (lodie
986 5015 1083 5083 levita,
1118 5023 1150 5073 ut
1187 5017 1365 5087 probabilius
1390 5025 1431 5074 est
1458 5017 1518 5074 sive
1558 5017 1692 5073 sacerdos
1718 5015 1760 5072 Sat

83 5110 113 5163 v,
139 5101 148 5150 t
175 5108 202 5155 et
223 5099 552 5171 sen.l,tttditbttuditit.
568 5100 797 5171 smeerseql.
812 5108 839 5155 et
855 5100 929 5156 istud
986 5103 1082 5171 luerit,
1110 5119 1296 5178 nequaquam
1326 5112 1396 5165 aetas
1420 5107 1551 5177 pueritia
1582 5105 1743 5162 ministerio

83 5185 176 5243 Annae
204 5201 304 5244 tttvtrrs
327 5188 477 5255 Sanrtelis,
504 5190 578 5245 sicut
605 5189 743 5246 etllatrlae
761 5189 930 5247 matrislio-
985 5195 1139 5251 convenire
1166 5198 1325 5253 secundnm
1361 5199 1449 5268 legent
1485 5205 1605 5267 poterat,
1634 5203 1666 5251 ut
1699 5195 1760 5252 vide

55 5326 59 5332 .
83 5275 155 5330 mini
182 5275 218 5338 de
245 5287 329 5345 partu
356 5279 410 5335 sbi
435 5293 450 5334 a
474 5279 878 5352 Damioncotnntissolbucn,
896 5281 930 5334 ld
984 5285 1077 5353 epbod
1101 5287 1247 5343 accinctus
1263 5293 1401 5357 tatttpuam
1422 5286 1519 5353 levita,
1541 5286 1760 5343 velsaccrtlosv

81 5371 109 5418 et
124 5363 209 5436 seql,
232 5363 271 5419 illi
288 5366 404 5435 quidem
425 5368 523 5433 sterili,
540 5378 570 5424 ut
586 5369 764 5425 ntaterlleret
781 5371 851 5424 tanti
868 5383 931 5440 pro·
983 5379 1082 5430 tenera
1106 5384 1189 5432 atate
1216 5376 1405 5431 ministraret.
1424 5374 1587 5443 Qoaerimus
1606 5384 1633 5431 et
1646 5388 1735 5446 quam
1753 5381 1760 5430 t

81 5452 187 5520 phetae,
216 5451 262 5511 isti
277 5466 343 5511 vero
360 5455 485 5528 Virgini,
503 5463 534 5514 ut
547 5466 649 5524 mater,
667 5458 746 5515 lieret
759 5457 926 5515 Salvatoris.
983 5475 1047 5518 cam
1065 5463 1112 5520 vel
1145 5464 1253 5536 quibua
1278 5465 1456 5536 temporibus
1480 5465 1596 5535 statutis
1623 5471 1717 5523 mater
1740 5477 1760 5537 p

82 5538 117 5595 Et
140 5541 194 5598 boc
221 5541 346 5613 prolecto
360 5545 505 5602 canticum
520 5547 619 5614 Anna,
637 5546 711 5604 sicut
723 5552 751 5604 et
770 5546 842 5605 illud
863 5545 933 5604 tire
982 5547 1107 5609 aberret.
1755 5547 1760 5556 ’
