3804 5962
449 257 630 316 expositio
649 259 685 315 IN
704 257 814 315 ttetst.
835 257 941 316 Pautt
959 260 1006 316 Ab
1025 258 1111 317 hott.
1126 290 1161 302 —
1175 259 1239 317 tte.
1257 259 1294 316 tt.
1458 324 1463 330 ,
1686 267 1739 324 846

79 379 204 450 abraha,
221 380 299 452 quod
315 381 407 453 primo
428 383 634 441 circumcisum
655 391 707 452 est,
734 398 834 441 servus
849 383 874 437 Α
888 382 945 440 nisi
960 381 1032 441 iorte
1042 397 1094 455 pro
1109 383 1229 442 hominu
1251 382 1394 442 interfecti
1417 382 1485 453 siut,
1501 383 1577 443 sicut
1600 385 1636 444 de
1653 386 1740 446 iunc-

79 469 108 525 in
136 477 317 527 sacramento
348 472 481 542 suscepit,
501 473 587 544 quasi
613 474 643 529 in
665 488 732 530 eum
752 475 838 544 juras
892 473 1023 529 centibus
1043 473 1181 531 creditur.
1208 474 1328 532 htteude
1354 476 1453 531 autem
1467 474 1546 546 quod
1559 475 1670 533 dictum
1685 485 1737 547 est,

79 573 97 614 x
119 560 227 616 semine
246 560 293 617 illo
317 561 485 618 nasciturus
503 563 531 617 ei
554 561 646 632 primo
660 563 755 619 iuerat
772 578 838 634 pro·
893 561 1041 617 desemine
1059 562 1188 630 Abrabae,
1213 577 1281 620 cum
1304 562 1438 620 nonnulli
1460 562 1557 620 ildelcs
1575 564 1661 622 etiam
1677 573 1739 637 post

79 662 110 715 ts,
130 647 160 703 id
178 651 222 705 est
235 649 266 704 in
288 647 446 705 Christum.
472 649 690 707 Circumcisioui
706 665 774 708 vero
791 651 838 707 iu·
893 649 1107 707 institutionem
1122 650 1351 708 circumcisionis
1373 657 1440 707 ante
1454 650 1610 708 adventum
1633 652 1739 711 christi

79 749 119 791 tm
139 745 217 793 certa
232 737 302 805 dies,
319 737 347 794 id
368 746 411 794 est
426 746 528 795 octava
542 747 620 796 recte
639 740 757 809 prefixa
783 748 835 809 est,
893 739 1055 796 circumcisi
1094 740 1247 797 morientes
1286 740 1348 812 lege
1384 739 1513 796 naturali
1550 739 1740 801 nihilominus

84 823 140 880 hoc
158 824 292 882 videlicet
308 826 507 897 praefiguraret
522 826 600 884 illius
621 835 730 885 octavae
750 827 838 885 clari·
894 841 983 898 quam
998 828 1163 885 circumcisi
1188 827 1292 886 salvati
1318 835 1396 897 sunt,
1413 828 1488 885 siout
1501 827 1592 885 iobct
1605 829 1740 888 nonnulli

84 920 135 980 ,et
150 913 360 971 beatitudinem
379 929 445 986 qua
464 916 571 973 sanctis
589 917 732 986 promissa
751 924 792 974 est
804 917 838 974 tl·
893 914 1013 973 tortasse
1034 916 1085 973 alii
1115 918 1247 989 gentium
1269 917 1397 974 naturali
1415 916 1478 989 lege
1493 916 1631 986 contenti,
1646 926 1673 975 et
1693 932 1739 975 sa·

79 1001 117 1058 lis
147 1003 244 1059 deberi
267 1003 318 1074 qui
347 1003 513 1060 iunocenter
538 1019 617 1061 more
646 1004 837 1076 parvulorum
894 1003 1070 1062 orificiorum
1090 1005 1149 1061 ritu
1170 1020 1236 1076 quae
1251 1005 1302 1063 lob
1316 1019 1434 1077 quoquc
1449 1019 1502 1077 pro
1523 1005 1590 1063 illiis
1605 1006 1741 1066 obtulisse

79 1098 141 1157 unt,
165 1106 219 1147 nec
246 1092 458 1161 purificationis
483 1101 698 1150 sacramentum
720 1094 756 1150 ad
785 1093 839 1150 hoo
893 1091 1010 1162 legitur,
1042 1094 1079 1151 ab
1099 1094 1235 1166 originali
1255 1102 1371 1165 peccato
1399 1109 1448 1152 scu
1475 1095 1600 1167 propriis
1618 1097 1739 1168 expiati,

79 1192 134 1247 ere,
146 1180 203 1236 nisi
228 1180 393 1237 innocentia
413 1182 595 1238 custodiatur
609 1182 685 1238 vitae.
700 1183 745 1240 ad
760 1184 839 1254 quod
892 1182 1051 1239 sicuthbel
1078 1182 1124 1239 vel
1137 1183 1195 1240 Noe
1219 1190 1285 1240 ante
1311 1184 1413 1256 legem,
1439 1183 1485 1241 vel
1504 1183 1737 1243 circumcisionis

79 1269 205 1326 lominus
219 1269 376 1327 adhortans
396 1272 551 1329 constituto
570 1273 600 1327 in
621 1271 717 1328 medio
732 1285 839 1341 parvu-
894 1271 1103 1328 institutiouem
1119 1287 1126 1328 :
1142 1273 1177 1329 dc
1189 1271 1328 1344 qualibus
1356 1286 1446 1343 supra
1467 1273 1617 1344 apostotus
1636 1274 1740 1332 memi-

80 1366 113 1415 t:
141 1361 203 1415 Nisi
230 1362 351 1415 conuersi
378 1362 500 1429 mettis,
526 1366 552 1417 ei
580 1362 741 1431 efficiemini
768 1363 838 1416 sicul
893 1359 947 1429 nit,
975 1360 1092 1417 dicens:
1122 1362 1189 1419 Cum
1206 1363 1276 1417 enim
1297 1366 1388 1431 gentes
1418 1377 1478 1428 quae
1502 1363 1586 1432 legem
1610 1379 1664 1419 non
1688 1363 1740 1420 ltc-

79 1446 125 1503 :lus
153 1450 214 1516 iste,
244 1456 298 1505 etc.
316 1449 426 1518 (Metth.
455 1464 539 1516 xvtn,
569 1449 607 1521 3).
637 1450 744 1507 Octava
767 1450 837 1517 dies,
893 1449 964 1512 beat
985 1456 1038 1506 etc.
1057 1450 1136 1507 Unde
1169 1458 1197 1507 et
1225 1450 1354 1508 isidorus
1377 1451 1737 1519 recommendatum,

83 1536 306 1594 circumciditur
338 1538 490 1608 parvulus,
516 1539 646 1595 iuturam
671 1546 838 1596 sanctorum
893 1551 957 1609 cap.
981 1539 1032 1594 t5:
1056 1560 1067 1588 ι
1088 1539 1206 1608 Christi,
1229 1539 1334 1611 inquit,
1360 1540 1520 1598 adveutum
1538 1555 1597 1597 non
1624 1547 1740 1598 tautum

79 1632 153 1682 atem
175 1626 206 1682 in
227 1627 272 1682 die
298 1627 515 1684 resurrectionis
537 1627 694 1699 significat,
719 1628 839 1699 quando
893 1627 983 1697 plebis
1003 1629 1109 1685 iudaeae
1132 1629 1225 1687 sancti
1255 1629 1459 1701 prophetantes
1485 1638 1739 1701 exspectaverunt,

81 1721 125 1771 cet
148 1723 304 1785 resumptae
322 1717 419 1772 carnis
438 1717 545 1773 veritas
573 1717 763 1788 permanebit,
779 1717 839 1773 sive
854 1728 877 1788 Β
893 1717 943 1774 scd
967 1716 1056 1775 luisse
1078 1718 1166 1775 etiam
1198 1717 1418 1776 lunationibus
1449 1717 1601 1790 plerosque
1624 1727 1739 1778 sanctos

79 1801 180 1860 addita
204 1804 367 1874 corruptela
386 1805 505 1875 peccati,
530 1819 596 1876 quta
616 1805 671 1862 erit
694 1819 764 1863 vcra
785 1805 838 1862 cir·
890 1805 967 1864 viros
991 1807 1150 1879 prophetie
1171 1806 1281 1865 donum
1302 1808 1451 1876 hahentes,
1478 1806 1587 1878 quibus
1606 1821 1659 1878 per
1673 1808 1737 1879 spi-

79 1891 141 1956 isi0‚
162 1893 193 1949 iu
214 1893 419 1964 exspoliatione
445 1894 554 1951 scilicet
579 1895 684 1951 veteris
711 1894 838 1951 hominis
891 1895 982 1952 ritum
1002 1904 1135 1954 sanctum
1158 1897 1291 1954 Christus
1320 1897 1504 1954 revelabatur
1530 1903 1559 1954 et
1583 1911 1601 1953 a
1626 1897 1741 1969 quibus

79 1981 190 2037 actibus
206 1982 278 2048 suis,
294 1996 361 2037 cum
377 1981 437 2052 jam
464 1981 596 2038 videlicet
626 1982 752 2039 carnalis
771 1997 838 2040 con·
891 1985 1124 2056 exspectabatur,
1146 1985 1221 2042 sicut
1239 1987 1302 2050 ioh,
1324 1985 1450 2054 Balaam,
1476 1985 1529 2057 qui
1548 1984 1655 2044 Christi
1678 1986 1738 2044 uti·

79 2070 173 2126 centiae
200 2070 325 2125 stimulis
349 2071 535 2128 manentibus
551 2071 679 2143 angelice
699 2071 781 2129 nobis
795 2072 838 2128 vi·
892 2088 950 2146 que
968 2074 1199 2144 predicaverunt
1218 2075 1389 2132 adventum.
1407 2095 1421 2126 »
1438 2074 1516 2131 hicet
1527 2081 1624 2132 autem
1640 2075 1739 2132 lobea

79 2172 119 2214 tm
142 2157 237 2227 itrerit,
267 2159 329 2228 uhi,
355 2160 451 2230 iuquit
477 2158 601 2227 Veritas,
623 2177 709 2230 neque
734 2160 839 2216 nubent
890 2156 1037 2215 Abraham
1064 2172 1182 2230 quoque
1204 2166 1232 2216 et
1263 2160 1344 2215 isaac
1368 2171 1421 2230 per
1450 2159 1529 2214 Esau
1556 2157 1738 2216 descendisse

93 2247 243 2314 nubentur,
270 2248 318 2302 sed
343 2253 424 2303 erunt
451 2251 521 2304 sicut
545 2250 636 2318 capeti
656 2252 705 2305 liei
727 2250 837 2318 (Metti.
890 2245 1037 2313 credatur,
1053 2261 1112 2303 nou
1136 2247 1284 2304 tamenin
1308 2248 1417 2304 semine
1444 2247 1567 2305 thrahae
1585 2247 1631 2304 vel
1657 2249 1740 2304 isaac

82 2338 140 2409 30).
160 2335 233 2401 Quia
256 2350 324 2393 vero
347 2344 440 2393 totum
465 2339 617 2408 presentis
631 2337 699 2395 vite
726 2345 838 2409 tempus
891 2333 1049 2405 quisquam
1063 2343 1105 2392 est
1128 2335 1350 2407 computandus,
1377 2335 1429 2406 qui
1450 2348 1487 2393 ex
1506 2334 1740 2406 patriarcharum

79 2432 167 2497 sptem
194 2425 256 2482 dies
281 2425 442 2496 peragitur,
462 2433 538 2483 recte
565 2427 614 2483 illa
637 2427 703 2484 vitae
729 2425 838 2485 lutura
891 2422 958 2480 tiliis
972 2422 1094 2481 incultu
1110 2424 1161 2480 Dei
1174 2424 1293 2481 minime
1312 2424 1533 2482 remanentibus
1552 2425 1735 2496 sitprccrca-

78 2520 131 2570 tua
148 2514 264 2571 claritas
282 2528 334 2585 per
358 2519 489 2571 octavam
519 2515 697 2587 intelligitur.
714 2516 797 2573 Unde
810 2524 836 2574 et
889 2518 947 2569 tus.
973 2512 1054 2570 Unde
1077 2520 1105 2570 et
1125 2512 1264 2569 Dominus
1294 2512 1421 2570 Abrahae
1450 2512 1559 2570 leniens
1572 2512 1735 2570 molestiam

79 2617 127 2673 ios,
145 2605 196 2675 qui
226 2604 413 2661 intitulantur
431 2608 482 2660 Pro
512 2609 616 2674 octone,
645 2605 681 2662 ad
697 2604 774 2663 diem
789 2620 837 2663 re·
890 2603 963 2674 eius,
979 2602 1015 2659 dc
1031 2602 1199 2674 expellenda
1217 2603 1324 2660 scilicet
1344 2603 1424 2675 Agar
1441 2604 1545 2660 ancilla
1560 2610 1588 2660 et
1620 2600 1740 2661 Ismaele

79 2694 182 2751 ctionis
197 2697 362 2751 certumest
380 2693 536 2764 pertinere.
891 2692 951 2749 illio
977 2705 1030 2748 suo
1054 2691 1092 2747 ad
1118 2691 1272 2763 imperium
1303 2690 1410 2748 Sara:
1445 2693 1505 2750 Noc
1535 2693 1595 2762 tibi,
1629 2692 1739 2765 inquit,

79 2782 173 2840 eritur
188 2791 284 2840 autem
305 2784 340 2840 de
356 2782 515 2839 iulantibns
534 2790 600 2840 ante
613 2789 744 2841 octavam
762 2783 837 2841 diem
890 2781 1018 2838 uideatur
1036 2795 1164 2850 asperum
1191 2796 1276 2851 super
1302 2796 1387 2850 pacm
1403 2787 1428 2836 ct
1450 2797 1533 2851 snper
1557 2783 1661 2836 ancille
1680 2786 1739 2839 tuo.

79 2873 193 2942 tutibus,
214 2881 314 2929 utrum
344 2873 530 2940 damnentur,
561 2886 629 2929 cum
644 2887 691 2929 eos
706 2872 839 2930 videlicet
892 2872 988 2928 Omnia
1009 2886 1070 2938 qua
1088 2869 1342 2935 diceritttbiscro,
1370 2870 1439 2926 aedi
1463 2885 1553 2925 vocem
1574 2871 1642 2939 eius,
1674 2872 1742 2940 quic

79 2974 124 3016 tm
138 2961 224 3032 juxta
243 2968 418 3030 praeceptum
434 2960 550 3016 Domini
566 2960 836 3027 circumcidiliceat,
854 3011 875 3069 c
892 2961 923 3015 in
941 2962 1019 3015 icccc
1043 2958 1184 3014 vocabitur
1203 2959 1254 3014 tibi
1276 2974 1375 3015 semen.
1405 2959 1460 3016 Sed
1477 2962 1503 3014 et
1529 2959 1619 3029 fllium
1635 2957 1741 3015 ancille

79 3063 116 3106 tro
137 3049 179 3105 eis
206 3049 337 3120 legamus
361 3048 503 3105 sacrificia
530 3063 592 3106 esse
610 3048 757 3106 offerenda
772 3056 838 3107 ante
891 3050 993 3117 {mium
1005 3049 1036 3103 in
1054 3052 1160 3117 pentem
1177 3061 1316 3116 magnum,
1337 3050 1403 3118 quic
1416 3061 1508 3102 semea
1523 3050 1601 3101 tuum
1613 3046 1739 3117 estldcn.

83 3137 455 3206 materuaepuriitcaticnis,
478 3137 507 3192 id
522 3145 595 3194 esta
615 3138 767 3195 nativitate
777 3150 836 3194 ma·
890 3152 955 3207 xm,
984 3140 1025 3206 tn,
1051 3136 1105 3208 ta).
1131 3137 1189 3193 lico
1214 3136 1301 3193 ctiam
1328 3136 1480 3207 Apostolus
1502 3135 1533 3192 iu
1553 3135 1740 3194 interioribus

88 3226 358 3298 quadragesimum.
375 3230 410 3283 ht
427 3240 496 3284 vero
523 3242 590 3284 curu
613 3213 755 3298 scriptum
779 3227 836 3284 sit:
892 3226 1041 3299 praesentis
1055 3224 1189 3297 Epistolae
1203 3231 1371 3296 prosecutus
1394 3232 1421 3282 et
1449 3223 1533 3296 quasi
1548 3221 1741 3295 spiritualiter

79 3332 86 3370 ι
113 3317 207 3370 anime
231 3316 310 3383 cicjns
339 3331 401 3369 curo
425 3316 558 3385 praeputii
589 3330 643 3369 cca
670 3317 758 3382 metit
786 3315 839 3369 cir·
892 3330 1040 3388 exponens
1062 3315 1135 3371 ait:
1168 3316 1228 3372 Non
1250 3315 1321 3370 enim
1346 3328 1437 3369 omnes
1465 3315 1515 3380 qui
1538 3328 1573 3368 ec
1601 3313 1689 3369 isreel
1712 3312 1743 3369 hi

79 3419 123 3473 ac,
137 3405 240 3475 peribit
263 3405 297 3458 de
319 3405 424 3474 popello
448 3420 497 3459 suo
520 3405 599 3474 (Gen.
629 3418 702 3472 xvu,
734 3403 788 3476 ii).
805 3404 841 3459 El
892 3405 1123 3472 auallsrcclite3
1148 3418 1235 3475 neque
1255 3407 1304 3475 qui
1324 3407 1492 3458 scmeusunt
1511 3402 1632 3460 Aurata
1648 3416 1739 3459 omncs

79 3494 134 3550 ssi
155 3500 295 3563 precepto
317 3493 434 3549 boniini
467 3500 534 3550 ante
566 3501 698 3550 octavam
728 3493 842 3549 diema
892 3492 1372 3563 plii,scdin1scccccccbitcrtibi,
1388 3493 1637 3564 semenillcmmx,
1657 3490 1741 3564 6,7);

79 3581 215 3637 mcisioue
237 3581 321 3650 parvi
349 3581 548 3650 inhibeantur,
577 3582 693 3639 videtur
716 3580 842 3637 crudelis
894 3583 922 3639 id
938 3590 1052 3639 estnon
1071 3583 1122 3653 qui
1142 3581 1195 3637 lllii
1218 3581 1316 3638 carnis
1335 3580 1366 3636 hi
1387 3581 1438 3637 lilii
1452 3590 1521 3639 sunt
1542 3582 1603 3651 Dei,
1619 3581 1669 3639 aed
1687 3580 1741 3654 qui

79 3683 96 3726 a
115 3670 258 3726 sententia
273 3669 302 3724 iu
317 3670 532 3727 damnationem
548 3670 662 3739 talium,
681 3671 734 3741 qni
753 3678 780 3726 et
797 3669 842 3726 his
895 3670 946 3727 lilii
962 3669 1160 3740 promissionis
1174 3675 1244 3725 sunt
1262 3668 1443 3725 estimantur
1457 3668 1487 3725 in
1502 3669 1621 3726 semiue.
1639 3669 1742 3741 itaque

79 3758 247 3816 mcisionem
271 3759 462 3815 necessariam
479 3759 616 3827 instituit,
633 3766 660 3815 et
674 3759 843 3816 circumcidi
893 3759 980 3829 irtxta
993 3758 1120 3815 historie
1131 3758 1294 3826 veritatem,
1309 3771 1405 3829 neque
1416 3757 1469 3815 lob
1483 3772 1580 3830 neque
1594 3757 1645 3815 alii
1658 3757 1745 3815 multi

79 3848 114 3905 do
131 3855 248 3918 possent
263 3862 323 3904 non
346 3848 495 3918 permittit.
513 3849 613 3920 Neque
629 3856 726 3906 antem
745 3863 762 3905 a
786 3848 844 3904 Sal·
894 3848 962 3905 licet
975 3848 1010 3905 de
1029 3860 1134 3918 genera
1153 3847 1211 3903 sint
1224 3845 1361 3912 Abrahae,
1388 3851 1485 3903 tamen
1504 3859 1601 3903 semen
1620 3845 1743 3903 abrahe

79 3937 273 4009 cquidquam
295 3937 411 4007 praecipi
426 3937 472 3994 vel
488 3937 601 3994 institui
621 3938 745 4007 oportuit
765 3936 843 4007 quod
895 3935 1019 3993 vocandi
1043 3950 1103 3992 uon
1123 3941 1202 4003 sunt,
1229 3935 1301 4006 quia
1324 3934 1359 3991 de
1381 3933 1556 4004 infidelibus,
1576 3942 1611 3993 nt
1633 3934 1745 3993 dictum

80 4026 91 4083 i
119 4026 275 4094 obsisteret,
314 4041 367 4083 nec
392 4028 524 4083 enervari
556 4026 655 4083 debuit
682 4026 845 4083 remedium
897 4032 949 4095 est,
970 4024 1032 4082 nati
1056 4031 1136 4082 sunt.
1161 4023 1261 4082 Patres
1279 4029 1377 4081 tamen
1404 4021 1518 4092 talium,
1536 4022 1600 4081 licet
1618 4022 1747 4082 inudetes

93 4115 229 4188 pluribus
250 4115 387 4186 prolicere
402 4123 506 4186 posset,
527 4122 627 4186 utpote
653 4115 722 4172 iides
741 4128 844 4184 paren·
897 4113 1018 4181 luerint,
1040 4119 1139 4184 utpote
1163 4112 1267 4170 ismael
1296 4113 1358 4170 sive
1381 4113 1469 4181 Esau,
1499 4125 1598 4170 semen
1622 4111 1747 4170 Abrahae

83 4205 147 4262 sive
169 4205 381 4262 sacrificiorum
406 4205 490 4274 ritus,
513 4204 621 4275 quihus
640 4211 725 4261 antea
741 4219 845 4276 parvn-
898 4208 977 4270 sunt,
1002 4203 1074 4274 quia
1098 4216 1158 4259 nou
1181 4201 1216 4259 de
1244 4199 1411 4259 inhdelibus
1435 4200 1537 4275 geniti,
1559 4200 1646 4274 juxta
1668 4201 1748 4274 quod

79 4308 116 4352 ve
129 4293 243 4351 adultos
262 4293 400 4350 mundari
421 4301 543 4362 constat,
569 4293 655 4364 juxta
681 4293 754 4351 illud
778 4294 845 4353 Gre-
862 4330 886 4386 D
902 4290 1178 4349 boninustnrahae
1199 4290 1364 4363 supradixit
1385 4291 1420 4349 de
1434 4291 1556 4350 ismael:
1577 4293 1651 4360 Quia
1663 4305 1750 4349 semea

92 4383 173 4455 quod
197 4383 354 4439 novissime
376 4381 544 4452 adjecimus.
572 4381 626 4439 Sed
651 4383 706 4439 hoc
730 4383 848 4455 quidem
904 4384 1046 4436 inumeri.
1065 4380 1102 4438 Et
1128 4387 1226 4438 tamen
1244 4380 1361 4439 nullum
1385 4395 1483 4440 semen
1504 4381 1750 4440 Abrahaevocan·

79 4471 151 4529 tioni
164 4472 193 4527 iu
208 4471 300 4528 uestri
324 4486 443 4542 quoque
461 4470 633 4528 sacramenti
656 4471 847 4541 institutione,
903 4470 974 4529 dum
988 4475 1049 4526 erat
1063 4468 1137 4528 sicut
1152 4469 1182 4528 lu
1197 4469 1287 4527 lsaa'c.

79 4569 93 4618 ‚t
121 4561 259 4632 baptismi
281 4561 446 4618 redundare
469 4561 597 4628 videtur,
627 4576 695 4618 cum
719 4561 849 4620 videlicet
937 4559 1025 4617 Aliud
1043 4566 1085 4617 est
1099 4559 1298 4632 itaqueisaac
1321 4558 1383 4617 sire
1403 4557 1506 4618 ismael
1534 4558 1633 4618 vocari
1653 4570 1751 4617 mmen

79 4664 116 4708 er
142 4664 227 4722 aquae
257 4657 373 4706 tantum
396 4649 554 4707 absentiam
578 4651 676 4708 deesse
700 4651 850 4709 nonnullis
903 4648 1038 4707 abraha.
1055 4648 1122 4706 Tale
1141 4648 1752 4722 quippeest21elscccoccubiturtibiac-

82 4753 180 4796 smum
209 4739 369 4811 continget,
391 4753 480 4810 quem
508 4739 539 4796 iu
572 4754 649 4811 aqua
672 4740 850 4800 solummodo
904 4754 974 4808 mcc,
988 4751 1022 4796 ac
1044 4739 1068 4797 si
1083 4738 1200 4809 diceret,
1225 4738 1258 4795 in
1276 4736 1396 4810 posteris
1418 4739 1511 4810 lsaac,
1535 4745 1596 4795 tam
1617 4734 1752 4795 uidelicet

83 4843 141 4885 uus
155 4828 316 4897 constituit,
333 4843 385 4885 nec
400 4818 497 4886 tamen
513 4843 561 4885 eos
583 4843 651 4886 cum
675 4829 720 4887 vel
740 4830 795 4901 ipsi
814 4831 851 4888 ad
904 4840 990 4885 carne
1005 4842 1097 4900 quam
1117 4828 1173 4886 ilde
1199 4827 1226 4885 ei
1249 4827 1424 4900 coniunctis,
1451 4841 1511 4886 non
1530 4826 1681 4901 aliquibus
1704 4825 1753 4884 in·

79 4925 217 4984 nitantur,
249 4917 293 4974 vel
322 4917 370 4974 alii
401 4925 519 4989 propter
542 4932 599 4987 ecs,
624 4918 777 4976 salvandos
792 4934 853 4978 esse
905 4918 1132 4976 tervenientihus
1155 4916 1287 4989 patribus
1311 4917 1342 4974 iu
1366 4917 1490 4989 posteris
1512 4916 1603 4987 Isaac,
1623 4924 1683 4975 tam
1707 4915 1751 4975 vi·

79 5007 157 5064 imus
170 5007 282 5078 absque
297 5006 448 5077 baptismo,
477 5007 532 5064 nisi
555 5008 728 5065 interveniat
747 5017 853 5082 marty·
906 5007 1008 5065 delicet
1020 5021 1206 5079 carnequam
1225 5006 1281 5064 ilde
1293 5007 1362 5065 cisa
1376 5007 1458 5064 cultu
1475 5006 1524 5064 liei
1540 5006 1751 5064 recedentibus.

83 5096 300 5154 ‚Providentia
316 5096 415 5170 itaque
427 5097 537 5154 divinae
558 5113 671 5155 omnem
683 5099 746 5172 ejus
761 5098 854 5171 dispo
907 5097 966 5153 lice
979 5096 1057 5154 enim
1080 5095 1166 5153 credo
1187 5096 1359 5168 significari,
1379 5110 1447 5155 cnm
1468 5096 1609 5154 Dominus
1628 5095 1754 5153 circum·

79 5199 134 5242 tem
150 5184 367 5254 committentes,
391 5186 442 5256 qui
458 5186 537 5243 solus
558 5187 639 5243 novit
667 5201 759 5259 quare
773 5187 854 5245 huuc
907 5185 1022 5243 cisionis
1057 5193 1174 5257 pactum
1201 5200 1270 5244 cum
1307 5186 1457 5244 Abraham
1488 5194 1517 5245 et
1546 5186 1656 5245 semine
1690 5185 1756 5259 ejus

80 5274 129 5344 rit,
146 5274 230 5332 illum
250 5289 319 5332 vero
334 5275 542 5346 reprobaverit,
563 5277 764 5334 auctoritatem
780 5277 854 5335 Scrl·
909 5275 1001 5332 iniens
1022 5275 1178 5346 premissis
1204 5275 1285 5334 istis:
1309 5275 1436 5333 statuum
1449 5279 1563 5348 pactum
1576 5291 1666 5333 mcum
1683 5277 1758 5334 inter

79 5378 203 5436 equam
223 5363 284 5436 ipsc
298 5364 376 5422 dedit
395 5364 571 5422 immobilem
590 5374 748 5435 teneamus,
764 5374 798 5423 ut
811 5367 852 5424 vi·
907 5369 989 5421 meet
1004 5368 1039 5430 ie,
1056 5370 1082 5422 el
1103 5366 1178 5423 inter
1190 5380 1280 5423 semen
1302 5369 1379 5424 mum
1398 5369 1462 5439 poet
1482 5371 1508 5423 te
1524 5369 1556 5424 in
1573 5368 1758 5438 qmecumt.

79 5459 104 5511 at
132 5459 261 5525 tempore
296 5453 526 5512 circumcisionis
554 5454 650 5514 nullos
683 5455 718 5513 de
745 5455 855 5515 semine
910 5454 958 5511 bus
974 5456 1032 5513 suis
1047 5453 1126 5529 (Gen.
1150 5470 1221 5525 xvu,
1238 5455 1277 5531 7),
1300 5470 1370 5516 mox
1384 5456 1546 5531 adjunxttc
1566 5458 1676 5518 Faciem
1689 5473 1759 5518 sena

79 5538 128 5599 he
143 5539 207 5599 cine
221 5539 414 5602 illamortuos
434 5549 540 5604 temere
555 5557 719 5604 asseramus
732 5544 851 5616 salvari,
907 5547 1026 5619 piterao,
1040 5548 1223 5606 utcimileut
1242 5551 1305 5606 trac
1320 5552 1347 5606 ct
1368 5550 1440 5607 dccc
1461 5547 1573 5607 commit
1596 5549 1640 5607 tei
1652 5551 1759 5620 postte
