<?xml version="1.0" encoding="UTF-8"?>
<!DOCTYPE html PUBLIC "-//W3C//DTD XHTML 1.0 Transitional//EN"
    "http://www.w3.org/TR/xhtml1/DTD/xhtml1-transitional.dtd">
<html xmlns="http://www.w3.org/1999/xhtml" xml:lang="en" lang="en">
 <head>
  <title>
</title>
<meta http-equiv="Content-Type" content="text/html;charset=utf-8" />
  <meta name='ocr-system' content='tesseract 3.04.00' />
  <meta name='ocr-capabilities' content='ocr_page ocr_carea ocr_par ocr_line ocrx_word'/>
</head>
<body>
  <div class='ocr_page' id='page_1' title='image "./patrologiaecurs53unkngoog_0250.png"; bbox 0 0 3804 5962; ppageno 0'>
   <div class='ocr_carea' id='block_1_1' title="bbox 780 180 1755 259">
    <p class='ocr_par' dir='ltr' id='par_1_1' title="bbox 780 180 1755 259">
     <span class='ocr_line' id='line_1_1' title="bbox 780 180 1755 259; baseline -0.002 -21"><span class='ocrx_word' id='word_1_1' title='bbox 780 180 982 240; x_wconf 83' lang='lat' dir='ltr'><strong><em>ssnuouv.</em></strong></span> <span class='ocrx_word' id='word_1_2' title='bbox 1702 203 1755 259; x_wconf 70' lang='lat'><strong><em>400</em></strong></span> 
     </span>
    </p>
   </div>
   <div class='ocr_carea' id='block_1_2' title="bbox 79 301 1766 5303">
    <p class='ocr_par' dir='ltr' id='par_1_2' title="bbox 79 301 1766 5303">
     <span class='ocr_line' id='line_1_2' title="bbox 82 301 1757 382; baseline 0.011 -21"><span class='ocrx_word' id='word_1_3' title='bbox 82 302 181 361; x_wconf 67' lang='lat' dir='ltr'><strong><em>earnis</em></strong></span> <span class='ocrx_word' id='word_1_4' title='bbox 202 301 316 372; x_wconf 84' lang='lat' dir='ltr'><strong><em>nescit3</em></strong></span> <span class='ocrx_word' id='word_1_5' title='bbox 333 301 445 374; x_wconf 86' lang='lat' dir='ltr'><strong><em>quiain</em></strong></span> <span class='ocrx_word' id='word_1_6' title='bbox 463 302 515 361; x_wconf 87' lang='lat' dir='ltr'><strong><em>iiia</em></strong></span> <span class='ocrx_word' id='word_1_7' title='bbox 534 304 752 364; x_wconf 76' lang='lat' dir='ltr'><strong><em>resurrectionis</em></strong></span> <span class='ocrx_word' id='word_1_8' title='bbox 764 303 856 379; x_wconf 86' lang='lat' dir='ltr'><strong><em>gloria</em></strong></span> <span class='ocrx_word' id='word_1_9' title='bbox 870 304 895 361; x_wconf 75' lang='grc' dir='ltr'><strong>Δ</strong></span> <span class='ocrx_word' id='word_1_10' title='bbox 909 308 1052 368; x_wconf 83' lang='lat' dir='ltr'><strong><em>adnectit:</em></strong></span> <span class='ocrx_word' id='word_1_11' title='bbox 1083 312 1114 368; x_wconf 87' lang='lat' dir='ltr'><strong><em>si</em></strong></span> <span class='ocrx_word' id='word_1_12' title='bbox 1142 327 1205 382; x_wconf 82' lang='lat' dir='ltr'><strong><em>erqo</em></strong></span> <span class='ocrx_word' id='word_1_13' title='bbox 1232 316 1374 371; x_wconf 84' lang='lat' dir='ltr'><strong><em>conveniat</em></strong></span> <span class='ocrx_word' id='word_1_14' title='bbox 1407 320 1535 374; x_wconf 83' lang='lat' dir='ltr'><strong><em>universo</em></strong></span> <span class='ocrx_word' id='word_1_15' title='bbox 1576 322 1698 379; x_wconf 82' lang='lat' dir='ltr'><strong><em>Ecclesia</em></strong></span> <span class='ocrx_word' id='word_1_16' title='bbox 1725 327 1757 381; x_wconf 83' lang='lat' dir='ltr'><strong><em>in</em></strong></span> 
     </span>
     <span class='ocr_line' id='line_1_3' title="bbox 79 393 1757 479; baseline 0.013 -29"><span class='ocrx_word' id='word_1_17' title='bbox 79 393 208 450; x_wconf 81' lang='lat' dir='ltr'><strong><em>titubent</em></strong></span> <span class='ocrx_word' id='word_1_18' title='bbox 232 407 319 460; x_wconf 84' lang='lat' dir='ltr'><strong><em>usque</em></strong></span> <span class='ocrx_word' id='word_1_19' title='bbox 332 393 488 458; x_wconf 78' lang='lat' dir='ltr'><strong><em>nubentur,</em></strong></span> <span class='ocrx_word' id='word_1_20' title='bbox 511 394 561 451; x_wconf 84' lang='lat' dir='ltr'><strong><em>sed</em></strong></span> <span class='ocrx_word' id='word_1_21' title='bbox 575 401 655 452; x_wconf 77' lang='lat' dir='ltr'><strong><em>erum</em></strong></span> <span class='ocrx_word' id='word_1_22' title='bbox 678 399 750 453; x_wconf 83' lang='lat' dir='ltr'><strong><em>sieut</em></strong></span> <span class='ocrx_word' id='word_1_23' title='bbox 763 398 857 467; x_wconf 79' lang='lat' dir='ltr'><strong><em>augeli</em></strong></span> <span class='ocrx_word' id='word_1_24' title='bbox 910 414 1015 469; x_wconf 83' lang='lat' dir='ltr'><strong><em>uuum,</em></strong></span> <span class='ocrx_word' id='word_1_25' title='bbox 1042 407 1069 457; x_wconf 88' lang='lat' dir='ltr'><strong><em>et</em></strong></span> <span class='ocrx_word' id='word_1_26' title='bbox 1095 418 1186 459; x_wconf 87' lang='lat' dir='ltr'><strong><em>omues</em></strong></span> <span class='ocrx_word' id='word_1_27' title='bbox 1212 403 1323 472; x_wconf 80' lang='lat' dir='ltr'><strong><em>linquas</em></strong></span> <span class='ocrx_word' id='word_1_28' title='bbox 1349 406 1506 479; x_wconf 74' lang='lat' dir='ltr'><strong><em>loquamur,</em></strong></span> <span class='ocrx_word' id='word_1_29' title='bbox 1534 409 1637 467; x_wconf 81' lang='lat' dir='ltr'><strong><em>intrent</em></strong></span> <span class='ocrx_word' id='word_1_30' title='bbox 1666 419 1757 471; x_wconf 75' lang='lat' dir='ltr'><strong><em>autem</em></strong></span> 
     </span>
     <span class='ocr_line' id='line_1_4' title="bbox 79 480 1757 566; baseline 0.013 -28"><span class='ocrx_word' id='word_1_31' title='bbox 79 499 100 538; x_wconf 88' lang='lat' dir='ltr'><strong><em>n</em></strong></span> <span class='ocrx_word' id='word_1_32' title='bbox 117 483 181 539; x_wconf 80' lang='lat' dir='ltr'><strong><em>celo</em></strong></span> <span class='ocrx_word' id='word_1_33' title='bbox 194 480 305 554; x_wconf 83' lang='lat' dir='ltr'><strong><em>(ilottb.</em></strong></span> <span class='ocrx_word' id='word_1_34' title='bbox 326 496 399 552; x_wconf 81' lang='lat' dir='ltr'><strong><em>un,</em></strong></span> <span class='ocrx_word' id='word_1_35' title='bbox 415 482 472 556; x_wconf 81' lang='grc'>30).</span> <span class='ocrx_word' id='word_1_36' title='bbox 488 483 581 552; x_wconf 79' lang='lat' dir='ltr'><strong><em>Quam</em></strong></span> <span class='ocrx_word' id='word_1_37' title='bbox 600 486 719 558; x_wconf 85' lang='lat' dir='ltr'><strong><em>quidem</em></strong></span> <span class='ocrx_word' id='word_1_38' title='bbox 733 486 856 560; x_wconf 84' lang='lat' dir='ltr'><strong><em>gloriam</em></strong></span> <span class='ocrx_word' id='word_1_39' title='bbox 910 490 1003 546; x_wconf 75' lang='lat' dir='ltr'><strong><em>idiote</em></strong></span> <span class='ocrx_word' id='word_1_40' title='bbox 1025 496 1074 548; x_wconf 88' lang='lat' dir='ltr'><strong><em>aut</em></strong></span> <span class='ocrx_word' id='word_1_41' title='bbox 1095 493 1244 564; x_wconf 76' lang='lat' dir='ltr'><strong><em>infideles,</em></strong></span> <span class='ocrx_word' id='word_1_42' title='bbox 1272 511 1361 552; x_wconf 84' lang='lat' dir='ltr'><strong><em>noune</em></strong></span> <span class='ocrx_word' id='word_1_43' title='bbox 1384 497 1475 553; x_wconf 83' lang='lat' dir='ltr'><strong><em>dicent</em></strong></span> <span class='ocrx_word' id='word_1_44' title='bbox 1497 499 1570 566; x_wconf 86' lang='lat' dir='ltr'><strong><em>quod</em></strong></span> <span class='ocrx_word' id='word_1_45' title='bbox 1596 503 1757 560; x_wconf 77' lang='lat' dir='ltr'><strong><em>insanitis?</em></strong></span> 
     </span>
     <span class='ocr_line' id='line_1_5' title="bbox 79 571 1758 659; baseline 0.013 -30"><span class='ocrx_word' id='word_1_46' title='bbox 79 586 108 640; x_wconf 88' lang='lat' dir='ltr'><strong><em>s,</em></strong></span> <span class='ocrx_word' id='word_1_47' title='bbox 130 571 238 630; x_wconf 80' lang='lat' dir='ltr'><strong><em>Christi</em></strong></span> <span class='ocrx_word' id='word_1_48' title='bbox 257 572 394 644; x_wconf 85' lang='lat' dir='ltr'><strong><em>virgines,</em></strong></span> <span class='ocrx_word' id='word_1_49' title='bbox 408 572 470 644; x_wconf 83' lang='lat' dir='ltr'><strong><em>jam</em></strong></span> <span class='ocrx_word' id='word_1_50' title='bbox 484 573 515 631; x_wconf 92' lang='lat' dir='ltr'><strong><em>in</em></strong></span> <span class='ocrx_word' id='word_1_51' title='bbox 540 574 625 634; x_wconf 88' lang='lat' dir='ltr'><strong><em>terris</em></strong></span> <span class='ocrx_word' id='word_1_52' title='bbox 641 577 772 648; x_wconf 78' lang='lat' dir='ltr'><strong><em>adeptae,</em></strong></span> <span class='ocrx_word' id='word_1_53' title='bbox 801 591 857 635; x_wconf 88' lang='lat' dir='ltr'><strong><em>nec</em></strong></span> <span class='ocrx_word' id='word_1_54' title='bbox 911 577 933 649; x_wconf 95' lang='lat'><strong><em>(1</em></strong></span> <span class='ocrx_word' id='word_1_55' title='bbox 961 578 1021 635; x_wconf 82' lang='lat' dir='ltr'><strong><em>cor.</em></strong></span> <span class='ocrx_word' id='word_1_56' title='bbox 1045 593 1108 649; x_wconf 78' lang='grc' dir='ltr'>ιιι,</span> <span class='ocrx_word' id='word_1_57' title='bbox 1132 582 1189 655; x_wconf 74' lang='lat'><strong>23).</strong></span> <span class='ocrx_word' id='word_1_58' title='bbox 1209 582 1288 641; x_wconf 84' lang='lat' dir='ltr'>Idem</span> <span class='ocrx_word' id='word_1_59' title='bbox 1316 598 1405 657; x_wconf 90' lang='lat' dir='ltr'><strong><em>supra</em></strong></span> <span class='ocrx_word' id='word_1_60' title='bbox 1427 603 1434 642; x_wconf 94' lang='lat'>:</span> <span class='ocrx_word' id='word_1_61' title='bbox 1454 588 1607 659; x_wconf 80' lang='lat' dir='ltr'><strong><em>ceterum,</em></strong></span> <span class='ocrx_word' id='word_1_62' title='bbox 1633 594 1659 648; x_wconf 89' lang='lat' dir='ltr'><strong><em>si</em></strong></span> <span class='ocrx_word' id='word_1_63' title='bbox 1677 593 1758 650; x_wconf 83' lang='lat' dir='ltr'><strong><em>beus-</em></strong></span> 
     </span>
     <span class='ocr_line' id='line_1_6' title="bbox 89 661 1758 751; baseline 0.012 -32"><span class='ocrx_word' id='word_1_64' title='bbox 89 661 221 720; x_wconf 82' lang='lat' dir='ltr'><strong><em>ltnmane</em></strong></span> <span class='ocrx_word' id='word_1_65' title='bbox 251 676 341 734; x_wconf 88' lang='lat' dir='ltr'><strong><em>qnam</em></strong></span> <span class='ocrx_word' id='word_1_66' title='bbox 368 662 496 735; x_wconf 85' lang='lat' dir='ltr'><strong><em>angelice</em></strong></span> <span class='ocrx_word' id='word_1_67' title='bbox 509 663 650 735; x_wconf 81' lang='lat' dir='ltr'><strong><em>viventes,</em></strong></span> <span class='ocrx_word' id='word_1_68' title='bbox 664 674 744 724; x_wconf 90' lang='lat' dir='ltr'><strong><em>tanto</em></strong></span> <span class='ocrx_word' id='word_1_69' title='bbox 766 666 856 738; x_wconf 87' lang='lat' dir='ltr'><strong><em>hujus</em></strong></span> <span class='ocrx_word' id='word_1_70' title='bbox 910 665 1222 742; x_wconf 64' lang='lat' dir='ltr'><strong><em>susceptumque</em></strong></span> <span class='ocrx_word' id='word_1_71' title='bbox 1248 674 1357 744; x_wconf 85' lang='lat' dir='ltr'><strong><em>supplet</em></strong></span> <span class='ocrx_word' id='word_1_72' title='bbox 1374 675 1460 731; x_wconf 78' lang='lat' dir='ltr'><strong><em>tuum</em></strong></span> <span class='ocrx_word' id='word_1_73' title='bbox 1482 677 1603 733; x_wconf 78' lang='lat' dir='ltr'><strong><em>idiote?</em></strong></span> <span class='ocrx_word' id='word_1_74' title='bbox 1626 683 1758 751; x_wconf 69' lang='lat' dir='ltr'><strong><em>pomona</em></strong></span> 
     </span>
     <span class='ocr_line' id='line_1_7' title="bbox 79 750 1759 841; baseline 0.013 -34"><span class='ocrx_word' id='word_1_75' title='bbox 79 750 193 807; x_wconf 80' lang='lat' dir='ltr'><strong><em>mitaris</em></strong></span> <span class='ocrx_word' id='word_1_76' title='bbox 224 750 301 809; x_wconf 89' lang='lat' dir='ltr'><strong><em>diem</em></strong></span> <span class='ocrx_word' id='word_1_77' title='bbox 315 751 450 810; x_wconf 79' lang='lat' dir='ltr'><strong><em>devotius</em></strong></span> <span class='ocrx_word' id='word_1_78' title='bbox 475 752 576 823; x_wconf 86' lang='lat' dir='ltr'><strong><em>colite,</em></strong></span> <span class='ocrx_word' id='word_1_79' title='bbox 591 762 703 827; x_wconf 89' lang='lat' dir='ltr'><strong><em>quanto</em></strong></span> <span class='ocrx_word' id='word_1_80' title='bbox 726 770 801 825; x_wconf 80' lang='lat' dir='ltr'><strong><em>eam,</em></strong></span> <span class='ocrx_word' id='word_1_81' title='bbox 822 764 856 815; x_wconf 91' lang='lat' dir='ltr'><strong><em>ut</em></strong></span> <span class='ocrx_word' id='word_1_82' title='bbox 910 755 982 812; x_wconf 83' lang='lat' dir='ltr'><strong><em>dicct</em></strong></span> <span class='ocrx_word' id='word_1_83' title='bbox 995 774 1075 815; x_wconf 85' lang='lat' dir='ltr'><strong><em>emen</em></strong></span> <span class='ocrx_word' id='word_1_84' title='bbox 1088 775 1170 832; x_wconf 82' lang='lat' dir='ltr'><strong><em>super</em></strong></span> <span class='ocrx_word' id='word_1_85' title='bbox 1184 767 1260 818; x_wconf 72' lang='lat' dir='ltr'><strong><em>mem</em></strong></span> <span class='ocrx_word' id='word_1_86' title='bbox 1281 763 1491 821; x_wconf 74' lang='lat' dir='ltr'><strong><em>benedictionem</em></strong></span> <span class='ocrx_word' id='word_1_87' title='bbox 1507 765 1521 821; x_wconf 86' lang='lat' dir='ltr'><strong><em>i</em></strong></span> <span class='ocrx_word' id='word_1_88' title='bbox 1536 770 1667 834; x_wconf 66' lang='lat' dir='ltr'><strong><em>ponium</em></strong></span> <span class='ocrx_word' id='word_1_89' title='bbox 1689 769 1759 841; x_wconf 83' lang='lat' dir='ltr'><strong><em>quid</em></strong></span> 
     </span>
     <span class='ocr_line' id='line_1_8' title="bbox 82 839 1758 928; baseline 0.011 -31"><span class='ocrx_word' id='word_1_90' title='bbox 82 839 197 911; x_wconf 80' lang='lat' dir='ltr'><strong><em>prtetsti</em></strong></span> <span class='ocrx_word' id='word_1_91' title='bbox 216 854 331 910; x_wconf 86' lang='lat' dir='ltr'><strong><em>sumus,</em></strong></span> <span class='ocrx_word' id='word_1_92' title='bbox 351 840 388 898; x_wconf 87' lang='lat' dir='ltr'><strong><em>ad</em></strong></span> <span class='ocrx_word' id='word_1_93' title='bbox 417 841 617 901; x_wconf 81' lang='lat' dir='ltr'><strong><em>excellentium</em></strong></span> <span class='ocrx_word' id='word_1_94' title='bbox 636 845 721 904; x_wconf 86' lang='lat' dir='ltr'><strong><em>vestri</em></strong></span> <span class='ocrx_word' id='word_1_95' title='bbox 736 845 855 904; x_wconf 90' lang='lat' dir='ltr'><strong><em>honoris</em></strong></span> <span class='ocrx_word' id='word_1_96' title='bbox 910 845 986 900; x_wconf 75' lang='lat' dir='ltr'><strong><em>dictu</em></strong></span> <span class='ocrx_word' id='word_1_97' title='bbox 1001 847 1096 904; x_wconf 77' lang='lat' dir='ltr'><strong><em>nescit</em></strong></span> <span class='ocrx_word' id='word_1_98' title='bbox 1123 850 1199 907; x_wconf 86' lang='lat' dir='ltr'><strong><em>Num</em></strong></span> <span class='ocrx_word' id='word_1_99' title='bbox 1224 856 1255 906; x_wconf 87' lang='lat' dir='ltr'><strong><em>tu</em></strong></span> <span class='ocrx_word' id='word_1_100' title='bbox 1275 852 1386 922; x_wconf 83' lang='lat' dir='ltr'><strong><em>quidem</em></strong></span> <span class='ocrx_word' id='word_1_101' title='bbox 1408 853 1472 910; x_wconf 83' lang='lat' dir='ltr'><strong><em>bone</em></strong></span> <span class='ocrx_word' id='word_1_102' title='bbox 1492 859 1599 924; x_wconf 76' lang='lat' dir='ltr'><strong><em>pratus</em></strong></span> <span class='ocrx_word' id='word_1_103' title='bbox 1621 861 1694 928; x_wconf 84' lang='lat' dir='ltr'><strong><em>opis,</em></strong></span> <span class='ocrx_word' id='word_1_104' title='bbox 1709 859 1758 915; x_wconf 87' lang='lat' dir='ltr'><strong><em>sed</em></strong></span> 
     </span>
     <span class='ocr_line' id='line_1_9' title="bbox 79 928 1759 1019; baseline 0.011 -32"><span class='ocrx_word' id='word_1_105' title='bbox 79 929 128 988; x_wconf 91' lang='lat' dir='ltr'><strong><em>ius</em></strong></span> <span class='ocrx_word' id='word_1_106' title='bbox 137 928 281 1001; x_wconf 88' lang='lat' dir='ltr'><strong><em>pertinere</em></strong></span> <span class='ocrx_word' id='word_1_107' title='bbox 299 937 418 989; x_wconf 78' lang='lat' dir='ltr'><strong><em>consul.</em></strong></span> <span class='ocrx_word' id='word_1_108' title='bbox 910 935 980 989; x_wconf 86' lang='lat' dir='ltr'><strong><em>citer</em></strong></span> <span class='ocrx_word' id='word_1_109' title='bbox 1001 951 1056 992; x_wconf 81' lang='lat' dir='ltr'><strong><em>uon</em></strong></span> <span class='ocrx_word' id='word_1_110' title='bbox 1075 939 1227 1009; x_wconf 70' lang='lat' dir='ltr'><strong><em>edificatur</em></strong></span> <span class='ocrx_word' id='word_1_111' title='bbox 1247 939 1345 1012; x_wconf 74' lang='lat' dir='ltr'><strong><em>(ibid,</em></strong></span> <span class='ocrx_word' id='word_1_112' title='bbox 1372 942 1423 1011; x_wconf 83' lang='lat' dir='ltr'><strong><em>lb).</em></strong></span> <span class='ocrx_word' id='word_1_113' title='bbox 1446 944 1483 1001; x_wconf 84' lang='lat' dir='ltr'><strong><em>Et</em></strong></span> <span class='ocrx_word' id='word_1_114' title='bbox 1506 952 1570 1016; x_wconf 91' lang='lat' dir='ltr'><strong><em>post</em></strong></span> <span class='ocrx_word' id='word_1_115' title='bbox 1595 946 1695 1019; x_wconf 80' lang='lat' dir='ltr'><strong><em>aliqua</em></strong></span> <span class='ocrx_word' id='word_1_116' title='bbox 1722 947 1759 1006; x_wconf 87' lang='lat' dir='ltr'><strong><em>de</em></strong></span> 
     </span>
     <span class='ocr_line' id='line_1_10' title="bbox 324 1023 1755 1118; baseline 0.012 -43"><span class='ocrx_word' id='word_1_117' title='bbox 324 1056 443 1115; x_wconf 59' lang='lat' dir='ltr'><strong>SERMO</strong></span> <span class='ocrx_word' id='word_1_118' title='bbox 468 1057 546 1118; x_wconf 40' lang='lat' dir='ltr'><strong>XIV·</strong></span> <span class='ocrx_word' id='word_1_119' title='bbox 909 1023 1054 1083; x_wconf 87' lang='lat' dir='ltr'><strong><em>universis</em></strong></span> <span class='ocrx_word' id='word_1_120' title='bbox 1069 1041 1135 1098; x_wconf 72' lang='grc' dir='ltr'><strong><em>ιιι</em></strong></span> <span class='ocrx_word' id='word_1_121' title='bbox 1148 1028 1177 1084; x_wconf 92' lang='lat' dir='ltr'><strong><em>in</em></strong></span> <span class='ocrx_word' id='word_1_122' title='bbox 1193 1029 1320 1087; x_wconf 78' lang='lat' dir='ltr'><strong>Ecclesia</strong></span> <span class='ocrx_word' id='word_1_123' title='bbox 1344 1031 1483 1090; x_wconf 88' lang='lat' dir='ltr'><strong><em>dicuntur</em></strong></span> <span class='ocrx_word' id='word_1_124' title='bbox 1497 1033 1682 1104; x_wconf 88' lang='lat' dir='ltr'><strong><em>concludens,</em></strong></span> <span class='ocrx_word' id='word_1_125' title='bbox 1696 1036 1755 1094; x_wconf 91' lang='lat' dir='ltr'><strong><em>ait:</em></strong></span> 
     </span>
     <span class='ocr_line' id='line_1_11' title="bbox 910 1112 1757 1194; baseline 0.019 -27"><span class='ocrx_word' id='word_1_126' title='bbox 910 1112 986 1177; x_wconf 79' lang='lat' dir='ltr'><strong><em>Quid</em></strong></span> <span class='ocrx_word' id='word_1_127' title='bbox 1000 1115 1092 1185; x_wconf 72' lang='lat' dir='ltr'><strong><em>ugo?</em></strong></span> <span class='ocrx_word' id='word_1_128' title='bbox 1115 1134 1176 1174; x_wconf 87' lang='lat' dir='ltr'><strong><em>cum</em></strong></span> <span class='ocrx_word' id='word_1_129' title='bbox 1199 1122 1359 1187; x_wconf 80' lang='lat' dir='ltr'><strong><em>couveru&#39;tis,</em></strong></span> <span class='ocrx_word' id='word_1_130' title='bbox 1375 1123 1468 1177; x_wconf 81' lang='lat' dir='ltr'><strong><em>omnio</em></strong></span> <span class='ocrx_word' id='word_1_131' title='bbox 1485 1121 1523 1177; x_wconf 85' lang='lat' dir='ltr'><strong><em>ccl</em></strong></span> <span class='ocrx_word' id='word_1_132' title='bbox 1549 1123 1757 1194; x_wconf 68' lang='lat' dir='ltr'><strong><em>edificationem</em></strong></span> 
     </span>
     <span class='ocr_line' id='line_1_12' title="bbox 908 1201 1754 1287; baseline 0.022 -32"><span class='ocrx_word' id='word_1_133' title='bbox 908 1204 978 1271; x_wconf 72' lang='lat' dir='ltr'><strong><em>tout</em></strong></span> <span class='ocrx_word' id='word_1_134' title='bbox 991 1201 1084 1273; x_wconf 79' lang='lat' dir='ltr'><strong><em>(ibid,</em></strong></span> <span class='ocrx_word' id='word_1_135' title='bbox 1099 1209 1157 1279; x_wconf 80' lang='grc' dir='ltr'>ιι).</span> <span class='ocrx_word' id='word_1_136' title='bbox 1174 1208 1209 1265; x_wconf 84' lang='grc' dir='ltr'><strong><em>Ει</em></strong></span> <span class='ocrx_word' id='word_1_137' title='bbox 1223 1209 1260 1266; x_wconf 90' lang='lat' dir='ltr'><strong><em>ad</em></strong></span> <span class='ocrx_word' id='word_1_138' title='bbox 1274 1209 1411 1279; x_wconf 82' lang='lat' dir='ltr'>Ephesios</span> <span class='ocrx_word' id='word_1_139' title='bbox 1427 1226 1434 1264; x_wconf 76' lang='grc' dir='ltr'><strong><em>ι</em></strong></span> <span class='ocrx_word' id='word_1_140' title='bbox 1451 1212 1629 1282; x_wconf 81' lang='lat' dir='ltr'><strong><em>implemini:</em></strong></span> <span class='ocrx_word' id='word_1_141' title='bbox 1650 1215 1754 1287; x_wconf 87' lang='lat' dir='ltr'><strong><em>inquit,</em></strong></span> 
     </span>
     <span class='ocr_line' id='line_1_13' title="bbox 907 1294 1754 1373; baseline 0.013 -24"><span class='ocrx_word' id='word_1_142' title='bbox 907 1294 1017 1364; x_wconf 85' lang='lat' dir='ltr'><strong><em>Spiritu</em></strong></span> <span class='ocrx_word' id='word_1_143' title='bbox 1030 1303 1135 1365; x_wconf 84' lang='lat' dir='ltr'><strong><em>sancto,</em></strong></span> <span class='ocrx_word' id='word_1_144' title='bbox 1147 1299 1288 1370; x_wconf 87' lang='lat' dir='ltr'><strong><em>loquentes</em></strong></span> <span class='ocrx_word' id='word_1_145' title='bbox 1302 1300 1506 1370; x_wconf 83' lang='lat' dir='ltr'><strong><em>vobismetipsis</em></strong></span> <span class='ocrx_word' id='word_1_146' title='bbox 1518 1300 1548 1357; x_wconf 88' lang='lat' dir='ltr'><strong><em>in</em></strong></span> <span class='ocrx_word' id='word_1_147' title='bbox 1571 1305 1699 1373; x_wconf 84' lang='lat' dir='ltr'><strong><em>psalmis,</em></strong></span> <span class='ocrx_word' id='word_1_148' title='bbox 1727 1311 1754 1363; x_wconf 91' lang='lat' dir='ltr'><strong><em>et</em></strong></span> 
     </span>
     <span class='ocr_line' id='line_1_14' title="bbox 79 1379 1755 1464; baseline 0.009 -29"><span class='ocrx_word' id='word_1_149' title='bbox 79 1385 199 1436; x_wconf 75' lang='lat' dir='ltr'><strong><em>coemes</em></strong></span> <span class='ocrx_word' id='word_1_150' title='bbox 213 1379 417 1451; x_wconf 78' lang='lat' dir='ltr'><strong><em>negationum,</em></strong></span> <span class='ocrx_word' id='word_1_151' title='bbox 442 1380 473 1438; x_wconf 87' lang='lat' dir='ltr'><strong><em>id</em></strong></span> <span class='ocrx_word' id='word_1_152' title='bbox 486 1388 529 1440; x_wconf 89' lang='lat' dir='ltr'><strong><em>est</em></strong></span> <span class='ocrx_word' id='word_1_153' title='bbox 548 1382 713 1441; x_wconf 90' lang='lat' dir='ltr'><strong><em>orationum</em></strong></span> <span class='ocrx_word' id='word_1_154' title='bbox 732 1383 793 1441; x_wconf 87' lang='lat' dir='ltr'><strong><em>dies</em></strong></span> <span class='ocrx_word' id='word_1_155' title='bbox 816 1399 854 1443; x_wconf 84' lang='lat' dir='ltr'><strong><em>ex</em></strong></span> <span class='ocrx_word' id='word_1_156' title='bbox 908 1384 1027 1455; x_wconf 70' lang='lat' dir='ltr'><strong><em>bylone,</em></strong></span> <span class='ocrx_word' id='word_1_157' title='bbox 1050 1390 1076 1442; x_wconf 86' lang='lat' dir='ltr'><strong><em>ct</em></strong></span> <span class='ocrx_word' id='word_1_158' title='bbox 1101 1389 1214 1443; x_wconf 82' lang='lat' dir='ltr'><strong><em>conticis</em></strong></span> <span class='ocrx_word' id='word_1_159' title='bbox 1236 1389 1421 1458; x_wconf 75' lang='lat' dir='ltr'><strong><em>spiritalibus,</em></strong></span> <span class='ocrx_word' id='word_1_160' title='bbox 1437 1395 1579 1448; x_wconf 82' lang='lat' dir='ltr'><strong><em>contantes</em></strong></span> <span class='ocrx_word' id='word_1_161' title='bbox 1596 1398 1623 1448; x_wconf 88' lang='lat' dir='ltr'><strong><em>et</em></strong></span> <span class='ocrx_word' id='word_1_162' title='bbox 1634 1395 1755 1464; x_wconf 81' lang='lat' dir='ltr'><strong><em>psallen-</em></strong></span> 
     </span>
     <span class='ocr_line' id='line_1_15' title="bbox 79 1469 1758 1555; baseline 0.01 -30"><span class='ocrx_word' id='word_1_163' title='bbox 79 1482 198 1540; x_wconf 83' lang='lat' dir='ltr'><strong><em>qncquo</em></strong></span> <span class='ocrx_word' id='word_1_164' title='bbox 211 1469 328 1527; x_wconf 91' lang='lat' dir='ltr'><strong><em>nomine</em></strong></span> <span class='ocrx_word' id='word_1_165' title='bbox 342 1484 395 1528; x_wconf 90' lang='lat' dir='ltr'><strong><em>suo</em></strong></span> <span class='ocrx_word' id='word_1_166' title='bbox 413 1485 466 1528; x_wconf 92' lang='lat' dir='ltr'><strong><em>nos</em></strong></span> <span class='ocrx_word' id='word_1_167' title='bbox 480 1486 561 1530; x_wconf 88' lang='lat' dir='ltr'><strong><em>nunc</em></strong></span> <span class='ocrx_word' id='word_1_168' title='bbox 576 1474 719 1545; x_wconf 75' lang='lat' dir='ltr'><strong><em>precipue</em></strong></span> <span class='ocrx_word' id='word_1_169' title='bbox 735 1474 772 1530; x_wconf 89' lang='lat' dir='ltr'><strong><em>ad</em></strong></span> <span class='ocrx_word' id='word_1_170' title='bbox 791 1486 854 1531; x_wconf 91' lang='lat' dir='ltr'><strong><em>ora·</em></strong></span> <span class='ocrx_word' id='word_1_171' title='bbox 911 1477 950 1528; x_wconf 88' lang='lat' dir='ltr'><strong><em>tes</em></strong></span> <span class='ocrx_word' id='word_1_172' title='bbox 976 1476 1149 1531; x_wconf 77' lang='lat' dir='ltr'><strong><em>tricordibus</em></strong></span> <span class='ocrx_word' id='word_1_173' title='bbox 1179 1479 1276 1532; x_wconf 83' lang='lat' dir='ltr'><strong><em>cestris</em></strong></span> <span class='ocrx_word' id='word_1_174' title='bbox 1297 1481 1411 1535; x_wconf 76' lang='lat' dir='ltr'><strong><em>Domitio</em></strong></span> <span class='ocrx_word' id='word_1_175' title='bbox 1436 1477 1547 1550; x_wconf 76' lang='lat' dir='ltr'><strong><em>(Epeos.</em></strong></span> <span class='ocrx_word' id='word_1_176' title='bbox 1572 1496 1611 1551; x_wconf 86' lang='grc' dir='ltr'><strong><em>ιι,</em></strong></span> <span class='ocrx_word' id='word_1_177' title='bbox 1639 1482 1697 1555; x_wconf 75' lang='lat'>25).</span> <span class='ocrx_word' id='word_1_178' title='bbox 1723 1485 1758 1542; x_wconf 83' lang='lat' dir='ltr'><strong><em>Et</em></strong></span> 
     </span>
     <span class='ocr_line' id='line_1_16' title="bbox 79 1557 1753 1641; baseline 0.008 -26"><span class='ocrx_word' id='word_1_179' title='bbox 79 1571 108 1615; x_wconf 91' lang='lat' dir='ltr'><strong><em>m</em></strong></span> <span class='ocrx_word' id='word_1_180' title='bbox 125 1557 264 1615; x_wconf 83' lang='lat' dir='ltr'><strong><em>inritant.</em></strong></span> <span class='ocrx_word' id='word_1_181' title='bbox 280 1558 397 1618; x_wconf 73' lang='lat' dir='ltr'><strong><em>Consul</em></strong></span> <span class='ocrx_word' id='word_1_182' title='bbox 411 1569 508 1619; x_wconf 87' lang='lat' dir='ltr'><strong><em>autom</em></strong></span> <span class='ocrx_word' id='word_1_183' title='bbox 523 1561 598 1620; x_wconf 87' lang='lat' dir='ltr'><strong><em>inter</em></strong></span> <span class='ocrx_word' id='word_1_184' title='bbox 616 1563 769 1621; x_wconf 89' lang='lat' dir='ltr'><strong><em>universas</em></strong></span> <span class='ocrx_word' id='word_1_185' title='bbox 787 1576 851 1622; x_wconf 90' lang='lat' dir='ltr'><strong><em>cra.</em></strong></span> <span class='ocrx_word' id='word_1_186' title='bbox 868 1583 889 1637; x_wconf 77' lang='lat' dir='ltr'><strong><em>p</em></strong></span> <span class='ocrx_word' id='word_1_187' title='bbox 907 1561 1032 1634; x_wconf 84' lang='lat' dir='ltr'><strong><em>quisque</em></strong></span> <span class='ocrx_word' id='word_1_188' title='bbox 1046 1563 1073 1621; x_wconf 92' lang='lat' dir='ltr'><strong><em>ei</em></strong></span> <span class='ocrx_word' id='word_1_189' title='bbox 1096 1564 1177 1638; x_wconf 89' lang='lat' dir='ltr'><strong><em>loqui</em></strong></span> <span class='ocrx_word' id='word_1_190' title='bbox 1191 1565 1305 1637; x_wconf 89' lang='lat' dir='ltr'><strong><em>proprie</em></strong></span> <span class='ocrx_word' id='word_1_191' title='bbox 1331 1565 1481 1637; x_wconf 74' lang='lat' dir='ltr'><strong><em>(licitene</em></strong></span> <span class='ocrx_word' id='word_1_192' title='bbox 1501 1583 1559 1640; x_wconf 89' lang='lat' dir='ltr'><strong><em>quo</em></strong></span> <span class='ocrx_word' id='word_1_193' title='bbox 1583 1571 1648 1641; x_wconf 79' lang='lat' dir='ltr'><strong><em>ejus</em></strong></span> <span class='ocrx_word' id='word_1_194' title='bbox 1662 1571 1753 1628; x_wconf 85' lang='lat' dir='ltr'><strong><em>verba</em></strong></span> 
     </span>
     <span class='ocr_line' id='line_1_17' title="bbox 79 1649 1757 1725; baseline 0.008 -21"><span class='ocrx_word' id='word_1_195' title='bbox 79 1661 173 1705; x_wconf 75' lang='lat' dir='ltr'><strong><em>seam</em></strong></span> <span class='ocrx_word' id='word_1_196' title='bbox 189 1656 247 1705; x_wconf 85' lang='grc' dir='ltr'>ιιιι</span> <span class='ocrx_word' id='word_1_197' title='bbox 262 1649 402 1722; x_wconf 89' lang='lat' dir='ltr'><strong><em>dignitate</em></strong></span> <span class='ocrx_word' id='word_1_198' title='bbox 420 1664 510 1722; x_wconf 80' lang='lat' dir='ltr'><strong><em>quom</em></strong></span> <span class='ocrx_word' id='word_1_199' title='bbox 524 1651 648 1710; x_wconf 89' lang='lat' dir='ltr'><strong><em>utilitate</em></strong></span> <span class='ocrx_word' id='word_1_200' title='bbox 663 1653 851 1724; x_wconf 74' lang='lat' dir='ltr'><strong><em>preminere,</em></strong></span> <span class='ocrx_word' id='word_1_201' title='bbox 907 1649 1132 1725; x_wconf 86' lang='lat' dir='ltr'><strong><em>intelliguntur,</em></strong></span> <span class='ocrx_word' id='word_1_202' title='bbox 1157 1668 1225 1712; x_wconf 89' lang='lat' dir='ltr'><strong><em>cum</em></strong></span> <span class='ocrx_word' id='word_1_203' title='bbox 1247 1654 1304 1712; x_wconf 88' lang='lat' dir='ltr'><strong><em>hoc</em></strong></span> <span class='ocrx_word' id='word_1_204' title='bbox 1330 1670 1424 1714; x_wconf 91' lang='lat' dir='ltr'><strong><em>unum</em></strong></span> <span class='ocrx_word' id='word_1_205' title='bbox 1452 1657 1489 1717; x_wconf 87' lang='lat' dir='ltr'><strong><em>sit</em></strong></span> <span class='ocrx_word' id='word_1_206' title='bbox 1513 1659 1670 1716; x_wconf 85' lang='lat' dir='ltr'><strong><em>verborum</em></strong></span> <span class='ocrx_word' id='word_1_207' title='bbox 1693 1659 1757 1717; x_wconf 89' lang='lat' dir='ltr'><strong><em>olil-</em></strong></span> 
     </span>
     <span class='ocr_line' id='line_1_18' title="bbox 89 1735 1757 1817; baseline 0.007 -24"><span class='ocrx_word' id='word_1_208' title='bbox 89 1736 130 1794; x_wconf 83' lang='lat' dir='ltr'><strong><em>sb</em></strong></span> <span class='ocrx_word' id='word_1_209' title='bbox 159 1735 223 1808; x_wconf 89' lang='lat' dir='ltr'><strong><em>ipso</em></strong></span> <span class='ocrx_word' id='word_1_210' title='bbox 248 1738 369 1798; x_wconf 85' lang='lat' dir='ltr'><strong><em>Domino</em></strong></span> <span class='ocrx_word' id='word_1_211' title='bbox 397 1740 546 1813; x_wconf 84' lang='lat' dir='ltr'><strong><em>discipulis</em></strong></span> <span class='ocrx_word' id='word_1_212' title='bbox 574 1743 678 1800; x_wconf 85' lang='lat' dir='ltr'><strong><em>tradita</em></strong></span> <span class='ocrx_word' id='word_1_213' title='bbox 704 1744 853 1803; x_wconf 77' lang='lat' dir='ltr'><strong><em>Dominica</em></strong></span> <span class='ocrx_word' id='word_1_214' title='bbox 906 1738 985 1797; x_wconf 92' lang='lat' dir='ltr'><strong><em>cium</em></strong></span> <span class='ocrx_word' id='word_1_215' title='bbox 1018 1748 1051 1801; x_wconf 91' lang='lat' dir='ltr'><strong><em>ut</em></strong></span> <span class='ocrx_word' id='word_1_216' title='bbox 1076 1743 1105 1798; x_wconf 90' lang='lat' dir='ltr'><strong><em>in</em></strong></span> <span class='ocrx_word' id='word_1_217' title='bbox 1134 1744 1267 1803; x_wconf 88' lang='lat' dir='ltr'><strong><em>auditore</em></strong></span> <span class='ocrx_word' id='word_1_218' title='bbox 1293 1753 1431 1817; x_wconf 86' lang='lat' dir='ltr'><strong><em>generent</em></strong></span> <span class='ocrx_word' id='word_1_219' title='bbox 1459 1747 1645 1805; x_wconf 88' lang='lat' dir='ltr'><strong><em>intellectum.</em></strong></span> <span class='ocrx_word' id='word_1_220' title='bbox 1674 1747 1757 1806; x_wconf 76' lang='lat' dir='ltr'><strong><em>Tunc</em></strong></span> 
     </span>
     <span class='ocr_line' id='line_1_19' title="bbox 79 1825 1756 1909; baseline 0.008 -27"><span class='ocrx_word' id='word_1_221' title='bbox 79 1832 126 1883; x_wconf 70' lang='lat' dir='ltr'><strong><em>oet</em></strong></span> <span class='ocrx_word' id='word_1_222' title='bbox 139 1825 294 1898; x_wconf 78' lang='lat' dir='ltr'><strong><em>appellata,</em></strong></span> <span class='ocrx_word' id='word_1_223' title='bbox 318 1837 346 1886; x_wconf 89' lang='lat' dir='ltr'><strong><em>et</em></strong></span> <span class='ocrx_word' id='word_1_224' title='bbox 360 1830 396 1886; x_wconf 93' lang='lat' dir='ltr'><strong><em>ob</em></strong></span> <span class='ocrx_word' id='word_1_225' title='bbox 410 1829 497 1887; x_wconf 84' lang='lat' dir='ltr'><strong><em>hoca</em></strong></span> <span class='ocrx_word' id='word_1_226' title='bbox 521 1828 655 1889; x_wconf 78' lang='lat' dir='ltr'><strong><em>fidelibus</em></strong></span> <span class='ocrx_word' id='word_1_227' title='bbox 670 1832 851 1904; x_wconf 90' lang='lat' dir='ltr'><strong><em>potissimum</em></strong></span> <span class='ocrx_word' id='word_1_228' title='bbox 907 1828 1006 1901; x_wconf 89' lang='lat' dir='ltr'><strong><em>itaque</em></strong></span> <span class='ocrx_word' id='word_1_229' title='bbox 1027 1832 1240 1905; x_wconf 87' lang='lat' dir='ltr'><strong><em>nobismetipsis</em></strong></span> <span class='ocrx_word' id='word_1_230' title='bbox 1275 1833 1435 1905; x_wconf 89' lang='lat' dir='ltr'><strong><em>loquimur,</em></strong></span> <span class='ocrx_word' id='word_1_231' title='bbox 1463 1851 1530 1895; x_wconf 90' lang='lat' dir='ltr'><strong><em>cum</em></strong></span> <span class='ocrx_word' id='word_1_232' title='bbox 1560 1851 1597 1894; x_wconf 84' lang='lat' dir='ltr'><strong><em>ex</em></strong></span> <span class='ocrx_word' id='word_1_233' title='bbox 1621 1837 1666 1893; x_wconf 86' lang='lat' dir='ltr'><strong><em>tris</em></strong></span> <span class='ocrx_word' id='word_1_234' title='bbox 1689 1851 1756 1909; x_wconf 81' lang='lat' dir='ltr'><strong><em>qum</em></strong></span> 
     </span>
     <span class='ocr_line' id='line_1_20' title="bbox 79 1916 1753 1991; baseline 0.006 -18"><span class='ocrx_word' id='word_1_235' title='bbox 79 1916 223 1985; x_wconf 71' lang='lat' dir='ltr'><strong><em>munda,</em></strong></span> <span class='ocrx_word' id='word_1_236' title='bbox 236 1923 270 1975; x_wconf 95' lang='lat' dir='ltr'><strong><em>ut</em></strong></span> <span class='ocrx_word' id='word_1_237' title='bbox 286 1917 321 1975; x_wconf 87' lang='lat' dir='ltr'><strong><em>do</em></strong></span> <span class='ocrx_word' id='word_1_238' title='bbox 336 1918 399 1990; x_wconf 92' lang='lat' dir='ltr'><strong><em>ipsa</em></strong></span> <span class='ocrx_word' id='word_1_239' title='bbox 407 1918 553 1991; x_wconf 87' lang='lat' dir='ltr'><strong><em>praecipue</em></strong></span> <span class='ocrx_word' id='word_1_240' title='bbox 577 1922 701 1979; x_wconf 90' lang='lat' dir='ltr'><strong><em>lacobus</em></strong></span> <span class='ocrx_word' id='word_1_241' title='bbox 718 1922 853 1981; x_wconf 84' lang='lat' dir='ltr'><strong><em>videatur</em></strong></span> <span class='ocrx_word' id='word_1_242' title='bbox 907 1918 1031 1977; x_wconf 86' lang='lat' dir='ltr'><strong><em>dicimus</em></strong></span> <span class='ocrx_word' id='word_1_243' title='bbox 1063 1920 1214 1980; x_wconf 78' lang='lat' dir='ltr'><strong><em>intellectis</em></strong></span> <span class='ocrx_word' id='word_1_244' title='bbox 1232 1921 1412 1981; x_wconf 87' lang='lat' dir='ltr'><strong><em>devotionem</em></strong></span> <span class='ocrx_word' id='word_1_245' title='bbox 1441 1926 1603 1984; x_wconf 80' lang='lat' dir='ltr'><strong><em>excitamus</em></strong></span> <span class='ocrx_word' id='word_1_246' title='bbox 1625 1927 1753 1983; x_wconf 73' lang='lat' dir='ltr'><strong><em>montisc</em></strong></span> 
     </span>
     <span class='ocr_line' id='line_1_21' title="bbox 79 2005 1756 2085; baseline 0.004 -22"><span class='ocrx_word' id='word_1_247' title='bbox 79 2018 133 2063; x_wconf 85' lang='lat' dir='ltr'><strong><em>se:</em></strong></span> <span class='ocrx_word' id='word_1_248' title='bbox 155 2005 275 2061; x_wconf 73' lang='lat' dir='ltr'><strong><em>Multum</em></strong></span> <span class='ocrx_word' id='word_1_249' title='bbox 288 2009 627 2081; x_wconf 82' lang='lat' dir='ltr'><strong><em>euimocletcrctiojusti</em></strong></span> <span class='ocrx_word' id='word_1_250' title='bbox 642 2011 757 2067; x_wconf 81' lang='lat' dir='ltr'><strong><em>cssidsm</em></strong></span> <span class='ocrx_word' id='word_1_251' title='bbox 776 2012 851 2083; x_wconf 61' lang='grc' dir='ltr'>(ιιι.</span> <span class='ocrx_word' id='word_1_252' title='bbox 906 2014 934 2064; x_wconf 87' lang='lat' dir='ltr'><strong><em>el</em></strong></span> <span class='ocrx_word' id='word_1_253' title='bbox 957 2015 1027 2066; x_wconf 90' lang='lat' dir='ltr'><strong><em>tunc</em></strong></span> <span class='ocrx_word' id='word_1_254' title='bbox 1066 2011 1152 2068; x_wconf 89' lang='lat' dir='ltr'><strong><em>corde</em></strong></span> <span class='ocrx_word' id='word_1_255' title='bbox 1191 2011 1301 2081; x_wconf 87' lang='lat' dir='ltr'><strong><em>pariter</em></strong></span> <span class='ocrx_word' id='word_1_256' title='bbox 1342 2020 1370 2070; x_wconf 90' lang='lat' dir='ltr'><strong><em>et</em></strong></span> <span class='ocrx_word' id='word_1_257' title='bbox 1399 2026 1448 2069; x_wconf 89' lang='lat' dir='ltr'><strong><em>cre</em></strong></span> <span class='ocrx_word' id='word_1_258' title='bbox 1485 2013 1646 2085; x_wconf 81' lang='lat' dir='ltr'><strong><em>psallimus,</em></strong></span> <span class='ocrx_word' id='word_1_259' title='bbox 1686 2026 1756 2070; x_wconf 89' lang='lat' dir='ltr'><strong><em>cum</em></strong></span> 
     </span>
     <span class='ocr_line' id='line_1_22' title="bbox 79 2094 1754 2176; baseline 0.014 -25"><span class='ocrx_word' id='word_1_260' title='bbox 79 2096 103 2167; x_wconf 86' lang='lat'><strong><em>).</em></strong></span> <span class='ocrx_word' id='word_1_261' title='bbox 119 2094 271 2163; x_wconf 76' lang='lat' dir='ltr'><strong><em>Quantum</em></strong></span> <span class='ocrx_word' id='word_1_262' title='bbox 286 2105 383 2155; x_wconf 89' lang='lat' dir='ltr'><strong><em>autem</em></strong></span> <span class='ocrx_word' id='word_1_263' title='bbox 398 2098 494 2157; x_wconf 81' lang='lat' dir='ltr'><strong><em>valeat</em></strong></span> <span class='ocrx_word' id='word_1_264' title='bbox 515 2108 544 2157; x_wconf 91' lang='lat' dir='ltr'><strong><em>et</em></strong></span> <span class='ocrx_word' id='word_1_265' title='bbox 559 2102 647 2172; x_wconf 89' lang='lat' dir='ltr'><strong><em>possit</em></strong></span> <span class='ocrx_word' id='word_1_266' title='bbox 659 2104 751 2161; x_wconf 89' lang='lat' dir='ltr'><strong><em>oratio</em></strong></span> <span class='ocrx_word' id='word_1_267' title='bbox 767 2105 850 2176; x_wconf 85' lang='lat' dir='ltr'><strong><em>justi,</em></strong></span> <span class='ocrx_word' id='word_1_268' title='bbox 907 2098 985 2168; x_wconf 70' lang='lat' dir='ltr'><strong><em>(111⁰d</em></strong></span> <span class='ocrx_word' id='word_1_269' title='bbox 1010 2099 1138 2157; x_wconf 64' lang='grc' dir='ltr'><strong><em>θῐῖθΐῑῦὃ</em></strong></span> <span class='ocrx_word' id='word_1_270' title='bbox 1167 2100 1335 2171; x_wconf 67' lang='lat' dir='ltr'><strong><em>bl⁰f⁰rlur2</em></strong></span> <span class='ocrx_word' id='word_1_271' title='bbox 1359 2103 1483 2160; x_wconf 89' lang='lat' dir='ltr'><strong><em>interius</em></strong></span> <span class='ocrx_word' id='word_1_272' title='bbox 1511 2117 1562 2175; x_wconf 88' lang='lat' dir='ltr'><strong><em>per</em></strong></span> <span class='ocrx_word' id='word_1_273' title='bbox 1591 2103 1754 2174; x_wconf 63' lang='lat' dir='ltr'><strong><em>issiOUleiss·</em></strong></span> 
     </span>
     <span class='ocr_line' id='line_1_23' title="bbox 85 2184 1755 2264; baseline 0.013 -21"><span class='ocrx_word' id='word_1_274' title='bbox 85 2184 262 2258; x_wconf 78' lang='lat' dir='ltr'><strong><em>Hieronymi</em></strong></span> <span class='ocrx_word' id='word_1_275' title='bbox 274 2201 363 2260; x_wconf 89' lang='lat' dir='ltr'><strong><em>super</em></strong></span> <span class='ocrx_word' id='word_1_276' title='bbox 375 2190 528 2247; x_wconf 85' lang='lat' dir='ltr'><strong><em>teremiam</em></strong></span> <span class='ocrx_word' id='word_1_277' title='bbox 542 2191 693 2251; x_wconf 83' lang='lat' dir='ltr'><strong><em>manileste</em></strong></span> <span class='ocrx_word' id='word_1_278' title='bbox 714 2192 850 2263; x_wconf 87' lang='lat' dir='ltr'><strong><em>declarat,</em></strong></span> <span class='ocrx_word' id='word_1_279' title='bbox 907 2188 977 2244; x_wconf 88' lang='lat' dir='ltr'><strong><em>tiam</em></strong></span> <span class='ocrx_word' id='word_1_280' title='bbox 990 2189 1111 2258; x_wconf 62' lang='lat' dir='ltr'><strong><em>bellitur·</em></strong></span> <span class='ocrx_word' id='word_1_281' title='bbox 1137 2187 1211 2256; x_wconf 72' lang='lat' dir='ltr'><strong><em>Quill</em></strong></span> <span class='ocrx_word' id='word_1_282' title='bbox 1234 2196 1331 2247; x_wconf 66' lang='lat' dir='ltr'><strong><em>aulem</em></strong></span> <span class='ocrx_word' id='word_1_283' title='bbox 1345 2191 1438 2264; x_wconf 66' lang='lat' dir='ltr'><strong><em>magis</em></strong></span> <span class='ocrx_word' id='word_1_284' title='bbox 1462 2190 1637 2262; x_wconf 66' lang='lat' dir='ltr'><strong><em>ridiculum,</em></strong></span> <span class='ocrx_word' id='word_1_285' title='bbox 1664 2205 1755 2264; x_wconf 89' lang='lat' dir='ltr'><strong><em>quam</em></strong></span> 
     </span>
     <span class='ocr_line' id='line_1_24' title="bbox 81 2275 1754 2353; baseline 0.004 -21"><span class='ocrx_word' id='word_1_286' title='bbox 81 2275 171 2333; x_wconf 81' lang='lat' dir='ltr'><strong><em>nosti</em></strong></span> <span class='ocrx_word' id='word_1_287' title='bbox 187 2277 357 2349; x_wconf 85' lang='lat' dir='ltr'><strong><em>prophetam</em></strong></span> <span class='ocrx_word' id='word_1_288' title='bbox 380 2279 513 2337; x_wconf 79' lang='lat' dir='ltr'><strong><em>dicente:</em></strong></span> <span class='ocrx_word' id='word_1_289' title='bbox 532 2284 572 2337; x_wconf 78' lang='lat' dir='ltr'><strong><em>Tu</em></strong></span> <span class='ocrx_word' id='word_1_290' title='bbox 593 2286 684 2338; x_wconf 75' lang='lat' dir='ltr'><strong><em>cutem</em></strong></span> <span class='ocrx_word' id='word_1_291' title='bbox 698 2285 756 2339; x_wconf 76' lang='lat' dir='ltr'><strong><em>nott</em></strong></span> <span class='ocrx_word' id='word_1_292' title='bbox 773 2300 852 2341; x_wconf 67' lang='lat' dir='ltr'><strong><em>orare</em></strong></span> <span class='ocrx_word' id='word_1_293' title='bbox 905 2291 974 2334; x_wconf 93' lang='lat' dir='ltr'><strong><em>cum</em></strong></span> <span class='ocrx_word' id='word_1_294' title='bbox 994 2276 1106 2349; x_wconf 88' lang='lat' dir='ltr'><strong><em>aliquid</em></strong></span> <span class='ocrx_word' id='word_1_295' title='bbox 1120 2277 1228 2336; x_wconf 90' lang='lat' dir='ltr'><strong><em>orando</em></strong></span> <span class='ocrx_word' id='word_1_296' title='bbox 1245 2281 1388 2351; x_wconf 89' lang='lat' dir='ltr'><strong><em>petimus,</em></strong></span> <span class='ocrx_word' id='word_1_297' title='bbox 1405 2282 1486 2353; x_wconf 86' lang='lat' dir='ltr'><strong><em>quod</em></strong></span> <span class='ocrx_word' id='word_1_298' title='bbox 1502 2295 1622 2339; x_wconf 91' lang='lat' dir='ltr'><strong><em>oramus</em></strong></span> <span class='ocrx_word' id='word_1_299' title='bbox 1642 2281 1754 2353; x_wconf 81' lang='lat' dir='ltr'><strong><em>ignore</em></strong></span> 
     </span>
     <span class='ocr_line' id='line_1_25' title="bbox 79 2365 1756 2443; baseline 0.004 -23"><span class='ocrx_word' id='word_1_300' title='bbox 79 2365 178 2437; x_wconf 85' lang='lat' dir='ltr'><strong><em>populo</em></strong></span> <span class='ocrx_word' id='word_1_301' title='bbox 193 2365 252 2436; x_wconf 84' lang='lat' dir='ltr'><strong><em>boc,</em></strong></span> <span class='ocrx_word' id='word_1_302' title='bbox 278 2371 304 2422; x_wconf 88' lang='lat' dir='ltr'><strong><em>et</em></strong></span> <span class='ocrx_word' id='word_1_303' title='bbox 317 2383 372 2423; x_wconf 81' lang='lat' dir='ltr'><strong><em>uon</em></strong></span> <span class='ocrx_word' id='word_1_304' title='bbox 388 2368 506 2426; x_wconf 81' lang='lat' dir='ltr'><strong><em>obsistas</em></strong></span> <span class='ocrx_word' id='word_1_305' title='bbox 529 2371 606 2436; x_wconf 83' lang='lat' dir='ltr'><strong><em>mibi,</em></strong></span> <span class='ocrx_word' id='word_1_306' title='bbox 623 2374 689 2443; x_wconf 87' lang='lat' dir='ltr'><strong><em>quic</em></strong></span> <span class='ocrx_word' id='word_1_307' title='bbox 703 2388 852 2431; x_wconf 64' lang='lat' dir='ltr'><strong><em>nonestu-</em></strong></span> <span class='ocrx_word' id='word_1_308' title='bbox 906 2379 971 2423; x_wconf 91' lang='lat' dir='ltr'><strong><em>mus</em></strong></span> <span class='ocrx_word' id='word_1_309' title='bbox 984 2366 1000 2421; x_wconf 84' lang='lat' dir='ltr'><strong><em>‘i</em></strong></span> <span class='ocrx_word' id='word_1_310' title='bbox 1014 2381 1067 2423; x_wconf 88' lang='lat' dir='ltr'><strong><em>noc</em></strong></span> <span class='ocrx_word' id='word_1_311' title='bbox 1081 2374 1182 2424; x_wconf 92' lang='lat' dir='ltr'><strong><em>utrum</em></strong></span> <span class='ocrx_word' id='word_1_312' title='bbox 1194 2367 1324 2425; x_wconf 89' lang='lat' dir='ltr'><strong><em>salubria</em></strong></span> <span class='ocrx_word' id='word_1_313' title='bbox 1338 2369 1396 2426; x_wconf 90' lang='lat' dir='ltr'><strong><em>sint</em></strong></span> <span class='ocrx_word' id='word_1_314' title='bbox 1422 2369 1467 2429; x_wconf 86' lang='lat' dir='ltr'><strong><em>vel</em></strong></span> <span class='ocrx_word' id='word_1_315' title='bbox 1482 2370 1586 2428; x_wconf 89' lang='lat' dir='ltr'><strong><em>nociva</em></strong></span> <span class='ocrx_word' id='word_1_316' title='bbox 1612 2369 1756 2428; x_wconf 87' lang='lat' dir='ltr'><strong><em>discutere</em></strong></span> 
     </span>
     <span class='ocr_line' id='line_1_26' title="bbox 84 2454 1757 2531; baseline 0.004 -20"><span class='ocrx_word' id='word_1_317' title='bbox 84 2454 272 2526; x_wconf 76' lang='grc' dir='ltr'>ιι(.1ιν.ιιι,</span> <span class='ocrx_word' id='word_1_318' title='bbox 289 2457 342 2527; x_wconf 82' lang='lat' dir='ltr'><strong><em>le).</em></strong></span> <span class='ocrx_word' id='word_1_319' title='bbox 905 2455 1063 2514; x_wconf 77' lang='lat' dir='ltr'><strong><em>valemus?</em></strong></span> <span class='ocrx_word' id='word_1_320' title='bbox 1084 2456 1206 2514; x_wconf 87' lang='lat' dir='ltr'><strong><em>Duabus</em></strong></span> <span class='ocrx_word' id='word_1_321' title='bbox 1228 2457 1355 2530; x_wconf 86' lang='lat' dir='ltr'><strong><em>deniqne</em></strong></span> <span class='ocrx_word' id='word_1_322' title='bbox 1372 2459 1490 2528; x_wconf 89' lang='lat' dir='ltr'><strong><em>causis,</em></strong></span> <span class='ocrx_word' id='word_1_323' title='bbox 1519 2458 1618 2517; x_wconf 86' lang='lat' dir='ltr'><strong><em>verbis</em></strong></span> <span class='ocrx_word' id='word_1_324' title='bbox 1637 2473 1757 2531; x_wconf 85' lang='lat' dir='ltr'><strong><em>quoque</em></strong></span> 
     </span>
     <span class='ocr_line' id='line_1_27' title="bbox 79 2544 1756 2620; baseline 0.008 -27"><span class='ocrx_word' id='word_1_325' title='bbox 79 2556 231 2616; x_wconf 65' lang='lat' dir='ltr'><strong><em>ponymus</em></strong></span> <span class='ocrx_word' id='word_1_326' title='bbox 252 2544 332 2617; x_wconf 81' lang='lat' dir='ltr'><strong><em>(t3):</em></strong></span> <span class='ocrx_word' id='word_1_327' title='bbox 358 2564 373 2595; x_wconf 76' lang='grc' dir='ltr'><strong><em>ι</em></strong></span> <span class='ocrx_word' id='word_1_328' title='bbox 402 2545 483 2614; x_wconf 76' lang='lat' dir='ltr'><strong><em>Quod</em></strong></span> <span class='ocrx_word' id='word_1_329' title='bbox 502 2557 600 2608; x_wconf 70' lang='lat' dir='ltr'><strong><em>autem</em></strong></span> <span class='ocrx_word' id='word_1_330' title='bbox 621 2550 716 2609; x_wconf 69' lang='lat' dir='ltr'><strong><em>dicit:</em></strong></span> <span class='ocrx_word' id='word_1_331' title='bbox 744 2553 781 2610; x_wconf 75' lang='lat' dir='ltr'><strong><em>pt</em></strong></span> <span class='ocrx_word' id='word_1_332' title='bbox 797 2568 852 2609; x_wconf 67' lang='lat' dir='ltr'><strong><em>non</em></strong></span> <span class='ocrx_word' id='word_1_333' title='bbox 907 2544 1021 2601; x_wconf 83' lang='lat' dir='ltr'><strong><em>Domini</em></strong></span> <span class='ocrx_word' id='word_1_334' title='bbox 1041 2553 1153 2603; x_wconf 91' lang='lat' dir='ltr'><strong><em>constat</em></strong></span> <span class='ocrx_word' id='word_1_335' title='bbox 1171 2548 1326 2615; x_wconf 87' lang='lat' dir='ltr'><strong><em>orandum,</em></strong></span> <span class='ocrx_word' id='word_1_336' title='bbox 1341 2555 1374 2604; x_wconf 92' lang='lat' dir='ltr'><strong><em>nt</em></strong></span> <span class='ocrx_word' id='word_1_337' title='bbox 1402 2548 1456 2606; x_wconf 87' lang='lat' dir='ltr'><strong><em>hcc</em></strong></span> <span class='ocrx_word' id='word_1_338' title='bbox 1470 2548 1602 2606; x_wconf 79' lang='lat' dir='ltr'><strong><em>videlicet</em></strong></span> <span class='ocrx_word' id='word_1_339' title='bbox 1627 2549 1664 2605; x_wconf 91' lang='lat' dir='ltr'><strong><em>ad</em></strong></span> <span class='ocrx_word' id='word_1_340' title='bbox 1692 2548 1756 2620; x_wconf 82' lang='lat' dir='ltr'><strong><em>ejus</em></strong></span> 
     </span>
     <span class='ocr_line' id='line_1_28' title="bbox 79 2633 1757 2709; baseline 0.004 -20"><span class='ocrx_word' id='word_1_341' title='bbox 79 2646 115 2689; x_wconf 85' lang='lat' dir='ltr'><strong><em>cs</em></strong></span> <span class='ocrx_word' id='word_1_342' title='bbox 129 2633 211 2702; x_wconf 82' lang='lat' dir='ltr'><strong><em>mibi,</em></strong></span> <span class='ocrx_word' id='word_1_343' title='bbox 237 2634 359 2693; x_wconf 84' lang='lat' dir='ltr'><strong><em>ostendit</em></strong></span> <span class='ocrx_word' id='word_1_344' title='bbox 387 2639 465 2708; x_wconf 85' lang='lat' dir='ltr'><strong><em>quod</em></strong></span> <span class='ocrx_word' id='word_1_345' title='bbox 479 2639 656 2709; x_wconf 82' lang='lat' dir='ltr'><strong><em>{sanctorum</em></strong></span> <span class='ocrx_word' id='word_1_346' title='bbox 685 2642 775 2699; x_wconf 90' lang='lat' dir='ltr'><strong><em>oratio</em></strong></span> <span class='ocrx_word' id='word_1_347' title='bbox 801 2641 851 2699; x_wconf 73' lang='lat' dir='ltr'><strong><em>irc</em></strong></span> <span class='ocrx_word' id='word_1_348' title='bbox 909 2634 1050 2693; x_wconf 86' lang='lat' dir='ltr'><strong><em>honorem</em></strong></span> <span class='ocrx_word' id='word_1_349' title='bbox 1072 2641 1101 2691; x_wconf 89' lang='lat' dir='ltr'><strong><em>et</em></strong></span> <span class='ocrx_word' id='word_1_350' title='bbox 1115 2635 1152 2692; x_wconf 90' lang='lat' dir='ltr'><strong><em>ad</em></strong></span> <span class='ocrx_word' id='word_1_351' title='bbox 1166 2643 1294 2693; x_wconf 91' lang='lat' dir='ltr'><strong><em>nostram</em></strong></span> <span class='ocrx_word' id='word_1_352' title='bbox 1309 2636 1360 2693; x_wconf 88' lang='lat' dir='ltr'><strong><em>liat</em></strong></span> <span class='ocrx_word' id='word_1_353' title='bbox 1373 2636 1535 2694; x_wconf 89' lang='lat' dir='ltr'><strong><em>utilitatem.</em></strong></span> <span class='ocrx_word' id='word_1_354' title='bbox 1551 2637 1594 2694; x_wconf 79' lang='lat' dir='ltr'><strong><em>nd</em></strong></span> <span class='ocrx_word' id='word_1_355' title='bbox 1614 2636 1679 2708; x_wconf 83' lang='lat' dir='ltr'><strong><em>ejus</em></strong></span> <span class='ocrx_word' id='word_1_356' title='bbox 1693 2637 1757 2708; x_wconf 86' lang='lat' dir='ltr'><strong><em>qui·</em></strong></span> 
     </span>
     <span class='ocr_line' id='line_1_29' title="bbox 79 2721 1754 2802; baseline 0.011 -25"><span class='ocrx_word' id='word_1_357' title='bbox 79 2721 171 2793; x_wconf 88' lang='lat' dir='ltr'><strong><em>possit</em></strong></span> <span class='ocrx_word' id='word_1_358' title='bbox 192 2721 333 2781; x_wconf 88' lang='lat' dir='ltr'><strong><em>resistcre.</em></strong></span> <span class='ocrx_word' id='word_1_359' title='bbox 354 2723 435 2782; x_wconf 89' lang='lat' dir='ltr'><strong><em>Unde</em></strong></span> <span class='ocrx_word' id='word_1_360' title='bbox 458 2734 486 2785; x_wconf 91' lang='lat' dir='ltr'><strong><em>et</em></strong></span> <span class='ocrx_word' id='word_1_361' title='bbox 504 2726 635 2799; x_wconf 88' lang='lat' dir='ltr'><strong><em>loquitur</em></strong></span> <span class='ocrx_word' id='word_1_362' title='bbox 654 2729 691 2786; x_wconf 88' lang='lat' dir='ltr'><strong><em>ad</em></strong></span> <span class='ocrx_word' id='word_1_363' title='bbox 710 2730 850 2802; x_wconf 77' lang='lat' dir='ltr'><strong><em>Moysen:</em></strong></span> <span class='ocrx_word' id='word_1_364' title='bbox 907 2724 973 2781; x_wconf 88' lang='lat' dir='ltr'><strong><em>dem</em></strong></span> <span class='ocrx_word' id='word_1_365' title='bbox 1000 2723 1148 2792; x_wconf 79' lang='lat' dir='ltr'><strong><em>honorem,</em></strong></span> <span class='ocrx_word' id='word_1_366' title='bbox 1173 2739 1241 2781; x_wconf 72' lang='lat' dir='ltr'><strong><em>lum</em></strong></span> <span class='ocrx_word' id='word_1_367' title='bbox 1261 2725 1338 2796; x_wconf 61' lang='lat'><strong>[1⁰⁰⁶</strong></span> <span class='ocrx_word' id='word_1_368' title='bbox 1362 2726 1399 2781; x_wconf 67' lang='lat' dir='ltr'><strong><em>ib</em></strong></span> <span class='ocrx_word' id='word_1_369' title='bbox 1420 2727 1481 2796; x_wconf 65' lang='lat'><strong><em>59⁸⁰</em></strong></span> <span class='ocrx_word' id='word_1_370' title='bbox 1498 2725 1690 2796; x_wconf 74' lang='lat' dir='ltr'><strong><em>l⁰S²11¹²ffl11⁸c</em></strong></span> <span class='ocrx_word' id='word_1_371' title='bbox 1716 2725 1754 2783; x_wconf 61' lang='lat' dir='ltr'><strong><em>ab</em></strong></span> 
     </span>
     <span class='ocr_line' id='line_1_30' title="bbox 79 2811 1756 2887; baseline 0.003 -21"><span class='ocrx_word' id='word_1_372' title='bbox 79 2814 111 2867; x_wconf 77' lang='lat' dir='ltr'><strong><em>te</em></strong></span> <span class='ocrx_word' id='word_1_373' title='bbox 129 2826 189 2881; x_wconf 87' lang='lat' dir='ltr'><strong><em>mc,</em></strong></span> <span class='ocrx_word' id='word_1_374' title='bbox 214 2817 245 2868; x_wconf 92' lang='lat' dir='ltr'><strong><em>ut</em></strong></span> <span class='ocrx_word' id='word_1_375' title='bbox 272 2814 425 2883; x_wconf 70' lang='lat' dir='ltr'><strong><em>pertubant</em></strong></span> <span class='ocrx_word' id='word_1_376' title='bbox 438 2817 574 2886; x_wconf 87' lang='lat' dir='ltr'><strong><em>populum</em></strong></span> <span class='ocrx_word' id='word_1_377' title='bbox 591 2818 687 2886; x_wconf 78' lang='lat' dir='ltr'><strong><em>utum,</em></strong></span> <span class='ocrx_word' id='word_1_378' title='bbox 708 2823 735 2874; x_wconf 89' lang='lat' dir='ltr'><strong><em>et</em></strong></span> <span class='ocrx_word' id='word_1_379' title='bbox 748 2820 852 2887; x_wconf 69' lang='lat' dir='ltr'><strong><em>{auom</em></strong></span> <span class='ocrx_word' id='word_1_380' title='bbox 907 2812 969 2883; x_wconf 88' lang='lat' dir='ltr'><strong><em>ipso</em></strong></span> <span class='ocrx_word' id='word_1_381' title='bbox 984 2811 1078 2884; x_wconf 89' lang='lat' dir='ltr'><strong><em>potius</em></strong></span> <span class='ocrx_word' id='word_1_382' title='bbox 1106 2826 1196 2884; x_wconf 89' lang='lat' dir='ltr'><strong><em>quam</em></strong></span> <span class='ocrx_word' id='word_1_383' title='bbox 1220 2813 1332 2870; x_wconf 91' lang='lat' dir='ltr'><strong><em>anobis</em></strong></span> <span class='ocrx_word' id='word_1_384' title='bbox 1345 2813 1401 2871; x_wconf 90' lang='lat' dir='ltr'><strong><em>hoc</em></strong></span> <span class='ocrx_word' id='word_1_385' title='bbox 1429 2828 1490 2871; x_wconf 87' lang='lat' dir='ltr'><strong><em>esse</em></strong></span> <span class='ocrx_word' id='word_1_386' title='bbox 1510 2815 1653 2871; x_wconf 77' lang='lat' dir='ltr'><strong><em>fateamur</em></strong></span> <span class='ocrx_word' id='word_1_387' title='bbox 1677 2815 1756 2886; x_wconf 88' lang='lat' dir='ltr'><strong><em>quod</em></strong></span> 
     </span>
     <span class='ocr_line' id='line_1_31' title="bbox 83 2867 1757 2978; baseline 0.003 -22"><span class='ocrx_word' id='word_1_388' title='bbox 83 2906 199 2971; x_wconf 74' lang='lat' dir='ltr'><strong><em>genum</em></strong></span> <span class='ocrx_word' id='word_1_389' title='bbox 211 2914 342 2971; x_wconf 79' lang='lat' dir='ltr'><strong><em>magnam</em></strong></span> <span class='ocrx_word' id='word_1_390' title='bbox 363 2904 462 2971; x_wconf 75' lang='lat' dir='ltr'><strong><em>(Eucd</em></strong></span> <span class='ocrx_word' id='word_1_391' title='bbox 487 2920 580 2974; x_wconf 77' lang='lat' dir='ltr'><strong><em>mn,</em></strong></span> <span class='ocrx_word' id='word_1_392' title='bbox 607 2908 660 2978; x_wconf 84' lang='grc' dir='ltr'>ιο).</span> <span class='ocrx_word' id='word_1_393' title='bbox 692 2929 704 2958; x_wconf 67' lang='grc' dir='ltr'><strong><em>ι</em></strong></span> <span class='ocrx_word' id='word_1_394' title='bbox 721 2907 802 2976; x_wconf 79' lang='lat' dir='ltr'><strong><em>Quod</em></strong></span> <span class='ocrx_word' id='word_1_395' title='bbox 827 2867 890 2966; x_wconf 68' lang='lat'><strong><em>⁸1⁰</em></strong></span> <span class='ocrx_word' id='word_1_396' title='bbox 907 2902 1049 2972; x_wconf 88' lang='lat' dir='ltr'><strong><em>petimus;</em></strong></span> <span class='ocrx_word' id='word_1_397' title='bbox 1076 2909 1104 2958; x_wconf 89' lang='lat' dir='ltr'><strong><em>et</em></strong></span> <span class='ocrx_word' id='word_1_398' title='bbox 1117 2901 1182 2973; x_wconf 86' lang='lat' dir='ltr'><strong><em>ejus</em></strong></span> <span class='ocrx_word' id='word_1_399' title='bbox 1195 2901 1295 2973; x_wconf 79' lang='lat' dir='ltr'><strong><em>gratim</em></strong></span> <span class='ocrx_word' id='word_1_400' title='bbox 1307 2903 1507 2975; x_wconf 89' lang='lat' dir='ltr'><strong><em>potiusquam</em></strong></span> <span class='ocrx_word' id='word_1_401' title='bbox 1530 2902 1634 2961; x_wconf 87' lang='lat' dir='ltr'><strong><em>virtuti</em></strong></span> <span class='ocrx_word' id='word_1_402' title='bbox 1651 2911 1757 2962; x_wconf 78' lang='lat' dir='ltr'><strong><em>norum</em></strong></span> 
     </span>
     <span class='ocr_line' id='line_1_32' title="bbox 79 2989 1757 3069; baseline 0.005 -26"><span class='ocrx_word' id='word_1_403' title='bbox 79 2989 184 3048; x_wconf 81' lang='lat' dir='ltr'><strong><em>tndem</em></strong></span> <span class='ocrx_word' id='word_1_404' title='bbox 207 2991 299 3050; x_wconf 88' lang='lat' dir='ltr'><strong><em>oratio</em></strong></span> <span class='ocrx_word' id='word_1_405' title='bbox 321 3001 485 3052; x_wconf 80' lang='lat' dir='ltr'><strong><em>sanctorum</em></strong></span> <span class='ocrx_word' id='word_1_406' title='bbox 503 3009 587 3066; x_wconf 80' lang='lat' dir='ltr'><strong><em>posse</em></strong></span> <span class='ocrx_word' id='word_1_407' title='bbox 600 2995 713 3062; x_wconf 80' lang='lat' dir='ltr'><strong><em>habeat,</em></strong></span> <span class='ocrx_word' id='word_1_408' title='bbox 742 3004 853 3069; x_wconf 79' lang='lat' dir='ltr'><strong><em>utpote</em></strong></span> <span class='ocrx_word' id='word_1_409' title='bbox 907 2991 960 3049; x_wconf 85' lang='lat' dir='ltr'><strong><em>holt</em></strong></span> <span class='ocrx_word' id='word_1_410' title='bbox 987 2998 1135 3062; x_wconf 86' lang='lat' dir='ltr'><strong><em>acceptum</em></strong></span> <span class='ocrx_word' id='word_1_411' title='bbox 1165 2991 1345 3050; x_wconf 86' lang='lat' dir='ltr'><strong><em>tribuamus.</em></strong></span> <span class='ocrx_word' id='word_1_412' title='bbox 1374 2993 1420 3049; x_wconf 80' lang='lat' dir='ltr'><strong><em>Ad</em></strong></span> <span class='ocrx_word' id='word_1_413' title='bbox 1454 2993 1606 3051; x_wconf 76' lang='lat' dir='ltr'><strong><em>utilitatem</em></strong></span> <span class='ocrx_word' id='word_1_414' title='bbox 1638 3007 1757 3065; x_wconf 84' lang='lat' dir='ltr'><strong><em>queque</em></strong></span> 
     </span>
     <span class='ocr_line' id='line_1_33' title="bbox 79 3078 1756 3157; baseline 0.001 -17"><span class='ocrx_word' id='word_1_415' title='bbox 79 3078 168 3137; x_wconf 69' lang='lat' dir='ltr'><strong><em>level</em></strong></span> <span class='ocrx_word' id='word_1_416' title='bbox 196 3079 351 3151; x_wconf 78' lang='lat' dir='ltr'><strong><em>ieremias,</em></strong></span> <span class='ocrx_word' id='word_1_417' title='bbox 375 3083 498 3156; x_wconf 88' lang='lat' dir='ltr'><strong><em>quidde</em></strong></span> <span class='ocrx_word' id='word_1_418' title='bbox 514 3084 577 3155; x_wconf 91' lang='lat' dir='ltr'><strong><em>ipsa</em></strong></span> <span class='ocrx_word' id='word_1_419' title='bbox 597 3085 711 3143; x_wconf 87' lang='lat' dir='ltr'><strong><em>Domini</em></strong></span> <span class='ocrx_word' id='word_1_420' title='bbox 732 3100 852 3157; x_wconf 86' lang='lat' dir='ltr'><strong><em>speran-</em></strong></span> <span class='ocrx_word' id='word_1_421' title='bbox 906 3087 1033 3138; x_wconf 88' lang='lat' dir='ltr'><strong><em>nostram</em></strong></span> <span class='ocrx_word' id='word_1_422' title='bbox 1050 3080 1138 3137; x_wconf 80' lang='lat' dir='ltr'><strong><em>sorba</em></strong></span> <span class='ocrx_word' id='word_1_423' title='bbox 1165 3094 1281 3152; x_wconf 87' lang='lat' dir='ltr'><strong><em>quoque</em></strong></span> <span class='ocrx_word' id='word_1_424' title='bbox 1311 3082 1560 3150; x_wconf 70' lang='lat' dir='ltr'><strong><em>commeatuum,</em></strong></span> <span class='ocrx_word' id='word_1_425' title='bbox 1582 3096 1650 3140; x_wconf 89' lang='lat' dir='ltr'><strong><em>eum</em></strong></span> <span class='ocrx_word' id='word_1_426' title='bbox 1670 3082 1756 3141; x_wconf 87' lang='lat' dir='ltr'><strong><em>iutel-</em></strong></span> 
     </span>
     <span class='ocr_line' id='line_1_34' title="bbox 83 3169 1757 3247; baseline 0.002 -20"><span class='ocrx_word' id='word_1_427' title='bbox 83 3175 130 3227; x_wconf 76' lang='grc' dir='ltr'><strong><em>ιιι</em></strong></span> <span class='ocrx_word' id='word_1_428' title='bbox 148 3169 289 3236; x_wconf 88' lang='lat' dir='ltr'><strong><em>oratione,</em></strong></span> <span class='ocrx_word' id='word_1_429' title='bbox 318 3185 408 3244; x_wconf 89' lang='lat' dir='ltr'><strong><em>qnam</em></strong></span> <span class='ocrx_word' id='word_1_430' title='bbox 435 3173 555 3245; x_wconf 90' lang='lat' dir='ltr'><strong><em>ipsemet</em></strong></span> <span class='ocrx_word' id='word_1_431' title='bbox 573 3174 703 3243; x_wconf 82' lang='lat' dir='ltr'><strong><em>dictavit,</em></strong></span> <span class='ocrx_word' id='word_1_432' title='bbox 719 3175 779 3247; x_wconf 84' lang='lat' dir='ltr'><strong><em>ipse</em></strong></span> <span class='ocrx_word' id='word_1_433' title='bbox 794 3176 852 3234; x_wconf 91' lang='lat' dir='ltr'><strong><em>mi-</em></strong></span> <span class='ocrx_word' id='word_1_434' title='bbox 907 3169 980 3228; x_wconf 89' lang='lat' dir='ltr'><strong><em>lecta</em></strong></span> <span class='ocrx_word' id='word_1_435' title='bbox 1004 3170 1184 3227; x_wconf 85' lang='lat' dir='ltr'><strong><em>devotionem</em></strong></span> <span class='ocrx_word' id='word_1_436' title='bbox 1211 3169 1350 3240; x_wconf 86' lang='lat' dir='ltr'><strong><em>excitant,</em></strong></span> <span class='ocrx_word' id='word_1_437' title='bbox 1373 3178 1401 3229; x_wconf 90' lang='lat' dir='ltr'><strong><em>et</em></strong></span> <span class='ocrx_word' id='word_1_438' title='bbox 1431 3171 1681 3244; x_wconf 86' lang='lat' dir='ltr'><strong><em>compunctionem</em></strong></span> <span class='ocrx_word' id='word_1_439' title='bbox 1708 3186 1757 3244; x_wconf 79' lang='lat' dir='ltr'><strong><em>ge·</em></strong></span> 
     </span>
     <span class='ocr_line' id='line_1_35' title="bbox 79 3256 1758 3334; baseline 0.002 -18"><span class='ocrx_word' id='word_1_440' title='bbox 79 3256 185 3316; x_wconf 74' lang='lat' dir='ltr'><strong><em>uiliter</em></strong></span> <span class='ocrx_word' id='word_1_441' title='bbox 204 3257 340 3330; x_wconf 87' lang='lat' dir='ltr'><strong><em>instituit,</em></strong></span> <span class='ocrx_word' id='word_1_442' title='bbox 354 3269 387 3319; x_wconf 94' lang='grc' dir='ltr'><strong><em>ιι</em></strong></span> <span class='ocrx_word' id='word_1_443' title='bbox 410 3262 530 3334; x_wconf 80' lang='lat' dir='ltr'><strong><em>siccius</em></strong></span> <span class='ocrx_word' id='word_1_444' title='bbox 551 3264 624 3322; x_wconf 90' lang='lat' dir='ltr'><strong><em>iram</em></strong></span> <span class='ocrx_word' id='word_1_445' title='bbox 652 3273 801 3323; x_wconf 86' lang='lat' dir='ltr'><strong><em>vertamus</em></strong></span> <span class='ocrx_word' id='word_1_446' title='bbox 820 3265 851 3322; x_wconf 90' lang='lat' dir='ltr'><strong><em>in</em></strong></span> <span class='ocrx_word' id='word_1_447' title='bbox 906 3266 1022 3329; x_wconf 89' lang='lat' dir='ltr'><strong><em>nerant,</em></strong></span> <span class='ocrx_word' id='word_1_448' title='bbox 1037 3267 1069 3317; x_wconf 92' lang='lat' dir='ltr'><strong><em>ut</em></strong></span> <span class='ocrx_word' id='word_1_449' title='bbox 1083 3273 1117 3317; x_wconf 87' lang='lat' dir='ltr'><strong><em>eo</em></strong></span> <span class='ocrx_word' id='word_1_450' title='bbox 1131 3258 1245 3316; x_wconf 83' lang='lat' dir='ltr'><strong><em>lucilius</em></strong></span> <span class='ocrx_word' id='word_1_451' title='bbox 1263 3260 1423 3319; x_wconf 87' lang='lat' dir='ltr'><strong><em>audiantur</em></strong></span> <span class='ocrx_word' id='word_1_452' title='bbox 1436 3275 1453 3318; x_wconf 91' lang='lat' dir='ltr'><strong><em>a</em></strong></span> <span class='ocrx_word' id='word_1_453' title='bbox 1466 3261 1610 3331; x_wconf 83' lang='lat' dir='ltr'><strong><em>Domino,</em></strong></span> <span class='ocrx_word' id='word_1_454' title='bbox 1631 3276 1690 3333; x_wconf 87' lang='lat' dir='ltr'><strong><em>quo</em></strong></span> <span class='ocrx_word' id='word_1_455' title='bbox 1708 3262 1758 3320; x_wconf 87' lang='lat' dir='ltr'><strong><em>de·</em></strong></span> 
     </span>
     <span class='ocr_line' id='line_1_36' title="bbox 79 3346 1758 3424; baseline 0.002 -19"><span class='ocrx_word' id='word_1_456' title='bbox 79 3346 260 3406; x_wconf 73' lang='lat' dir='ltr'><strong><em>iccrdiami</em></strong></span> <span class='ocrx_word' id='word_1_457' title='bbox 286 3348 341 3407; x_wconf 86' lang='lat' dir='ltr'><strong><em>Sed</em></strong></span> <span class='ocrx_word' id='word_1_458' title='bbox 357 3352 496 3423; x_wconf 88' lang='lat' dir='ltr'><strong><em>quoniam</em></strong></span> <span class='ocrx_word' id='word_1_459' title='bbox 509 3355 647 3412; x_wconf 89' lang='lat' dir='ltr'><strong><em>orationis</em></strong></span> <span class='ocrx_word' id='word_1_460' title='bbox 669 3353 784 3413; x_wconf 85' lang='lat' dir='ltr'><strong><em>tructus</em></strong></span> <span class='ocrx_word' id='word_1_461' title='bbox 801 3357 854 3412; x_wconf 87' lang='lat' dir='ltr'><strong><em>ant</em></strong></span> <span class='ocrx_word' id='word_1_462' title='bbox 906 3348 1003 3406; x_wconf 86' lang='lat' dir='ltr'><strong><em>votius</em></strong></span> <span class='ocrx_word' id='word_1_463' title='bbox 1023 3347 1212 3420; x_wconf 83' lang='lat' dir='ltr'><strong><em>proteruntur</em></strong></span> <span class='ocrx_word' id='word_1_464' title='bbox 1233 3349 1357 3408; x_wconf 88' lang='lat' dir='ltr'><strong><em>anchis.</em></strong></span> <span class='ocrx_word' id='word_1_465' title='bbox 1385 3350 1460 3409; x_wconf 88' lang='lat' dir='ltr'><strong><em>Solet</em></strong></span> <span class='ocrx_word' id='word_1_466' title='bbox 1479 3351 1587 3424; x_wconf 88' lang='lat' dir='ltr'><strong><em>quippe</em></strong></span> <span class='ocrx_word' id='word_1_467' title='bbox 1597 3350 1758 3410; x_wconf 89' lang='lat' dir='ltr'><strong><em>dolentium</em></strong></span> 
     </span>
     <span class='ocr_line' id='line_1_37' title="bbox 79 3437 1759 3516; baseline 0.002 -21"><span class='ocrx_word' id='word_1_468' title='bbox 79 3443 182 3505; x_wconf 79' lang='lat' dir='ltr'><strong><em>uest,</em></strong></span> <span class='ocrx_word' id='word_1_469' title='bbox 208 3445 260 3494; x_wconf 88' lang='lat' dir='ltr'><strong><em>aut</em></strong></span> <span class='ocrx_word' id='word_1_470' title='bbox 279 3450 400 3509; x_wconf 84' lang='lat' dir='ltr'><strong><em>parvus,</em></strong></span> <span class='ocrx_word' id='word_1_471' title='bbox 416 3454 507 3512; x_wconf 88' lang='lat' dir='ltr'><strong><em>quam</em></strong></span> <span class='ocrx_word' id='word_1_472' title='bbox 522 3442 633 3501; x_wconf 84' lang='lat' dir='ltr'><strong><em>devotio</em></strong></span> <span class='ocrx_word' id='word_1_473' title='bbox 656 3442 854 3516; x_wconf 77' lang='lat' dir='ltr'><strong><em>intelligentie</em></strong></span> <span class='ocrx_word' id='word_1_474' title='bbox 907 3437 962 3496; x_wconf 86' lang='lat' dir='ltr'><strong><em>boc</em></strong></span> <span class='ocrx_word' id='word_1_475' title='bbox 975 3453 1036 3496; x_wconf 89' lang='lat' dir='ltr'><strong><em>esse</em></strong></span> <span class='ocrx_word' id='word_1_476' title='bbox 1050 3438 1183 3497; x_wconf 87' lang='lat' dir='ltr'><strong><em>naturaie</em></strong></span> <span class='ocrx_word' id='word_1_477' title='bbox 1204 3438 1248 3496; x_wconf 84' lang='lat' dir='ltr'><strong><em>vei</em></strong></span> <span class='ocrx_word' id='word_1_478' title='bbox 1268 3439 1537 3512; x_wconf 87' lang='lat' dir='ltr'><strong><em>qnasiproprium,</em></strong></span> <span class='ocrx_word' id='word_1_479' title='bbox 1564 3448 1598 3500; x_wconf 91' lang='grc' dir='ltr'><strong><em>ιι</em></strong></span> <span class='ocrx_word' id='word_1_480' title='bbox 1612 3455 1679 3498; x_wconf 92' lang='lat' dir='ltr'><strong><em>cum</em></strong></span> <span class='ocrx_word' id='word_1_481' title='bbox 1703 3440 1759 3499; x_wconf 86' lang='lat' dir='ltr'><strong><em>hcc</em></strong></span> 
     </span>
     <span class='ocr_line' id='line_1_38' title="bbox 89 3523 1758 3603; baseline 0.002 -19"><span class='ocrx_word' id='word_1_482' title='bbox 89 3523 275 3599; x_wconf 85' lang='lat' dir='ltr'><strong><em>comitatur,</em></strong></span> <span class='ocrx_word' id='word_1_483' title='bbox 302 3542 369 3586; x_wconf 90' lang='lat' dir='ltr'><strong><em>cum</em></strong></span> <span class='ocrx_word' id='word_1_484' title='bbox 384 3529 479 3587; x_wconf 89' lang='lat' dir='ltr'><strong><em>cordis</em></strong></span> <span class='ocrx_word' id='word_1_485' title='bbox 505 3533 602 3603; x_wconf 88' lang='lat' dir='ltr'><strong><em>potius</em></strong></span> <span class='ocrx_word' id='word_1_486' title='bbox 624 3545 713 3603; x_wconf 89' lang='lat' dir='ltr'><strong><em>quam</em></strong></span> <span class='ocrx_word' id='word_1_487' title='bbox 732 3532 789 3590; x_wconf 90' lang='lat' dir='ltr'><strong><em>oris</em></strong></span> <span class='ocrx_word' id='word_1_488' title='bbox 817 3531 855 3590; x_wconf 93' lang='lat' dir='ltr'><strong><em>sit</em></strong></span> <span class='ocrx_word' id='word_1_489' title='bbox 908 3527 986 3585; x_wconf 88' lang='lat' dir='ltr'><strong><em>unde</em></strong></span> <span class='ocrx_word' id='word_1_490' title='bbox 1000 3527 1097 3586; x_wconf 88' lang='lat' dir='ltr'><strong><em>dolent</em></strong></span> <span class='ocrx_word' id='word_1_491' title='bbox 1111 3528 1209 3586; x_wconf 85' lang='lat' dir='ltr'><strong><em>verbis</em></strong></span> <span class='ocrx_word' id='word_1_492' title='bbox 1221 3528 1399 3599; x_wconf 88' lang='lat' dir='ltr'><strong><em>exprimunt,</em></strong></span> <span class='ocrx_word' id='word_1_493' title='bbox 1424 3529 1487 3599; x_wconf 89' lang='lat' dir='ltr'><strong><em>ipsa</em></strong></span> <span class='ocrx_word' id='word_1_494' title='bbox 1501 3530 1531 3586; x_wconf 91' lang='lat' dir='ltr'><strong><em>in</em></strong></span> <span class='ocrx_word' id='word_1_495' title='bbox 1547 3530 1588 3587; x_wconf 89' lang='lat' dir='ltr'><strong><em>eis</em></strong></span> <span class='ocrx_word' id='word_1_496' title='bbox 1601 3530 1692 3588; x_wconf 84' lang='lat' dir='ltr'><strong><em>verba</em></strong></span> <span class='ocrx_word' id='word_1_497' title='bbox 1707 3530 1758 3587; x_wconf 89' lang='lat' dir='ltr'><strong><em>do·</em></strong></span> 
     </span>
     <span class='ocr_line' id='line_1_39' title="bbox 79 3615 1758 3694; baseline 0.001 -21"><span class='ocrx_word' id='word_1_498' title='bbox 79 3622 149 3674; x_wconf 82' lang='lat' dir='ltr'><strong><em>etcr</em></strong></span> <span class='ocrx_word' id='word_1_499' title='bbox 164 3616 253 3688; x_wconf 79' lang='lat' dir='ltr'><strong><em>Dens,</em></strong></span> <span class='ocrx_word' id='word_1_500' title='bbox 274 3616 359 3689; x_wconf 80' lang='lat' dir='ltr'><strong><em>juvat</em></strong></span> <span class='ocrx_word' id='word_1_501' title='bbox 376 3618 514 3678; x_wconf 90' lang='lat' dir='ltr'><strong><em>orationis</em></strong></span> <span class='ocrx_word' id='word_1_502' title='bbox 528 3620 618 3693; x_wconf 84' lang='lat' dir='ltr'><strong><em>hujus</em></strong></span> <span class='ocrx_word' id='word_1_503' title='bbox 631 3622 773 3694; x_wconf 72' lang='lat' dir='ltr'><strong><em>precipue</em></strong></span> <span class='ocrx_word' id='word_1_504' title='bbox 789 3635 854 3679; x_wconf 90' lang='lat' dir='ltr'><strong><em>sen·</em></strong></span> <span class='ocrx_word' id='word_1_505' title='bbox 908 3615 998 3674; x_wconf 90' lang='lat' dir='ltr'><strong><em>iorem</em></strong></span> <span class='ocrx_word' id='word_1_506' title='bbox 1027 3617 1195 3688; x_wconf 84' lang='lat' dir='ltr'><strong><em>accendant,</em></strong></span> <span class='ocrx_word' id='word_1_507' title='bbox 1224 3625 1253 3675; x_wconf 89' lang='grc' dir='ltr'><strong><em>ιι</em></strong></span> <span class='ocrx_word' id='word_1_508' title='bbox 1271 3617 1332 3676; x_wconf 91' lang='lat' dir='ltr'><strong><em>suis</em></strong></span> <span class='ocrx_word' id='word_1_509' title='bbox 1355 3615 1545 3690; x_wconf 85' lang='lat' dir='ltr'><strong><em>querimoniis</em></strong></span> <span class='ocrx_word' id='word_1_510' title='bbox 1569 3633 1651 3677; x_wconf 90' lang='lat' dir='ltr'><strong><em>mens</em></strong></span> <span class='ocrx_word' id='word_1_511' title='bbox 1676 3632 1758 3676; x_wconf 88' lang='lat' dir='ltr'><strong><em>com-</em></strong></span> 
     </span>
     <span class='ocr_line' id='line_1_40' title="bbox 83 3702 1759 3779; baseline 0.003 -19"><span class='ocrx_word' id='word_1_512' title='bbox 83 3702 219 3776; x_wconf 84' lang='lat' dir='ltr'><strong><em>aperire,</em></strong></span> <span class='ocrx_word' id='word_1_513' title='bbox 235 3710 268 3762; x_wconf 90' lang='grc' dir='ltr'><strong><em>ιι</em></strong></span> <span class='ocrx_word' id='word_1_514' title='bbox 294 3718 326 3763; x_wconf 90' lang='lat' dir='ltr'><strong><em>eo</em></strong></span> <span class='ocrx_word' id='word_1_515' title='bbox 341 3706 434 3779; x_wconf 90' lang='lat' dir='ltr'><strong><em>magis</em></strong></span> <span class='ocrx_word' id='word_1_516' title='bbox 460 3707 659 3767; x_wconf 74' lang='lat' dir='ltr'><strong><em>fructuosssit</em></strong></span> <span class='ocrx_word' id='word_1_517' title='bbox 680 3709 852 3778; x_wconf 90' lang='lat' dir='ltr'><strong><em>orantibus,</em></strong></span> <span class='ocrx_word' id='word_1_518' title='bbox 908 3713 1018 3777; x_wconf 88' lang='lat' dir='ltr'><strong><em>puncta</em></strong></span> <span class='ocrx_word' id='word_1_519' title='bbox 1046 3706 1126 3764; x_wconf 85' lang='lat' dir='ltr'><strong><em>tacite</em></strong></span> <span class='ocrx_word' id='word_1_520' title='bbox 1151 3707 1369 3779; x_wconf 82' lang='lat' dir='ltr'><strong><em>prorumpatis</em></strong></span> <span class='ocrx_word' id='word_1_521' title='bbox 1393 3705 1586 3779; x_wconf 86' lang='lat' dir='ltr'><strong><em>lacrymasox</em></strong></span> <span class='ocrx_word' id='word_1_522' title='bbox 1615 3708 1683 3779; x_wconf 90' lang='lat' dir='ltr'><strong><em>ipsis</em></strong></span> <span class='ocrx_word' id='word_1_523' title='bbox 1698 3707 1759 3766; x_wconf 89' lang='lat' dir='ltr'><strong><em>snis</em></strong></span> 
     </span>
     <span class='ocr_line' id='line_1_41' title="bbox 79 3792 1758 3870; baseline 0.002 -19"><span class='ocrx_word' id='word_1_524' title='bbox 79 3792 357 3854; x_wconf 72' lang='lat' dir='ltr'><strong><em>teretius&#39;intellecta</em></strong></span> <span class='ocrx_word' id='word_1_525' title='bbox 366 3796 491 3856; x_wconf 89' lang='lat' dir='ltr'><strong><em>dicatur.</em></strong></span> <span class='ocrx_word' id='word_1_526' title='bbox 502 3796 583 3865; x_wconf 86' lang='lat' dir='ltr'><strong><em>Quod</em></strong></span> <span class='ocrx_word' id='word_1_527' title='bbox 598 3798 717 3870; x_wconf 88' lang='lat' dir='ltr'><strong><em>quidem</em></strong></span> <span class='ocrx_word' id='word_1_528' title='bbox 736 3799 855 3869; x_wconf 83' lang='lat' dir='ltr'><strong><em>Aposto·</em></strong></span> <span class='ocrx_word' id='word_1_529' title='bbox 909 3807 984 3866; x_wconf 88' lang='lat' dir='ltr'><strong><em>qnas</em></strong></span> <span class='ocrx_word' id='word_1_530' title='bbox 997 3795 1084 3852; x_wconf 86' lang='lat' dir='ltr'><strong><em>relert</em></strong></span> <span class='ocrx_word' id='word_1_531' title='bbox 1112 3795 1244 3852; x_wconf 89' lang='lat' dir='ltr'><strong><em>miseriis.</em></strong></span> <span class='ocrx_word' id='word_1_532' title='bbox 1269 3795 1315 3853; x_wconf 91' lang='lat' dir='ltr'><strong><em>sie</em></strong></span> <span class='ocrx_word' id='word_1_533' title='bbox 1332 3802 1360 3853; x_wconf 86' lang='lat' dir='ltr'><strong><em>et</em></strong></span> <span class='ocrx_word' id='word_1_534' title='bbox 1375 3795 1544 3866; x_wconf 78' lang='lat' dir='ltr'><strong><em>poenitentes</em></strong></span> <span class='ocrx_word' id='word_1_535' title='bbox 1562 3810 1630 3854; x_wconf 89' lang='lat' dir='ltr'><strong><em>cum</em></strong></span> <span class='ocrx_word' id='word_1_536' title='bbox 1646 3797 1677 3855; x_wconf 93' lang='lat' dir='ltr'><strong><em>iu</em></strong></span> <span class='ocrx_word' id='word_1_537' title='bbox 1691 3811 1758 3854; x_wconf 88' lang='lat' dir='ltr'><strong><em>ors-</em></strong></span> 
     </span>
     <span class='ocr_line' id='line_1_42' title="bbox 79 3880 1760 3957; baseline 0.003 -19"><span class='ocrx_word' id='word_1_538' title='bbox 79 3880 227 3954; x_wconf 84' lang='lat' dir='ltr'><strong><em>illigenter</em></strong></span> <span class='ocrx_word' id='word_1_539' title='bbox 251 3884 420 3956; x_wconf 87' lang='lat' dir='ltr'><strong><em>attendens,</em></strong></span> <span class='ocrx_word' id='word_1_540' title='bbox 449 3886 605 3944; x_wconf 81' lang='lat' dir='ltr'><strong><em>Corinthiis</em></strong></span> <span class='ocrx_word' id='word_1_541' title='bbox 628 3887 697 3945; x_wconf 85' lang='lat' dir='ltr'><strong><em>ait:</em></strong></span> <span class='ocrx_word' id='word_1_542' title='bbox 732 3889 802 3945; x_wconf 82' lang='lat' dir='ltr'><strong><em>Nom</em></strong></span> <span class='ocrx_word' id='word_1_543' title='bbox 828 3891 855 3944; x_wconf 87' lang='lat' dir='ltr'><strong><em>si</em></strong></span> <span class='ocrx_word' id='word_1_544' title='bbox 908 3884 1037 3942; x_wconf 90' lang='lat' dir='ltr'><strong><em>tionibus</em></strong></span> <span class='ocrx_word' id='word_1_545' title='bbox 1062 3884 1122 3942; x_wconf 90' lang='lat' dir='ltr'><strong><em>suis</em></strong></span> <span class='ocrx_word' id='word_1_546' title='bbox 1146 3898 1180 3942; x_wconf 92' lang='lat' dir='ltr'><strong><em>ea</em></strong></span> <span class='ocrx_word' id='word_1_547' title='bbox 1206 3898 1271 3956; x_wconf 85' lang='lat' dir='ltr'><strong><em>quoe</em></strong></span> <span class='ocrx_word' id='word_1_548' title='bbox 1300 3885 1506 3942; x_wconf 89' lang='lat' dir='ltr'><strong><em>commiserunt</em></strong></span> <span class='ocrx_word' id='word_1_549' title='bbox 1528 3884 1669 3955; x_wconf 83' lang='lat' dir='ltr'><strong><em>referunt,</em></strong></span> <span class='ocrx_word' id='word_1_550' title='bbox 1696 3887 1760 3957; x_wconf 86' lang='lat' dir='ltr'><strong><em>ipss</em></strong></span> 
     </span>
     <span class='ocr_line' id='line_1_43' title="bbox 100 3968 1759 4046; baseline 0 -15"><span class='ocrx_word' id='word_1_551' title='bbox 100 3968 214 4041; x_wconf 76' lang='grc' dir='ltr'>ὶίιιιιιι,</span> <span class='ocrx_word' id='word_1_552' title='bbox 230 3974 346 4044; x_wconf 74' lang='lat' dir='ltr'><strong><em>spirtius</em></strong></span> <span class='ocrx_word' id='word_1_553' title='bbox 361 3989 436 4031; x_wconf 82' lang='lat' dir='ltr'><strong><em>meus</em></strong></span> <span class='ocrx_word' id='word_1_554' title='bbox 447 3981 517 4043; x_wconf 82' lang='lat' dir='ltr'><strong><em>orat,</em></strong></span> <span class='ocrx_word' id='word_1_555' title='bbox 544 3992 620 4033; x_wconf 84' lang='lat' dir='ltr'><strong><em>meus</em></strong></span> <span class='ocrx_word' id='word_1_556' title='bbox 643 3980 745 4046; x_wconf 88' lang='lat' dir='ltr'><strong><em>cutem,</em></strong></span> <span class='ocrx_word' id='word_1_557' title='bbox 760 3975 856 4033; x_wconf 85' lang='lat' dir='ltr'><strong><em>ocima</em></strong></span> <span class='ocrx_word' id='word_1_558' title='bbox 909 3987 1012 4031; x_wconf 90' lang='lat' dir='ltr'><strong><em>eornm</em></strong></span> <span class='ocrx_word' id='word_1_559' title='bbox 1037 3974 1127 4031; x_wconf 80' lang='lat' dir='ltr'><strong><em>verba</em></strong></span> <span class='ocrx_word' id='word_1_560' title='bbox 1163 3973 1247 4045; x_wconf 87' lang='lat' dir='ltr'><strong><em>quasi</em></strong></span> <span class='ocrx_word' id='word_1_561' title='bbox 1279 3973 1413 4045; x_wconf 87' lang='lat' dir='ltr'><strong><em>quaedam</em></strong></span> <span class='ocrx_word' id='word_1_562' title='bbox 1442 3974 1615 4045; x_wconf 86' lang='lat' dir='ltr'><strong><em>punctiones</em></strong></span> <span class='ocrx_word' id='word_1_563' title='bbox 1647 3982 1759 4032; x_wconf 88' lang='lat' dir='ltr'><strong><em>mentes</em></strong></span> 
     </span>
     <span class='ocr_line' id='line_1_44' title="bbox 80 4061 1760 4138; baseline 0.003 -21"><span class='ocrx_word' id='word_1_564' title='bbox 80 4061 618 4135; x_wconf 63' lang='lat' dir='ltr'><strong><em>ductnctucst.Qulderpoiorcbo</em></strong></span> <span class='ocrx_word' id='word_1_565' title='bbox 641 4068 855 4138; x_wconf 70' lang='lat' dir='ltr'><strong><em>spiritumet</em></strong></span> <span class='ocrx_word' id='word_1_566' title='bbox 910 4062 1087 4136; x_wconf 80' lang='lat' dir='ltr'><strong><em>gementium</em></strong></span> <span class='ocrx_word' id='word_1_567' title='bbox 1119 4061 1294 4132; x_wconf 82' lang='lat' dir='ltr'><strong><em>vulnerant,</em></strong></span> <span class='ocrx_word' id='word_1_568' title='bbox 1320 4068 1352 4118; x_wconf 92' lang='lat' dir='ltr'><strong><em>ut</em></strong></span> <span class='ocrx_word' id='word_1_569' title='bbox 1379 4061 1522 4134; x_wconf 83' lang='lat' dir='ltr'><strong><em>lacrymas</em></strong></span> <span class='ocrx_word' id='word_1_570' title='bbox 1556 4062 1622 4120; x_wconf 84' lang='lat' dir='ltr'><strong><em>inde</em></strong></span> <span class='ocrx_word' id='word_1_571' title='bbox 1653 4063 1760 4135; x_wconf 88' lang='lat' dir='ltr'><strong><em>produ·</em></strong></span> 
     </span>
     <span class='ocr_line' id='line_1_45' title="bbox 79 4151 1761 4230; baseline 0.003 -24"><span class='ocrx_word' id='word_1_572' title='bbox 79 4155 144 4207; x_wconf 75' lang='lat' dir='ltr'><strong><em>estc.</em></strong></span> <span class='ocrx_word' id='word_1_573' title='bbox 173 4151 293 4209; x_wconf 80' lang='lat' dir='ltr'><strong><em>Psallam</em></strong></span> <span class='ocrx_word' id='word_1_574' title='bbox 312 4156 424 4224; x_wconf 81' lang='lat' dir='ltr'><strong><em>spiritu,</em></strong></span> <span class='ocrx_word' id='word_1_575' title='bbox 449 4155 571 4226; x_wconf 83' lang='lat' dir='ltr'><strong><em>psallam</em></strong></span> <span class='ocrx_word' id='word_1_576' title='bbox 592 4162 618 4212; x_wconf 90' lang='lat' dir='ltr'><strong><em>ct</em></strong></span> <span class='ocrx_word' id='word_1_577' title='bbox 635 4162 725 4213; x_wconf 84' lang='lat' dir='ltr'><strong><em>mcutc</em></strong></span> <span class='ocrx_word' id='word_1_578' title='bbox 746 4158 769 4230; x_wconf 93' lang='lat'><strong><em>(1</em></strong></span> <span class='ocrx_word' id='word_1_579' title='bbox 792 4158 853 4215; x_wconf 79' lang='lat' dir='ltr'><strong><em>Cer.</em></strong></span> <span class='ocrx_word' id='word_1_580' title='bbox 910 4159 987 4223; x_wconf 88' lang='lat' dir='ltr'><strong><em>cant,</em></strong></span> <span class='ocrx_word' id='word_1_581' title='bbox 1015 4159 1049 4210; x_wconf 91' lang='lat' dir='ltr'><strong><em>nt</em></strong></span> <span class='ocrx_word' id='word_1_582' title='bbox 1077 4151 1269 4211; x_wconf 87' lang='lat' dir='ltr'><strong><em>medullatum</em></strong></span> <span class='ocrx_word' id='word_1_583' title='bbox 1290 4151 1336 4208; x_wconf 84' lang='lat' dir='ltr'><strong><em>vel</em></strong></span> <span class='ocrx_word' id='word_1_584' title='bbox 1362 4151 1471 4225; x_wconf 79' lang='lat' dir='ltr'><strong><em>pingue</em></strong></span> <span class='ocrx_word' id='word_1_585' title='bbox 1490 4152 1664 4211; x_wconf 82' lang='lat' dir='ltr'><strong><em>sacrificium</em></strong></span> <span class='ocrx_word' id='word_1_586' title='bbox 1693 4151 1761 4211; x_wconf 86' lang='lat' dir='ltr'><strong><em>oile-</em></strong></span> 
     </span>
     <span class='ocr_line' id='line_1_46' title="bbox 79 4217 987 4318; baseline 0.001 -22"><span class='ocrx_word' id='word_1_587' title='bbox 79 4240 224 4314; x_wconf 57' lang='lat' dir='ltr'><strong><em>singna</em></strong></span> <span class='ocrx_word' id='word_1_588' title='bbox 253 4248 367 4301; x_wconf 88' lang='lat' dir='ltr'><strong><em>tautum</em></strong></span> <span class='ocrx_word' id='word_1_589' title='bbox 392 4243 453 4302; x_wconf 87' lang='lat' dir='ltr'><strong><em>sins</em></strong></span> <span class='ocrx_word' id='word_1_590' title='bbox 481 4245 586 4318; x_wconf 87' lang='lat' dir='ltr'><strong><em>spiritu</em></strong></span> <span class='ocrx_word' id='word_1_591' title='bbox 614 4254 678 4305; x_wconf 81' lang='lat' dir='ltr'><strong><em>oret</em></strong></span> <span class='ocrx_word' id='word_1_592' title='bbox 705 4246 749 4304; x_wconf 86' lang='lat' dir='ltr'><strong><em>vel</em></strong></span> <span class='ocrx_word' id='word_1_593' title='bbox 779 4217 894 4318; x_wconf 68' lang='lat' dir='ltr'><strong><em>psal·B</em></strong></span> <span class='ocrx_word' id='word_1_594' title='bbox 911 4247 987 4300; x_wconf 89' lang='lat' dir='ltr'><strong><em>rant.</em></strong></span> 
     </span>
     <span class='ocr_line' id='line_1_47' title="bbox 79 4328 1761 4405; baseline 0.005 -23"><span class='ocrx_word' id='word_1_595' title='bbox 79 4328 124 4403; x_wconf 79' lang='lat' dir='ltr'><strong><em>qut</em></strong></span> <span class='ocrx_word' id='word_1_596' title='bbox 138 4329 214 4389; x_wconf 79' lang='lat' dir='ltr'><strong><em>natu</em></strong></span> <span class='ocrx_word' id='word_1_597' title='bbox 235 4345 296 4390; x_wconf 71' lang='grc' dir='ltr'>ιιι)</span> <span class='ocrx_word' id='word_1_598' title='bbox 315 4331 485 4405; x_wconf 77' lang='lat' dir='ltr'><strong><em>prolationis</em></strong></span> <span class='ocrx_word' id='word_1_599' title='bbox 501 4335 591 4392; x_wconf 71' lang='lat' dir='ltr'><strong><em>verba</em></strong></span> <span class='ocrx_word' id='word_1_600' title='bbox 612 4342 726 4394; x_wconf 79' lang='lat' dir='ltr'><strong><em>tantum</em></strong></span> <span class='ocrx_word' id='word_1_601' title='bbox 750 4335 855 4394; x_wconf 77' lang='lat' dir='ltr'><strong><em>format</em></strong></span> <span class='ocrx_word' id='word_1_602' title='bbox 944 4330 1060 4389; x_wconf 82' lang='lat' dir='ltr'><strong><em>Constat</em></strong></span> <span class='ocrx_word' id='word_1_603' title='bbox 1081 4339 1178 4389; x_wconf 90' lang='lat' dir='ltr'><strong><em>antem</em></strong></span> <span class='ocrx_word' id='word_1_604' title='bbox 1205 4332 1363 4390; x_wconf 87' lang='lat' dir='ltr'><strong><em>orationem</em></strong></span> <span class='ocrx_word' id='word_1_605' title='bbox 1381 4331 1560 4390; x_wconf 87' lang='lat' dir='ltr'><strong><em>Dominicam</em></strong></span> <span class='ocrx_word' id='word_1_606' title='bbox 1577 4340 1634 4390; x_wconf 84' lang='grc' dir='ltr'>ιιιι</span> <span class='ocrx_word' id='word_1_607' title='bbox 1655 4346 1673 4390; x_wconf 91' lang='lat' dir='ltr'><strong><em>a</em></strong></span> <span class='ocrx_word' id='word_1_608' title='bbox 1693 4333 1761 4391; x_wconf 79' lang='lat' dir='ltr'><strong><em>llat-</em></strong></span> 
     </span>
     <span class='ocr_line' id='line_1_48' title="bbox 87 4419 1761 4499; baseline 0.002 -22"><span class='ocrx_word' id='word_1_609' title='bbox 87 4432 150 4477; x_wconf 82' lang='lat' dir='ltr'><strong><em>non</em></strong></span> <span class='ocrx_word' id='word_1_610' title='bbox 165 4419 316 4494; x_wconf 86' lang='lat' dir='ltr'><strong><em>intelligit.</em></strong></span> <span class='ocrx_word' id='word_1_611' title='bbox 330 4422 424 4483; x_wconf 81' lang='lat' dir='ltr'><strong><em>liente</em></strong></span> <span class='ocrx_word' id='word_1_612' title='bbox 435 4423 555 4497; x_wconf 91' lang='lat' dir='ltr'><strong><em>insuper</em></strong></span> <span class='ocrx_word' id='word_1_613' title='bbox 567 4425 622 4484; x_wconf 91' lang='lat' dir='ltr'><strong><em>hoc</em></strong></span> <span class='ocrx_word' id='word_1_614' title='bbox 635 4425 696 4499; x_wconf 85' lang='lat' dir='ltr'><strong><em>agit</em></strong></span> <span class='ocrx_word' id='word_1_615' title='bbox 720 4467 728 4495; x_wconf 93' lang='lat'><strong><em>,</em></strong></span> <span class='ocrx_word' id='word_1_616' title='bbox 744 4425 796 4498; x_wconf 90' lang='lat' dir='ltr'><strong><em>qni</em></strong></span> <span class='ocrx_word' id='word_1_617' title='bbox 809 4425 854 4483; x_wconf 90' lang='lat' dir='ltr'><strong><em>in·</em></strong></span> <span class='ocrx_word' id='word_1_618' title='bbox 909 4422 984 4478; x_wconf 82' lang='lat' dir='ltr'><strong><em>tbaeo</em></strong></span> <span class='ocrx_word' id='word_1_619' title='bbox 996 4434 1085 4492; x_wconf 89' lang='lat' dir='ltr'><strong><em>qnam</em></strong></span> <span class='ocrx_word' id='word_1_620' title='bbox 1100 4433 1118 4477; x_wconf 91' lang='lat' dir='ltr'><strong><em>a</em></strong></span> <span class='ocrx_word' id='word_1_621' title='bbox 1132 4422 1209 4478; x_wconf 88' lang='lat' dir='ltr'><strong><em>Luca</em></strong></span> <span class='ocrx_word' id='word_1_622' title='bbox 1223 4421 1415 4493; x_wconf 84' lang='lat' dir='ltr'><strong><em>conscriptam</em></strong></span> <span class='ocrx_word' id='word_1_623' title='bbox 1426 4435 1497 4492; x_wconf 82' lang='lat' dir='ltr'><strong><em>esse,</em></strong></span> <span class='ocrx_word' id='word_1_624' title='bbox 1522 4421 1572 4480; x_wconf 86' lang='lat' dir='ltr'><strong><em>scd</em></strong></span> <span class='ocrx_word' id='word_1_625' title='bbox 1586 4421 1623 4479; x_wconf 89' lang='lat' dir='ltr'><strong><em>ab</em></strong></span> <span class='ocrx_word' id='word_1_626' title='bbox 1639 4422 1689 4479; x_wconf 89' lang='lat' dir='ltr'><strong><em>lilo</em></strong></span> <span class='ocrx_word' id='word_1_627' title='bbox 1702 4423 1761 4493; x_wconf 90' lang='lat' dir='ltr'><strong><em>ple·</em></strong></span> 
     </span>
     <span class='ocr_line' id='line_1_49' title="bbox 79 4510 1761 4585; baseline 0.001 -17"><span class='ocrx_word' id='word_1_628' title='bbox 79 4514 153 4567; x_wconf 70' lang='lat' dir='ltr'><strong><em>lum</em></strong></span> <span class='ocrx_word' id='word_1_629' title='bbox 178 4510 305 4582; x_wconf 86' lang='lat' dir='ltr'><strong><em>applicat</em></strong></span> <span class='ocrx_word' id='word_1_630' title='bbox 328 4511 375 4570; x_wconf 88' lang='lat' dir='ltr'><strong><em>his</em></strong></span> <span class='ocrx_word' id='word_1_631' title='bbox 398 4514 654 4585; x_wconf 61' lang='lat' dir='ltr'><strong><em>pasciscendo</em></strong></span> <span class='ocrx_word' id='word_1_632' title='bbox 676 4521 705 4573; x_wconf 88' lang='lat' dir='ltr'><strong><em>et</em></strong></span> <span class='ocrx_word' id='word_1_633' title='bbox 729 4515 856 4574; x_wconf 88' lang='lat' dir='ltr'><strong><em>illudest</em></strong></span> <span class='ocrx_word' id='word_1_634' title='bbox 910 4510 987 4578; x_wconf 89' lang='lat' dir='ltr'><strong><em>nius,</em></strong></span> <span class='ocrx_word' id='word_1_635' title='bbox 1010 4510 1134 4582; x_wconf 87' lang='lat' dir='ltr'><strong><em>quinon</em></strong></span> <span class='ocrx_word' id='word_1_636' title='bbox 1147 4511 1241 4569; x_wconf 89' lang='lat' dir='ltr'><strong><em>solnm</em></strong></span> <span class='ocrx_word' id='word_1_637' title='bbox 1255 4511 1443 4585; x_wconf 86' lang='lat' dir='ltr'><strong><em>evangelista,</em></strong></span> <span class='ocrx_word' id='word_1_638' title='bbox 1455 4518 1598 4569; x_wconf 80' lang='lat' dir='ltr'><strong><em>serumst</em></strong></span> <span class='ocrx_word' id='word_1_639' title='bbox 1612 4511 1761 4584; x_wconf 85' lang='lat' dir='ltr'><strong><em>apostolus</em></strong></span> 
     </span>
     <span class='ocr_line' id='line_1_50' title="bbox 79 4599 1762 4679; baseline 0.005 -29"><span class='ocrx_word' id='word_1_640' title='bbox 79 4599 242 4658; x_wconf 69' lang='lat' dir='ltr'><strong><em>‚modice</em></strong></span> <span class='ocrx_word' id='word_1_641' title='bbox 256 4599 333 4673; x_wconf 72' lang='lat' dir='ltr'><strong><em>(t4t2</em></strong></span> <span class='ocrx_word' id='word_1_642' title='bbox 351 4623 367 4653; x_wconf 75' lang='lat' dir='ltr'><strong><em>c</em></strong></span> <span class='ocrx_word' id='word_1_643' title='bbox 387 4603 432 4661; x_wconf 81' lang='lat' dir='ltr'><strong><em>sic</em></strong></span> <span class='ocrx_word' id='word_1_644' title='bbox 447 4611 555 4662; x_wconf 78' lang='lat' dir='ltr'><strong><em>stemus</em></strong></span> <span class='ocrx_word' id='word_1_645' title='bbox 564 4604 602 4662; x_wconf 88' lang='lat' dir='ltr'><strong><em>ad</em></strong></span> <span class='ocrx_word' id='word_1_646' title='bbox 616 4604 808 4679; x_wconf 87' lang='lat' dir='ltr'><strong><em>psallendum,</em></strong></span> <span class='ocrx_word' id='word_1_647' title='bbox 823 4611 856 4663; x_wconf 90' lang='grc' dir='ltr'><strong><em>ιι</em></strong></span> <span class='ocrx_word' id='word_1_648' title='bbox 910 4600 1001 4671; x_wconf 88' lang='lat' dir='ltr'><strong><em>ipsam</em></strong></span> <span class='ocrx_word' id='word_1_649' title='bbox 1011 4614 1047 4657; x_wconf 81' lang='lat' dir='ltr'><strong><em>ex</em></strong></span> <span class='ocrx_word' id='word_1_650' title='bbox 1056 4614 1105 4657; x_wconf 87' lang='lat' dir='ltr'><strong><em>ore</em></strong></span> <span class='ocrx_word' id='word_1_651' title='bbox 1120 4601 1234 4658; x_wconf 83' lang='lat' dir='ltr'><strong><em>Domini</em></strong></span> <span class='ocrx_word' id='word_1_652' title='bbox 1253 4600 1387 4669; x_wconf 86' lang='lat' dir='ltr'><strong><em>audierit,</em></strong></span> <span class='ocrx_word' id='word_1_653' title='bbox 1403 4601 1521 4673; x_wconf 89' lang='lat' dir='ltr'><strong><em>quando</em></strong></span> <span class='ocrx_word' id='word_1_654' title='bbox 1535 4614 1599 4659; x_wconf 89' lang='lat' dir='ltr'><strong><em>cam</em></strong></span> <span class='ocrx_word' id='word_1_655' title='bbox 1620 4600 1762 4658; x_wconf 85' lang='lat' dir='ltr'><strong><em>Dominus</em></strong></span> 
     </span>
     <span class='ocr_line' id='line_1_51' title="bbox 79 4686 1760 4762; baseline 0 -16"><span class='ocrx_word' id='word_1_656' title='bbox 79 4695 203 4747; x_wconf 73' lang='lat' dir='ltr'><strong><em>suestra</em></strong></span> <span class='ocrx_word' id='word_1_657' title='bbox 216 4690 370 4750; x_wconf 88' lang='lat' dir='ltr'><strong><em>concordet</em></strong></span> <span class='ocrx_word' id='word_1_658' title='bbox 384 4693 448 4751; x_wconf 84' lang='lat' dir='ltr'><strong><em>voci</em></strong></span> <span class='ocrx_word' id='word_1_659' title='bbox 460 4701 607 4752; x_wconf 82' lang='lat' dir='ltr'><strong><em>nostrae.»</em></strong></span> <span class='ocrx_word' id='word_1_660' title='bbox 911 4689 941 4746; x_wconf 89' lang='lat' dir='ltr'><strong><em>in</em></strong></span> <span class='ocrx_word' id='word_1_661' title='bbox 968 4695 1065 4747; x_wconf 89' lang='lat' dir='ltr'><strong><em>monte</em></strong></span> <span class='ocrx_word' id='word_1_662' title='bbox 1088 4689 1141 4762; x_wconf 89' lang='lat' dir='ltr'><strong><em>ipsi</em></strong></span> <span class='ocrx_word' id='word_1_663' title='bbox 1170 4691 1337 4762; x_wconf 73' lang='lat' dir='ltr'><strong><em>ceterisque</em></strong></span> <span class='ocrx_word' id='word_1_664' title='bbox 1360 4686 1449 4748; x_wconf 91' lang='lat' dir='ltr'><strong><em>simul</em></strong></span> <span class='ocrx_word' id='word_1_665' title='bbox 1468 4689 1602 4762; x_wconf 89' lang='lat' dir='ltr'><strong><em>apostolis</em></strong></span> <span class='ocrx_word' id='word_1_666' title='bbox 1631 4689 1760 4748; x_wconf 88' lang='lat' dir='ltr'><strong><em>tradidit.</em></strong></span> 
     </span>
     <span class='ocr_line' id='line_1_52' title="bbox 108 4778 1763 4857; baseline -0.001 -21"><span class='ocrx_word' id='word_1_667' title='bbox 108 4782 226 4837; x_wconf 74' lang='lat' dir='ltr'><strong><em>mutum</em></strong></span> <span class='ocrx_word' id='word_1_668' title='bbox 247 4787 345 4839; x_wconf 91' lang='lat' dir='ltr'><strong><em>antem</em></strong></span> <span class='ocrx_word' id='word_1_669' title='bbox 368 4782 526 4842; x_wconf 79' lang='lat' dir='ltr'><strong><em>verborum</em></strong></span> <span class='ocrx_word' id='word_1_670' title='bbox 547 4783 765 4857; x_wconf 81' lang='lat' dir='ltr'><strong><em>intelligentiam</em></strong></span> <span class='ocrx_word' id='word_1_671' title='bbox 784 4784 859 4857; x_wconf 83' lang='lat' dir='ltr'><strong><em>Apo·</em></strong></span> <span class='ocrx_word' id='word_1_672' title='bbox 912 4778 994 4837; x_wconf 87' lang='lat' dir='ltr'><strong><em>Unde</em></strong></span> <span class='ocrx_word' id='word_1_673' title='bbox 1007 4792 1088 4836; x_wconf 91' lang='lat' dir='ltr'><strong><em>nnnc</em></strong></span> <span class='ocrx_word' id='word_1_674' title='bbox 1103 4792 1167 4837; x_wconf 85' lang='lat' dir='ltr'><strong><em>cam</em></strong></span> <span class='ocrx_word' id='word_1_675' title='bbox 1182 4778 1326 4851; x_wconf 79' lang='lat' dir='ltr'><strong><em>praecipue</em></strong></span> <span class='ocrx_word' id='word_1_676' title='bbox 1337 4786 1437 4836; x_wconf 91' lang='lat' dir='ltr'><strong><em>nostra</em></strong></span> <span class='ocrx_word' id='word_1_677' title='bbox 1450 4778 1637 4852; x_wconf 89' lang='lat' dir='ltr'><strong><em>prosequitur</em></strong></span> <span class='ocrx_word' id='word_1_678' title='bbox 1649 4778 1763 4849; x_wconf 87' lang='lat' dir='ltr'><strong><em>exposi-</em></strong></span> 
     </span>
     <span class='ocr_line' id='line_1_53' title="bbox 79 4865 1764 4944; baseline 0.001 -20"><span class='ocrx_word' id='word_1_679' title='bbox 79 4867 304 4939; x_wconf 85' lang='lat' dir='ltr'><strong><em>secmmendat,</em></strong></span> <span class='ocrx_word' id='word_1_680' title='bbox 323 4875 356 4928; x_wconf 91' lang='lat' dir='ltr'><strong><em>nt</em></strong></span> <span class='ocrx_word' id='word_1_681' title='bbox 369 4870 444 4927; x_wconf 85' lang='lat' dir='ltr'><strong><em>nihil</em></strong></span> <span class='ocrx_word' id='word_1_682' title='bbox 473 4870 505 4928; x_wconf 89' lang='lat' dir='ltr'><strong><em>in</em></strong></span> <span class='ocrx_word' id='word_1_683' title='bbox 524 4870 652 4929; x_wconf 81' lang='lat' dir='ltr'><strong><em>Ecclesia</em></strong></span> <span class='ocrx_word' id='word_1_684' title='bbox 666 4872 723 4930; x_wconf 90' lang='lat' dir='ltr'><strong><em>dici</em></strong></span> <span class='ocrx_word' id='word_1_685' title='bbox 740 4872 857 4944; x_wconf 85' lang='lat' dir='ltr'><strong><em>permit·</em></strong></span> <span class='ocrx_word' id='word_1_686' title='bbox 913 4870 962 4940; x_wconf 89' lang='lat' dir='ltr'><strong><em>tio,</em></strong></span> <span class='ocrx_word' id='word_1_687' title='bbox 978 4883 1045 4942; x_wconf 80' lang='lat' dir='ltr'><strong><em>quie</em></strong></span> <span class='ocrx_word' id='word_1_688' title='bbox 1058 4869 1219 4941; x_wconf 87' lang='lat' dir='ltr'><strong><em>plurimum</em></strong></span> <span class='ocrx_word' id='word_1_689' title='bbox 1241 4868 1429 4934; x_wconf 83' lang='lat' dir='ltr'><strong><em>auctoritatis,</em></strong></span> <span class='ocrx_word' id='word_1_690' title='bbox 1450 4868 1524 4926; x_wconf 88' lang='lat' dir='ltr'><strong><em>sicut</em></strong></span> <span class='ocrx_word' id='word_1_691' title='bbox 1537 4876 1566 4927; x_wconf 88' lang='lat' dir='ltr'><strong><em>et</em></strong></span> <span class='ocrx_word' id='word_1_692' title='bbox 1581 4865 1764 4940; x_wconf 77' lang='lat' dir='ltr'><strong><em>perfectiouis</em></strong></span> 
     </span>
     <span class='ocr_line' id='line_1_54' title="bbox 79 4955 1764 5034; baseline 0.001 -19"><span class='ocrx_word' id='word_1_693' title='bbox 79 4955 153 5029; x_wconf 75' lang='lat' dir='ltr'><strong><em>quod</em></strong></span> <span class='ocrx_word' id='word_1_694' title='bbox 170 4970 231 5015; x_wconf 89' lang='lat' dir='ltr'><strong><em>nou</em></strong></span> <span class='ocrx_word' id='word_1_695' title='bbox 254 4958 407 5018; x_wconf 90' lang='lat' dir='ltr'><strong><em>comitetur</em></strong></span> <span class='ocrx_word' id='word_1_696' title='bbox 421 4958 619 5034; x_wconf 87' lang='lat' dir='ltr'><strong><em>intelligentia.</em></strong></span> <span class='ocrx_word' id='word_1_697' title='bbox 645 4960 783 5034; x_wconf 79' lang='lat' dir='ltr'><strong><em>Alioquin</em></strong></span> <span class='ocrx_word' id='word_1_698' title='bbox 812 4976 860 5020; x_wconf 88' lang='lat' dir='ltr'><strong><em>eos</em></strong></span> <span class='ocrx_word' id='word_1_699' title='bbox 913 4959 1010 5028; x_wconf 88' lang='lat' dir='ltr'><strong><em>habet,</em></strong></span> <span class='ocrx_word' id='word_1_700' title='bbox 1024 4960 1054 5016; x_wconf 90' lang='lat' dir='ltr'><strong><em>in</em></strong></span> <span class='ocrx_word' id='word_1_701' title='bbox 1066 4966 1175 5031; x_wconf 88' lang='lat' dir='ltr'><strong><em>septem</em></strong></span> <span class='ocrx_word' id='word_1_702' title='bbox 1184 4958 1315 5017; x_wconf 85' lang='lat' dir='ltr'><strong><em>videlicet</em></strong></span> <span class='ocrx_word' id='word_1_703' title='bbox 1332 4956 1519 5029; x_wconf 82' lang='lat' dir='ltr'><strong><em>petitionibus</em></strong></span> <span class='ocrx_word' id='word_1_704' title='bbox 1532 4958 1679 5029; x_wconf 89' lang='lat' dir='ltr'><strong><em>distincta,</em></strong></span> <span class='ocrx_word' id='word_1_705' title='bbox 1695 4972 1764 5016; x_wconf 87' lang='lat' dir='ltr'><strong><em>cum</em></strong></span> 
     </span>
     <span class='ocr_line' id='line_1_55' title="bbox 79 5044 1762 5125; baseline -0.001 -20"><span class='ocrx_word' id='word_1_706' title='bbox 79 5044 197 5105; x_wconf 81' lang='lat' dir='ltr'><strong><em>insanis</em></strong></span> <span class='ocrx_word' id='word_1_707' title='bbox 216 5045 364 5107; x_wconf 85' lang='lat' dir='ltr'><strong><em>habendes</em></strong></span> <span class='ocrx_word' id='word_1_708' title='bbox 380 5050 511 5122; x_wconf 85' lang='lat' dir='ltr'><strong><em>judicat,</em></strong></span> <span class='ocrx_word' id='word_1_709' title='bbox 542 5051 593 5124; x_wconf 85' lang='lat' dir='ltr'><strong><em>qui</em></strong></span> <span class='ocrx_word' id='word_1_710' title='bbox 610 5051 689 5125; x_wconf 86' lang='lat' dir='ltr'><strong><em>quod</em></strong></span> <span class='ocrx_word' id='word_1_711' title='bbox 704 5052 861 5124; x_wconf 77' lang='lat' dir='ltr'><strong><em>predicant</em></strong></span> <span class='ocrx_word' id='word_1_712' title='bbox 911 5049 962 5107; x_wconf 88' lang='lat' dir='ltr'><strong><em>illa</em></strong></span> <span class='ocrx_word' id='word_1_713' title='bbox 976 5049 1069 5108; x_wconf 87' lang='lat' dir='ltr'><strong><em>Lucas</em></strong></span> <span class='ocrx_word' id='word_1_714' title='bbox 1088 5049 1220 5120; x_wconf 89' lang='lat' dir='ltr'><strong><em>quinque</em></strong></span> <span class='ocrx_word' id='word_1_715' title='bbox 1234 5046 1271 5104; x_wconf 89' lang='lat' dir='ltr'><strong><em>sit</em></strong></span> <span class='ocrx_word' id='word_1_716' title='bbox 1286 5053 1429 5116; x_wconf 88' lang='lat' dir='ltr'><strong><em>contenta,</em></strong></span> <span class='ocrx_word' id='word_1_717' title='bbox 1446 5060 1512 5119; x_wconf 81' lang='lat' dir='ltr'><strong><em>ques</em></strong></span> <span class='ocrx_word' id='word_1_718' title='bbox 1532 5061 1590 5105; x_wconf 92' lang='lat' dir='ltr'><strong><em>non</em></strong></span> <span class='ocrx_word' id='word_1_719' title='bbox 1615 5047 1762 5120; x_wconf 86' lang='lat' dir='ltr'><strong><em>apostolis,</em></strong></span> 
     </span>
     <span class='ocr_line' id='line_1_56' title="bbox 79 5134 1766 5214; baseline 0.002 -22"><span class='ocrx_word' id='word_1_720' title='bbox 79 5134 192 5205; x_wconf 69' lang='lat' dir='ltr'><strong><em>Mare,</em></strong></span> <span class='ocrx_word' id='word_1_721' title='bbox 207 5134 264 5194; x_wconf 89' lang='lat' dir='ltr'><strong><em>hoc</em></strong></span> <span class='ocrx_word' id='word_1_722' title='bbox 277 5145 320 5197; x_wconf 89' lang='lat' dir='ltr'><strong><em>est</em></strong></span> <span class='ocrx_word' id='word_1_723' title='bbox 343 5141 516 5211; x_wconf 81' lang='lat' dir='ltr'><strong><em>exponendo</em></strong></span> <span class='ocrx_word' id='word_1_724' title='bbox 530 5141 726 5214; x_wconf 90' lang='lat' dir='ltr'><strong><em>interpretari,</em></strong></span> <span class='ocrx_word' id='word_1_725' title='bbox 741 5140 860 5200; x_wconf 88' lang='lat' dir='ltr'><strong><em>minime</em></strong></span> <span class='ocrx_word' id='word_1_726' title='bbox 915 5139 964 5198; x_wconf 86' lang='lat' dir='ltr'><strong><em>sed</em></strong></span> <span class='ocrx_word' id='word_1_727' title='bbox 979 5138 1095 5197; x_wconf 85' lang='lat' dir='ltr'><strong><em>cuidam</em></strong></span> <span class='ocrx_word' id='word_1_728' title='bbox 1105 5135 1246 5209; x_wconf 88' lang='lat' dir='ltr'><strong><em>discipulo</em></strong></span> <span class='ocrx_word' id='word_1_729' title='bbox 1260 5143 1438 5193; x_wconf 89' lang='lat' dir='ltr'><strong><em>memoratur</em></strong></span> <span class='ocrx_word' id='word_1_730' title='bbox 1460 5137 1576 5195; x_wconf 90' lang='lat' dir='ltr'><strong><em>tradita.</em></strong></span> <span class='ocrx_word' id='word_1_731' title='bbox 1594 5137 1640 5196; x_wconf 86' lang='lat' dir='ltr'><strong><em>Sic</em></strong></span> <span class='ocrx_word' id='word_1_732' title='bbox 1657 5139 1766 5212; x_wconf 87' lang='lat' dir='ltr'><strong><em>quippe</em></strong></span> 
     </span>
     <span class='ocr_line' id='line_1_57' title="bbox 79 5224 1759 5303; baseline 0.001 -20"><span class='ocrx_word' id='word_1_733' title='bbox 79 5228 184 5295; x_wconf 83' lang='lat' dir='ltr'><strong><em>ttunt;</em></strong></span> <span class='ocrx_word' id='word_1_734' title='bbox 210 5234 262 5285; x_wconf 89' lang='lat' dir='ltr'><strong><em>aut</em></strong></span> <span class='ocrx_word' id='word_1_735' title='bbox 284 5227 540 5300; x_wconf 87' lang='lat' dir='ltr'><strong><em>benedictionibus,</em></strong></span> <span class='ocrx_word' id='word_1_736' title='bbox 568 5245 642 5303; x_wconf 88' lang='lat' dir='ltr'><strong><em>quas</em></strong></span> <span class='ocrx_word' id='word_1_737' title='bbox 669 5245 729 5290; x_wconf 87' lang='lat' dir='ltr'><strong><em>non</em></strong></span> <span class='ocrx_word' id='word_1_738' title='bbox 759 5229 862 5289; x_wconf 87' lang='lat' dir='ltr'><strong><em>intelli·</em></strong></span> <span class='ocrx_word' id='word_1_739' title='bbox 914 5228 1021 5298; x_wconf 89' lang='lat' dir='ltr'><strong><em>inipso</em></strong></span> <span class='ocrx_word' id='word_1_740' title='bbox 1035 5226 1177 5298; x_wconf 87' lang='lat' dir='ltr'><strong><em>scriptum</em></strong></span> <span class='ocrx_word' id='word_1_741' title='bbox 1187 5239 1248 5282; x_wconf 88' lang='lat' dir='ltr'><strong><em>esse</em></strong></span> <span class='ocrx_word' id='word_1_742' title='bbox 1265 5224 1344 5283; x_wconf 84' lang='lat' dir='ltr'><strong><em>Luca</em></strong></span> <span class='ocrx_word' id='word_1_743' title='bbox 1356 5225 1543 5284; x_wconf 90' lang='lat' dir='ltr'><strong><em>meminimus</em></strong></span> <span class='ocrx_word' id='word_1_744' title='bbox 1563 5227 1759 5285; x_wconf 72' lang='lat' dir='ltr'><strong><em>denomino:</em></strong></span> 
     </span>
    </p>
   </div>
   <div class='ocr_carea' id='block_1_3' title="bbox 86 5315 1763 5394">
    <p class='ocr_par' dir='ltr' id='par_1_3' title="bbox 86 5315 1763 5394">
     <span class='ocr_line' id='line_1_58' title="bbox 86 5315 1763 5394; baseline 0.002 -21"><span class='ocrx_word' id='word_1_745' title='bbox 86 5326 210 5389; x_wconf 84' lang='lat' dir='ltr'><strong><em>,amen</em></strong></span> <span class='ocrx_word' id='word_1_746' title='bbox 233 5325 411 5391; x_wconf 89' lang='lat' dir='ltr'><strong><em>supponunt.</em></strong></span> <span class='ocrx_word' id='word_1_747' title='bbox 439 5317 485 5378; x_wconf 87' lang='lat' dir='ltr'><strong><em>Sic</em></strong></span> <span class='ocrx_word' id='word_1_748' title='bbox 508 5318 619 5394; x_wconf 89' lang='lat' dir='ltr'><strong><em>qnippe</em></strong></span> <span class='ocrx_word' id='word_1_749' title='bbox 653 5327 863 5394; x_wconf 88' lang='lat' dir='ltr'><strong><em>consequenter</em></strong></span> <span class='ocrx_word' id='word_1_750' title='bbox 916 5318 1029 5375; x_wconf 75' lang='lat' dir='ltr'><strong><em>Factum</em></strong></span> <span class='ocrx_word' id='word_1_751' title='bbox 1051 5320 1102 5387; x_wconf 87' lang='lat' dir='ltr'><strong><em>est,</em></strong></span> <span class='ocrx_word' id='word_1_752' title='bbox 1131 5315 1197 5372; x_wconf 82' lang='lat' dir='ltr'><strong><em>dum</em></strong></span> <span class='ocrx_word' id='word_1_753' title='bbox 1221 5318 1280 5387; x_wconf 86' lang='lat' dir='ltr'><strong><em>lpse</em></strong></span> <span class='ocrx_word' id='word_1_754' title='bbox 1298 5319 1367 5372; x_wconf 86' lang='lat' dir='ltr'><strong><em>essct</em></strong></span> <span class='ocrx_word' id='word_1_755' title='bbox 1390 5317 1420 5372; x_wconf 83' lang='lat' dir='ltr'><strong><em>ic</em></strong></span> <span class='ocrx_word' id='word_1_756' title='bbox 1442 5317 1561 5388; x_wconf 81' lang='lat' dir='ltr'><strong><em>quodem</em></strong></span> <span class='ocrx_word' id='word_1_757' title='bbox 1588 5318 1644 5376; x_wconf 89' lang='lat' dir='ltr'><strong><em>loco</em></strong></span> <span class='ocrx_word' id='word_1_758' title='bbox 1671 5333 1763 5390; x_wconf 75' lang='grc' dir='ltr'>ιιιιι,</span> 
     </span>
    </p>
   </div>
   <div class='ocr_carea' id='block_1_4' title="bbox 79 1178 854 1322">
    <p class='ocr_par' dir='ltr' id='par_1_4' title="bbox 79 1178 854 1322">
     <span class='ocr_line' id='line_1_59' title="bbox 79 1178 854 1235; baseline 0.003 -12"><span class='ocrx_word' id='word_1_759' title='bbox 79 1178 148 1223; x_wconf 78' lang='lat' dir='ltr'><strong><em>lente</em></strong></span> <span class='ocrx_word' id='word_1_760' title='bbox 172 1178 315 1222; x_wconf 69' lang='lat' dir='ltr'><strong><em>DOHiNlCAE</em></strong></span> <span class='ocrx_word' id='word_1_761' title='bbox 337 1178 505 1235; x_wconf 67' lang='lat' dir='ltr'><strong><em>eudemum,</em></strong></span> <span class='ocrx_word' id='word_1_762' title='bbox 531 1180 560 1223; x_wconf 79' lang='lat' dir='ltr'><strong><em>tri</em></strong></span> <span class='ocrx_word' id='word_1_763' title='bbox 590 1181 692 1226; x_wconf 74' lang='lat' dir='ltr'>DIEBUS</span> <span class='ocrx_word' id='word_1_764' title='bbox 717 1181 854 1227; x_wconf 72' lang='lat' dir='ltr'><strong><em>neeesse-</em></strong></span> 
     </span>
     <span class='ocr_line' id='line_1_60' title="bbox 217 1268 669 1322; baseline 0.002 -12"><span class='ocrx_word' id='word_1_765' title='bbox 217 1268 287 1322; x_wconf 75' lang='lat' dir='ltr'><strong><em>nell,</em></strong></span> <span class='ocrx_word' id='word_1_766' title='bbox 303 1268 365 1319; x_wconf 65' lang='grc' dir='ltr'><strong><em>ΟΠΞ</em></strong></span> <span class='ocrx_word' id='word_1_767' title='bbox 386 1269 505 1312; x_wconf 67' lang='lat' dir='ltr'><strong><em>tirenum</em></strong></span> <span class='ocrx_word' id='word_1_768' title='bbox 519 1269 669 1315; x_wconf 80' lang='lat' dir='ltr'><strong><em>utcunrttn.</em></strong></span> 
     </span>
    </p>
   </div>
   <div class='ocr_carea' id='block_1_5' title="bbox 79 5490 1522 5658">
    <p class='ocr_par' dir='ltr' id='par_1_5' title="bbox 79 5490 1522 5658">
     <span class='ocr_line' id='line_1_61' title="bbox 79 5490 1495 5572; baseline 0 -17"><span class='ocrx_word' id='word_1_769' title='bbox 79 5494 103 5567; x_wconf 75' lang='lat' dir='ltr'><strong><em>l&gt;</em></strong></span> <span class='ocrx_word' id='word_1_770' title='bbox 116 5490 240 5564; x_wconf 72' lang='lat' dir='ltr'><strong><em>Petrei,</em></strong></span> <span class='ocrx_word' id='word_1_771' title='bbox 252 5498 324 5555; x_wconf 86' lang='grc' dir='ltr'>ιιιιι.</span> <span class='ocrx_word' id='word_1_772' title='bbox 344 5494 452 5567; x_wconf 72' lang='lat' dir='ltr'><strong><em>xxti,</em></strong></span> <span class='ocrx_word' id='word_1_773' title='bbox 466 5495 520 5556; x_wconf 91' lang='lat' dir='ltr'><strong><em>col.</em></strong></span> <span class='ocrx_word' id='word_1_774' title='bbox 537 5499 601 5555; x_wconf 74' lang='lat' dir='ltr'><strong><em>lit.</em></strong></span> <span class='ocrx_word' id='word_1_775' title='bbox 953 5498 1010 5572; x_wconf 83' lang='lat' dir='ltr'><strong><em>(tt)</em></strong></span> <span class='ocrx_word' id='word_1_776' title='bbox 1023 5497 1141 5563; x_wconf 68' lang='lat' dir='ltr'><strong><em>Patrol,</em></strong></span> <span class='ocrx_word' id='word_1_777' title='bbox 1158 5503 1228 5555; x_wconf 90' lang='lat' dir='ltr'><strong><em>tom.</em></strong></span> <span class='ocrx_word' id='word_1_778' title='bbox 1243 5494 1345 5567; x_wconf 76' lang='lat' dir='ltr'><strong><em>exul,</em></strong></span> <span class='ocrx_word' id='word_1_779' title='bbox 1361 5495 1414 5555; x_wconf 84' lang='lat' dir='ltr'><strong><em>col.</em></strong></span> <span class='ocrx_word' id='word_1_780' title='bbox 1431 5498 1495 5556; x_wconf 81' lang='lat' dir='ltr'><strong><em>ile.</em></strong></span> 
     </span>
     <span class='ocr_line' id='line_1_62' title="bbox 143 5578 1522 5658; baseline 0.001 -5"><span class='ocrx_word' id='word_1_781' title='bbox 143 5578 276 5655; x_wconf 73' lang='lat' dir='ltr'><strong><em>Person.</em></strong></span> <span class='ocrx_word' id='word_1_782' title='bbox 300 5585 484 5658; x_wconf 72' lang='lat' dir='ltr'><strong><em>uexilli}</em></strong></span> <span class='ocrx_word' id='word_1_783' title='bbox 1479 5589 1522 5655; x_wconf 84' lang='lat' dir='ltr'><strong><em>te</em></strong></span> 
     </span>
    </p>
   </div>
   <div class='ocr_carea' id='block_1_6' title="bbox 0 0 1912 5962">
    <p class='ocr_par' dir='ltr' id='par_1_6' title="bbox 0 0 1912 5962">
     <span class='ocr_line' id='line_1_63' title="bbox 0 0 1912 5962; baseline 0 0"><span class='ocrx_word' id='word_1_784' title='bbox 0 0 1912 5962; x_wconf 95' lang='lat' dir='ltr'><strong><em> </em></strong></span> 
     </span>
    </p>
   </div>
  </div>
 </body>
</html>
