3804 5962
80 189 116 245 as
286 172 289 177 ’
716 187 828 248 urum
847 187 894 246 un
912 186 1127 255 ssounumn.
1727 190 1796 252 tras

149 312 308 371 Conciliato
323 311 376 370 tibi
391 310 486 384 gratia
498 311 580 370 nulla
594 319 696 383 potest.
904 319 929 371 A
1015 313 1146 385 objurga
1158 313 1275 385 culpam
1292 314 1385 385 pueri,
1399 314 1577 388 juvenisque
1592 315 1717 388 flagella,

117 403 174 470 Qui
189 403 264 474 patri
275 402 431 470 malusest
448 400 520 459 nulli
534 402 698 460 bonusesse
710 409 838 474 putetur,
1052 403 1216 460 Exhortare
1228 417 1323 460 senem
1339 403 1544 474 blanditiisque
1556 419 1650 462 mone.

149 492 221 550 Nolo
236 505 319 562 roges
333 504 385 561 pro
397 505 455 562 quo
476 505 533 547 uon
553 499 636 563 rogat
648 492 711 562 ipsa
723 505 837 562 parens.
1016 492 1089 548 Cum
1105 499 1132 549 te
1151 492 1289 563 corripiat
1302 492 1399 548 senior
1415 491 1559 563 patienter
1572 492 1688 562 habeto,

113 581 154 638 Ne
168 579 378 650 superinducta
392 578 504 636 crucies
519 593 611 655 uxore
625 589 769 651 parentes,
1052 580 1089 638 Et
1100 587 1195 651 grates
1209 588 1347 651 tanquam
1364 587 1427 650 post
1439 581 1507 636 data
1522 592 1629 652 magna
1642 579 1726 638 refer.

151 670 210 726 llos
223 667 311 739 sepeli
327 667 420 738 primo
435 667 457 723 si
470 681 620 738 superesse
636 683 736 740 queas.
1018 667 1133 740 culpari
1149 676 1279 726 metuens
1297 668 1413 739 culpam
1429 669 1605 740 prraoindere
1620 675 1750 741 temptat,

113 758 165 814 list
176 757 260 814 velox
277 755 405 812 vindicta
419 756 470 813 Dei
483 756 644 814 maledictio
659 766 787 827 patrum,

149 845 240 900 Nemo
255 843 311 899 nisi
327 842 444 899 demens
455 843 532 900 banc
547 844 667 900 tolerare
686 850 787 915 potest.
1020 844 1158 918 Quisquis
1173 860 1232 902 non
1242 845 1330 903 tuerit
1349 844 1461 917 patiens
1476 847 1603 918 parendo
1615 846 1740 919 jubenti,

115 933 178 1002 Quo
194 932 260 1004 plus
274 932 405 1003 proficiat
418 940 468 989 tua
478 932 516 989 sit
529 933 669 1003 correptio
685 932 814 1004 blanda3
1056 936 1178 1007 imperio
1191 935 1266 993 nulli
1282 934 1481 1007 praeficiendus
1499 935 1565 994 erit.

79 1024 96 1076 ο
152 1026 261 1093 Aspera
271 1035 422 1093 perversos
435 1036 494 1079 non
509 1023 594 1092 capit,
609 1023 697 1078 immo
712 1029 817 1079 moret.

345 1373 666 1522 HYMNI
718 1375 845 1522 ΕΤ
901 1374 1489 1551 SEQUENTIAE

633 1663 710 1732 PER
732 1662 867 1731 TOTUM
889 1662 984 1730 ΑΝΝΙ
1007 1663 1212 1732 circueunt

109 1879 197 1970 Ab
227 1878 402 1973 USUM
430 1876 750 1970 VIRGINUM
777 1875 1179 1971 MONASTERII
1207 1876 1729 1999 PARAGLITENSIS.

764 2264 1080 2356 MONITUM.

80 2467 237 2534 Nonaqinta
260 2465 316 2520 tria
342 2464 475 2530 carmina,
502 2477 564 2531 quae
581 2461 659 2517 modo
687 2460 791 2517 edituri
816 2475 920 2528 sumus,
949 2463 1104 2531 conscripta
1128 2462 1220 2529 fuisse
1236 2463 1270 2517 ab
1296 2463 1452 2532 Abaelaralo,
1478 2465 1563 2536 idque
1583 2469 1617 2523 ab
1641 2484 1670 2526 eo
1690 2471 1795 2538 tactam

79 2570 120 2610 ·ca
150 2569 252 2609 annum
281 2553 360 2623 1130,
386 2554 470 2622 paulo
503 2557 649 2620 antequam
669 2550 768 2606 librum
803 2551 975 2607 Sermonum
1005 2552 1035 2605 in
1065 2551 1151 2605 lucem
1175 2551 1263 2619 daret,
1297 2555 1478 2610 certissimum
1502 2561 1553 2612 est.
1582 2558 1644 2627 lpse
1670 2561 1741 2614 enim
1765 2562 1795 2614 in

80 2644 172 2712 istola,
189 2659 271 2713 quam
283 2642 456 2713 praefadanis
479 2641 535 2696 loco
549 2638 735 2696 sermonibus
757 2638 799 2694 his
811 2641 958 2710 mamisit,
973 2641 1086 2709 scripsit
1112 2640 1150 2695 ad
1167 2641 1318 2696 Heloissam
1339 2657 1396 2697 sese
1417 2658 1471 2698 non
1495 2646 1538 2699 ita
1551 2645 1660 2714 pridem
1674 2646 1712 2701 ad
1735 2660 1795 2701 eant

79 2735 198 2788 elimasse
226 2731 347 2786 libellum
362 2732 531 2800 Hymnorum
557 2728 600 2784 uel
627 2727 846 2797 Sequentiarum,
862 2743 922 2796 quae
937 2730 1137 2784 Paraclitenses
1153 2730 1290 2786 monache
1312 2732 1385 2787 inter
1410 2732 1505 2788 diuina
1519 2734 1683 2791 celebranda
1702 2736 1796 2806 atteia

79 2822 228 2876 manerent.

80 2910 140 2967 Non
166 2909 318 2979 preterioit
345 2907 414 2962 hanc
442 2907 616 2977 scriptionem
638 2906 771 2961 Henricus
787 2905 975 2963 (landavensis
996 2921 1044 2961 seu
1064 2908 1192 2977 quisquis
1216 2908 1263 2963 iiie
1281 2912 1321 2963 est
1342 2911 1393 2979 qui
1420 2909 1609 2981 Appendiaem
1624 2913 1661 2969 ad
1684 2916 1795 2971 Heariei

79 2999 240 3053 cadunensis
267 2996 427 3066 scriptores
449 2995 656 3053 ecclesiasticos
681 2994 797 3064 subjecit
812 2993 874 3066 (l);
898 3009 947 3050 nec
966 2995 1091 3066 plerique
1114 2997 1165 3052 alii
1194 3000 1243 3067 qui
1270 2997 1368 3053 danda
1395 3003 1602 3058 commentarios
1625 3001 1659 3058 de
1676 3003 1794 3060 historia

79 3089 172 3142 erario
183 3084 286 3156 publici
295 3085 369 3154 juris
384 3086 517 3152 fecerum.

85 3177 186 3233 Verum
200 3174 303 3242 ambiqi
315 3177 405 3244 potest
432 3174 568 3229 uideritne
595 3188 630 3228 en
648 3175 687 3229 eis
716 3171 788 3228 ullus
812 3173 862 3228 illa
886 3172 1029 3229 Abaeiardi
1057 3178 1193 3243 poemata,
1223 3189 1258 3228 an
1286 3188 1320 3229 en
1339 3175 1395 3230 solo
1412 3177 1541 3245 proemio
1578 3174 1749 3237 Sermonum
1762 3194 1796 3238 ea

79 3265 192 3320 tbucrim
210 3265 329 3333 coqnita.
353 3262 408 3319 Sed
425 3261 497 3317 uidit
512 3277 544 3317 ea
568 3261 731 3330 Ambrosius,
749 3262 979 3332 deprehenditque
1003 3261 1238 3334 (quemadmodum
1251 3263 1281 3316 in
1303 3264 1467 3331 Praetatione
1481 3265 1519 3321 ad
1542 3267 1633 3338 Opera
1651 3271 1797 3328 Abaelardi

79 3356 217 3422 toloqetica
241 3356 358 3407 testatur
370 3351 496 3421 ipsemet)
521 3371 532 3400 ‹
561 3365 690 3419 maqnam
711 3353 742 3405 in
771 3354 809 3406 eis
835 3353 972 3407 catholice
985 3353 1098 3423 pietatis
1113 3353 1199 3407 lucem
1225 3367 1271 3407 seu
1298 3352 1400 3420 dependi
1423 3369 1471 3409 seu
1496 3358 1605 3411 canenti
1624 3358 1793 3428 effulqere.»

79 3443 124 3497 aad
151 3457 182 3496 ea
208 3442 320 3511 reliquit
345 3442 375 3494 ia
401 3439 518 3494 tenebris
546 3439 611 3508 iure
637 3443 732 3494 merito
761 3438 917 3496 admiratus
940 3443 980 3495 est
1011 3438 1051 3496 cl.
1085 3441 1116 3495 V.
1143 3440 1253 3508 cousin,
1273 3445 1475 3500 recentissimus
1503 3444 1622 3517 Operum
1650 3445 1794 3505 Abaelardi

79 3533 147 3586 litor.

81 3622 176 3686 Porro,
190 3621 221 3672 ut
234 3621 275 3688 tlt,
300 3623 431 3672 euanucm
454 3616 629 3687 postmodum
642 3619 735 3672 omnia
749 3617 918 3686 lipmnorum
933 3620 960 3671 et
980 3615 1189 3685 sequentiarum
1204 3615 1317 3672 illarum
1342 3621 1460 3688 uestiqia
1469 3639 1478 3685 ς
1498 3622 1565 3676 adeo
1579 3628 1610 3677 ut
1625 3626 1659 3679 l).
1675 3626 1793 3682 crement

91 3712 164 3764 inter
178 3708 266 3777 Opera
289 3705 433 3762 Abaelardi
455 3706 600 3776 deperdita
620 3708 786 3762 recensuerit
811 3705 860 3779 (2).
879 3708 916 3763 nt
942 3705 1052 3773 quidem
1074 3706 1195 3761 nondum
1210 3708 1326 3762 inuentae
1349 3709 1501 3776 Sequentiae
1523 3711 1596 3780 ulie,
1622 3713 1669 3768 sed
1692 3716 1797 3784 Hymni

79 3802 201 3867 ›napinta
211 3802 265 3852 tres
281 3811 341 3851 cum
353 3797 432 3850 initio
446 3798 594 3867 sequentis.

81 3889 118 3943 lli
140 3893 231 3942 autem
252 3885 373 3942 latebant
385 3888 416 3941 in
441 3885 530 3942 codice
546 3887 741 3956 quincunciali,
757 3886 853 3942 seculo
878 3899 929 3942 run
947 3900 1078 3955 maqnam
1094 3887 1203 3955 partem
1217 3886 1377 3957 conscripto,
1402 3891 1428 3943 et
1441 3889 1515 3944 varii
1528 3890 1635 3959 qeneris
1657 3892 1795 3963 complecta

79 3977 189 4033 uscula.

82 4066 227 4135 Belqicum
239 4066 344 4133 micina
357 4064 427 4120 hunc
440 4078 496 4121 esse
511 4063 621 4133 librum,
639 4064 865 4132 sismusinum·
882 4063 929 4118 ubi
946 4079 1009 4120 uero
1036 4063 1153 4119 locormn
1168 4065 1302 4134 scriptum
1320 4064 1435 4120 dubium
1448 4069 1576 4124 manime.
1601 4070 1796 4140 Frapmentum

79 4154 161 4225 iquod
174 4155 387 4225 penealoqicum,
407 4154 444 4209 ad
458 4155 526 4209 imos
538 4155 679 4222 morqines
694 4155 757 4221 {olii
769 4154 840 4209 uerd
854 4149 890 4208 75
903 4156 930 4208 et
943 4155 977 4207 76
992 4152 1139 4222 adjectum,
1162 4155 1283 4208 uicorum
1297 4156 1416 4210 continet
1427 4157 1538 4213 nomina
1556 4160 1605 4228 qui
1617 4159 1711 4215 Sabim
1724 4160 1797 4216 iuter

97 4244 200 4299 itesam
214 4247 278 4298 sunt
299 4245 405 4314 positi;
420 4247 445 4298 et
465 4243 533 4310 tolio
551 4246 583 4297 17
597 4242 635 4297 ad
661 4257 817 4313 supremum
830 4247 982 4312 marpinem
1007 4242 1108 4315 lepitur
1126 4257 1219 4298 versus
1250 4242 1407 4300 Theotimus
1423 4261 1470 4301 seu
1490 4246 1655 4304 Flandrieus
1675 4263 1683 4303 :
1703 4247 1795 4306 Saone

79 4356 82 4390 i
99 4332 147 4405 ghi
161 4332 245 4389 hebet
271 4331 310 4388 mi
329 4331 468 4404 ghevaen,
484 4330 579 4402 iub...;
596 4347 656 4402 quse
685 4331 768 4386 umba
790 4330 827 4386 ad
841 4331 986 4387 dialectum
1001 4331 1207 4401 Limburpieam
1223 4335 1359 4403 pertinere
1373 4333 1501 4390 uidentur
1515 4350 1522 4392 :
1538 4340 1579 4392 ita
1592 4340 1624 4393 ut
1637 4339 1663 4393 si
1689 4338 1796 4395 diceris

79 4424 110 4478 [m
129 4422 160 4477 id
185 4421 311 4477 solamen
333 4424 479 4476 exaratum
500 4425 526 4476 ct
543 4426 680 4477 seruatum
694 4423 783 4488 fuisse
796 4424 827 4478 in
840 4421 984 4479 leodiensi
1011 4421 1127 4490 diecesi,
1147 4423 1302 4493 periculum
1318 4425 1432 4481 arandi
1445 4441 1500 4482 non
1524 4428 1693 4498 incurreris;
1708 4444 1795 4500 secus,

79 4512 198 4582 propius
212 4511 277 4566 libri
289 4512 413 4580 patriam
431 4509 612 4566 determinare
624 4511 746 4567 libuerit.
1036 4522 1040 4529 ·

82 4601 219 4670 Occupato
247 4599 342 4668 Belqio
371 4600 406 4655 ab
439 4599 596 4670 reipublice
626 4599 774 4657 Gallicane
794 4599 940 4670 militibus,
969 4601 1092 4656 Parisios
1119 4601 1224 4658 delatus
1252 4606 1292 4658 ast
1310 4603 1405 4673 codena,
1433 4605 1525 4672 ibique
1553 4606 1686 4676 detentus,
1713 4609 1796 4667 donec

79 4691 206 4760 rpoleonis
233 4689 384 4754 lreqnum
411 4689 495 4744 stetit.
524 4685 580 4753 Quo
604 4687 726 4756 cadente,
746 4688 851 4743 rediere
875 4690 906 4743 in
933 4686 1057 4754 Beiqium
1076 4686 1249 4754 membranae,
1272 4693 1366 4760 siqillo
1390 4695 1547 4764 reipublice
1561 4700 1587 4751 et
1605 4699 1803 4769 imperialibus.

79 4776 202 4849 siquibus
224 4780 336 4843 notatae,
357 4775 482 4846 deinceps
508 4790 570 4830 aero
592 4773 755 4831 bibliothece
779 4775 964 4846 Burqundieae
982 4777 1170 4833 Bmaellensis
1194 4778 1377 4836 characterem
1401 4782 1509 4839 laturae.
1537 4786 1573 4840 lit
1599 4787 1719 4856 quidem,
1735 4803 1797 4858 qun

79 4885 88 4924 s
116 4868 287 4939 perpamenis
315 4866 420 4922 chartis
451 4864 642 4921 inscribantur
668 4866 808 4936 opuscula,
828 4867 859 4921 in
877 4864 997 4936 qenerali
1026 4866 1193 4925 bibliothece
1215 4870 1399 4939 liurpundicae
1425 4874 1547 4944 cataloqo
1572 4875 1611 4948 (3)
1634 4877 1795 4936 indicantur

79 4958 165 5012 :meris
182 4956 380 5013 10147-10158.

79 5046 144 5101 Jam
162 5061 225 5101 vero
248 5047 320 5113 torte
343 5047 458 5113 fortuna
480 5045 587 5112 tactum
611 5048 650 5099 cst
674 5046 705 5099 ut
731 5043 868 5113 OEblents,
893 5045 972 5100 domo
992 5045 1154 5114 Germanus,
1176 5050 1207 5103 in
1232 5049 1361 5105 ultimum
1381 5050 1463 5121 hujus
1484 5051 1584 5108 codicis
1608 5053 1730 5110 libellum
1751 5059 1793 5114 in·

79 5136 153 5200 ierit,
176 5135 327 5191 mammam
349 5123 515 5207 hymnorum
534 5133 678 5190 Abaelardi
697 5138 807 5204 partem
829 5136 1019 5193 continentem.
1048 5136 1101 5194 Nec
1124 5143 1287 5207 mordacia
1311 5140 1406 5210 prima
1425 5143 1533 5197 cantica
1558 5140 1634 5198 dedit
1656 5144 1685 5199 in
1699 5142 1794 5215 lucem,

79 5310 118 5453 {li
138 5311 192 5381 Ap.
211 5310 388 5377 Fabricium,
398 5309 528 5366 biblioth.
543 5311 647 5379 eccles..
664 5318 738 5382 part.
759 5324 799 5383 xr,
819 5326 848 5385 p.
867 5315 927 5371 las.

94 5381 124 5527 ‘2³
138 5385 211 5438 Hist.
228 5379 313 5437 litter.
328 5382 362 5437 de
374 5383 488 5449 Frcnce,
507 5389 529 5439 t.
539 5382 604 5450 ΧΠ,
619 5396 647 5454 p.
664 5384 723 5438 tes.

79 5455 110 5528 13
139 5455 286 5526 Gatalopue
300 5453 346 5510 des
360 5456 525 5519 manuscrits
540 5454 574 5512 de
588 5453 813 5526 labibtiothdque
825 5455 919 5528 repale
929 5454 964 5515 de
979 5456 1147 5530 Baurqopne,
1165 5464 1185 5516 t.
1196 5459 1219 5529 1,
1236 5472 1265 5532 p.
1280 5461 1332 5517 203
1348 5466 1376 5520 et
1388 5463 1452 5519 204.
