3804 5962
98 218 152 274 883
366 209 468 266 PETRI
487 208 672 267 ramicum
690 208 767 266 OPP.
788 208 878 267 PARS
896 209 944 266 ΙΙΙ.
959 236 995 267 ιι·
1010 206 1232 269 robonootca
1251 208 1295 265 ΕΤ
1312 207 1581 269 Pflmosoemoa.
1796 209 1857 274 sat,

98 336 242 406 mittebat,
267 341 301 395 ιιι
325 334 366 394 sic
383 334 489 419 ,magis
521 349 570 394 eos
600 334 652 408 qui
668 335 799 396 menalce
811 342 905 405 erant,
918 335 948 393 id
962 339 987 395 a
1000 341 1074 394 state
1082 333 1194 406 littere,
1209 334 1238 392 id
1252 343 1296 393 est
1319 335 1351 393 in
1366 334 1497 407 antiquis
1520 334 1659 406 operibus
1686 335 1849 409 qneiuxta

99 434 143 485 εει
164 423 332 485 carnalibus
350 424 448 496 potius
467 438 559 498 quam
583 423 783 497 spiritualibus
807 424 890 483 bouis
905 425 947 483 in·
977 438 980 443 ·
1000 423 1125 483 litteram
1149 431 1264 483 tantum
1280 425 1396 494 flebant,
1413 424 1487 482 sicut
1502 431 1564 482 erat
1577 423 1704 482 carnaiis
1719 425 1847 483 circum·

98 516 179 587 tenti,
204 514 241 572 ad
250 513 442 572 obedientiam
457 512 592 572 alliceret.
608 514 644 570 Et
659 516 774 573 attende
788 516 866 588 quod
880 530 947 573 cum
1002 515 1082 585 cisio,
1114 514 1278 574 observatio
1301 514 1430 578 sabbati,
1456 512 1599 571 sacrificia
1627 523 1655 573 ει
1669 513 1727 571 alia
1763 514 1850 573 innu-

99 607 136 666 ad
158 608 212 665 boc
233 604 311 676 quod
334 603 476 675 promisit,
503 608 534 659 uf
557 605 619 659 sitis
640 604 856 677 alteriusqrtea
873 622 947 662 mor·
1005 619 1094 663 mere.

100 701 156 753 tuis
174 695 337 761 resurrexit,
359 692 494 764 adjunxit
521 700 554 751 ut
579 695 776 766 fructificemus
789 698 866 767 beo;
891 709 949 752 uon
1038 692 1148 761 Quaerit
1175 692 1302 751 fortassis
1324 691 1440 765 aliquis,
1457 707 1509 750 cur
1524 692 1611 750 etiam
1626 692 1848 764 promissionem

100 786 140 845 ait
163 792 197 843 ut
219 781 407 852 fructificetis,
436 783 486 840 sed
501 788 534 840 ut
548 796 598 840 vos
613 791 641 840 et
651 798 704 840 nos
724 783 841 855 pariter,
858 784 886 841 id
908 791 951 842 est
1004 791 1116 840 eterne
1129 782 1196 840 vite
1226 782 1272 839 lex
1287 797 1347 839 nen
1360 781 1504 852 habuerit,
1531 788 1564 838 ut
1580 796 1637 839 non
1652 781 1748 839 solum
1761 790 1850 842 terre·

99 887 199 935 omnes
244 871 463 940 fructificemus,
492 872 554 930 sive
576 873 759 944 predicando
786 873 847 931 sive
879 873 950 931 obe·
1003 887 1121 942 norum,
1159 885 1262 929 verum
1284 879 1313 928 ει
1341 872 1502 929 coelestium
1534 871 1677 929 donorum
1700 871 1853 930 desideriis

102 963 218 1022 diendo.
1005 964 1128 1035 amplius
1155 964 1192 1021 ad
1218 963 1410 1021 obediendum
1446 962 1572 1033 populus
1598 961 1763 1020 alliceretur
1778 978 1789 1035 ;
1804 964 1853 1020 sed

138 1053 206 1111 dum
233 1051 305 1106 enim
328 1065 454 1106 essemus.
481 1048 547 1106 Dixi
575 1057 608 1106 ut
633 1049 698 1108 sitis
724 1050 844 1110 alterius
868 1051 951 1109 disci·
1006 1054 1077 1125 quia
1104 1052 1272 1124 imperfecta
1299 1051 1402 1109 babuit
1426 1058 1578 1122 precepta,
1592 1051 1665 1108 sicut
1689 1050 1759 1108 alibi
1777 1051 1853 1110 idem

103 1140 176 1215 puli,
186 1139 294 1198 scilicet
308 1147 335 1197 ει
351 1139 507 1197 imitatores
515 1152 606 1211 quam
629 1140 783 1213 bucusque
796 1139 902 1211 fuistis,
919 1149 952 1199 ut
1006 1142 1157 1213 Apostolus
1177 1148 1423 1210 commemorat,
1449 1139 1548 1196 dicens
1567 1139 1645 1211 quod
1662 1139 1755 1197 teeae
1765 1143 1855 1211 perse·

103 1228 284 1290 fructificetis
317 1229 385 1296 Deo,
413 1228 510 1300 idest,
540 1229 644 1287 ιιιείιιε
663 1229 828 1301 spirituales
840 1245 889 1302 per
903 1230 951 1288 de·
1007 1239 1080 1288 etum
1093 1230 1294 1287 nibrtcddeeit
1309 1229 1401 1300 (fiete.
1420 1243 1472 1299 ιιι,
1491 1228 1547 1300 te).
1563 1230 1600 1286 fit
1612 1228 1726 1287 Veritas
1745 1242 1797 1300 per
1809 1242 1854 1286 se·

104 1318 243 1379 siderium
267 1319 366 1390 potius
390 1332 480 1390 quam
494 1318 635 1390 carnales,
656 1319 730 1378 sicut
757 1319 826 1378 olim
856 1319 953 1379 fuistis
1008 1321 1158 1391 metipsam
1182 1335 1190 1374 :
1210 1319 1339 1376 Audistis
1362 1322 1429 1391 quie
1451 1319 1555 1375 dietam
1577 1323 1617 1375 est
1640 1322 1775 1387 antiquis,
1799 1328 1853 1377 etc.

105 1407 294 1480 temporalem
318 1406 389 1479 legis
422 1408 641 1478 promissionem
669 1418 831 1482 sequentes.
847 1411 883 1468 Et
895 1425 954 1468 me·
1008 1409 1120 1482 (Mettis.
1146 1427 1173 1479 ι,
1195 1409 1252 1482 21).
1275 1409 1398 1466 Ειεηῑει·
1418 1408 1599 1464 ubundaverit
1617 1408 1733 1480 justitie
1751 1413 1854 1477 cestre,

105 1499 162 1556 rito
186 1497 229 1553 sic
245 1503 351 1566 monet,
368 1496 439 1569 quia
465 1504 535 1553 tunc
551 1512 601 1570 per
611 1497 691 1556 iilam
704 1497 777 1573 legis
789 1499 955 1572 promissio·
1008 1504 1062 1556 etc.
1082 1499 1174 1571 libid..
1197 1497 1254 1572 20).
1281 1498 1345 1556 Non
1370 1499 1464 1570 potuit
1485 1500 1548 1570 eius
1575 1512 1638 1554 esse
1657 1496 1855 1555 remuneratio

108 1600 176 1644 nem
200 1599 252 1643 vos
275 1585 656 1644 carnaliumdesideriorum
681 1595 824 1646 amatores
846 1603 955 1661 nequa·
1009 1588 1145 1660 perfecta,
1170 1603 1224 1646 nee
1256 1588 1379 1646 terrenis
1400 1586 1549 1644 desideriis
1576 1585 1703 1644 coelestia
1716 1593 1857 1658 compete·

109 1688 199 1747 quam
219 1674 399 1745 spiritualem
424 1675 481 1732 Deo
505 1675 633 1734 fructum
660 1677 779 1736 reddere
807 1677 954 1748 poteratis,
971 1687 994 1744 Β
1011 1678 1092 1745 bant,
1108 1693 1203 1750 neque
1218 1680 1275 1735 beo
1287 1677 1395 1749 aliquis
1410 1685 1467 1734 tam
1488 1690 1539 1746 pro
1560 1677 1681 1733 terrenis
1699 1690 1791 1748 quam
1805 1689 1856 1747 pro

109 1763 159 1820 sed
178 1764 265 1821 morti
293 1764 399 1835 potius,
421 1764 450 1820 id
476 1771 519 1821 est
547 1766 698 1823 mortalem
715 1769 743 1823 et
762 1766 956 1824 damnabilem
1011 1767 1175 1825 celestibus
1202 1767 1331 1825 serviens
1348 1775 1433 1837 aptus
1447 1780 1508 1823 esse
1523 1773 1623 1836 potest.
1643 1765 1725 1822 Unde
1748 1765 1857 1823 Veritas

109 1852 259 1911 babebatis
277 1853 406 1911 fructum
417 1854 510 1924 magis
524 1867 558 1911 ac
576 1855 670 1928 magis
693 1869 806 1927 semper
825 1871 875 1928 per
889 1871 957 1914 cou-
1013 1871 1064 1929 per
1088 1857 1269 1927 semetipsam
1290 1856 1424 1912 admonet
1458 1854 1555 1911 dicens
1578 1870 1584 1910 :
1607 1856 1717 1913 Nesciat
1744 1856 1858 1910 εἰειειεε

109 1941 318 2014 cupiscentiam
343 1943 466 1999 terrenis
481 1944 674 2014 adherentes,
690 1943 777 2017 juxta
792 1946 871 2018 quod
887 1945 957 2004 scri·
1014 1951 1062 2001 tau
1082 1946 1149 2016 qaid
1164 1948 1253 2015 saciat
1275 1947 1390 2001 dexteru
1410 1949 1459 2001 tue
1476 1945 1585 2015 (Mettis.
1619 1958 1658 2012 rr,
1672 1946 1711 2011 3),
1724 1943 1811 2001 idest
1824 1956 1857 2000 ne

112 2038 197 2104 ptum
210 2039 273 2089 est:
1013 2035 1173 2093 admisceas
1188 2036 1218 2091 in
1233 2035 1332 2106 aliquo
1346 2048 1398 2092 suo
1412 2047 1497 2105 opere
1508 2042 1650 2090 terrenam
1670 2031 1859 2090 intentionem

253 2148 420 2206 mmmm
438 2151 564 2221 „qm-,ur
577 2165 645 2207 ,m
661 2154 807 2222 Pecuniam
1014 2124 1129 2192 celesti,
1157 2132 1189 2181 ιιι
1214 2123 1301 2181 simul
1325 2138 1377 2194 pro
1407 2123 1580 2180 transitoriis
1594 2130 1622 2179 et
1636 2123 1753 2179 eternis
1777 2121 1861 2179 bonis

291 2238 424 2310 (Hom,
440 2239 491 2296 (Μ.
507 2239 562 2297 Ιώ,
574 2256 618 2308 m,
633 2240 680 2310 od,
699 2242 742 2310 ,δ’
758 2255 787 2298 v·
804 2193 856 2313 1⁸3.)
1015 2214 1131 2271 obedias
1146 2214 1212 2270 beu.
1239 2213 1293 2270 Sed
1317 2211 1437 2270 fortasse
1459 2213 1530 2269 dum
1559 2212 1709 2284 propositae
1727 2212 1859 2283 quaestio·

112 2347 148 2404 ι
162 2346 231 2405 ..n
261 2361 267 2404 =
1015 2300 1861 2462 iiiiitlliitilli’iiibdtiitli

148 2456 250 2513 Crescit
264 2469 342 2511 emer
354 2455 461 2510 nummi
476 2458 610 2524 quartem
627 2455 691 2525 ipso
701 2457 821 2525 pecunie
837 2459 942 2515 meruit.
1015 2481 1066 2538 Dei
1081 2489 1108 2539 θ,
1123 2482 1247 2554 proximi
1272 2489 1448 2552 praeoemum
1475 2481 1522 2549 sn,
1535 2481 1633 2539 etha„
1651 2480 1709 2537 duo
1721 2487 1861 2552 mmm,

399 2541 525 2616 iim&
540 2543 633 2615 sm
654 2544 695 2614 Μ’
709 2560 738 2602 V·
764 2545 836 2618 139·)
1016 2572 1162 2629 sufficiant
1186 2570 1343 2627 advitam.
1367 2571 1447 2628 Unde
1461 2579 1489 2626 ει
1502 2570 1645 2627 Dominus
1672 2568 1759 2626 diviti
1780 2583 1861 2641 quae·

116 2659 162 2718 Sic
193 2659 266 2732 lege,
294 2661 361 2718 cum
389 2675 505 2718 essemus
535 2675 627 2730 eume,
657 2660 686 2718 id
715 2670 759 2720 est
783 2662 961 2729 carnalibus,
1017 2661 1092 2720 renti
1119 2659 1192 2732 quid
1209 2660 1338 2717 faciendo
1360 2660 1451 2717 vitam
1484 2667 1620 2716 aeternam
1645 2659 1814 2730 possideret,
1822 2671 1861 2715 re-

115 2764 175 2806 nan
214 2749 415 2821 spiritualibus
444 2750 591 2809 desideriis
629 2751 785 2822 inhiantes,
819 2754 963 2824 passiones
1017 2750 1134 2822 spondit
1149 2759 1180 2807 ut
1195 2750 1326 2807 beedue
1343 2756 1622 2820 preceptaservaret
1649 2746 1862 2813 etsufficerent,

116 2847 312 2911 peccatomm,
338 2840 367 2899 id
383 2847 426 2897 εει
441 2841 681 2911 concupiscentiae
700 2842 821 2898 diversae
837 2856 889 2899 nes
902 2857 964 2914 pec·
1017 2847 1044 2896 ει
1057 2839 1166 2896 Ρειιιιιε
1191 2838 1251 2909 ipsc
1273 2838 1482 2909 plenitudinem
1508 2837 1579 2910 legis
1601 2851 1663 2893 εεεε
1682 2835 1862 2894 dilectionem

117 2941 183 2985 care
216 2927 363 2997 facientes,
395 2933 428 2983 ut
451 2926 488 2983 sit
511 2927 595 2996 quasi
632 2927 813 2986 intransitive
841 2928 961 2999 dictum,
1020 2929 1182 2999 profitetur.
1208 2926 1337 2985 Mirabile
1365 2927 1482 2984 videtur
1502 2927 1581 2998 qued
1601 2924 1647 2981 lex
1663 2926 1700 2982 ad
1716 2925 1862 2996 perfectio·

114 3018 259 3088 passiones
276 3021 461 3087 peecatorum,
479 3015 508 3070 id
524 3021 644 3086 estque
661 3025 777 3086 peccata
801 3025 893 3087 crant,
911 3019 964 3076 sic·
982 2984 1004 3042 C
1020 3032 1086 3075 nem
1097 3017 1172 3074 nibil
1186 3016 1312 3086 duxerit,
1329 3024 1357 3073 et
1376 3017 1454 3088 quod
1470 3016 1531 3087 ipsa
1542 3030 1599 3072 non
1613 3014 1759 3072 suffecerit
1769 3015 1806 3073 ad
1821 3015 1862 3071 vi·

119 3113 151 3164 ιιι
174 3106 285 3163 dicitur
311 3110 441 3161 creature
466 3105 543 3171 sutis,
567 3103 612 3160 vel
628 3104 792 3161 substantia
822 3114 873 3165 aut
903 3121 967 3163 cor·
1020 3115 1090 3174 tam,
1106 3107 1249 3164 utmerito
1265 3112 1380 3176 propter
1395 3106 1448 3160 boe
1462 3103 1629 3174 evangeliea
1644 3103 1760 3159 deberet
1773 3102 1864 3159 abun·

118 3209 176 3266 pus
191 3194 304 3266 lapidis,
329 3194 416 3251 idest
438 3197 655 3263 creaturaque
683 3200 725 3248 est
741 3193 795 3264 sal,
819 3195 865 3252 vel
893 3197 966 3254 sub·
1020 3196 1088 3253 dare
1105 3195 1228 3268 iustitia.
1250 3196 1360 3252 Revera
1374 3194 1446 3264 quia
1461 3201 1605 3264 precepta
1619 3193 1692 3264 legis
1705 3193 1768 3249 sive
1780 3192 1864 3249 dedi-

118 3283 225 3341 stantia
240 3288 293 3338 aut
308 3294 413 3351 corpus
423 3281 502 3352 quod
526 3287 569 3336 est
584 3280 664 3350 lapis.
683 3279 753 3348 Quae
769 3283 887 3354 quidem
902 3299 966 3356 pas·
1019 3285 1140 3341 lectione
1168 3284 1229 3340 sive
1247 3284 1282 3340 de
1310 3283 1376 3339 aliis
1392 3283 1429 3337 ad
1444 3281 1603 3352 perfectum
1634 3295 1694 3339 non
1710 3278 1863 3338 duxerint-

119 3372 225 3439 siones,
249 3373 330 3425 erunt
346 3384 399 3438 per
426 3370 519 3438 been,
547 3369 717 3428 laudantem
738 3371 847 3430 scilicet
877 3382 966 3445 atque
1021 3374 1050 3431 id
1077 3381 1119 3431 est
1156 3373 1277 3430 salutem
1306 3372 1437 3428 sufficere
1471 3386 1530 3428 non
1558 3378 1698 3443 poterant,
1732 3370 1782 3426 sed
1816 3382 1864 3424 ne·

120 3459 303 3533 pollicentem
323 3472 425 3515 eurum
440 3472 507 3530 que
536 3460 661 3516 multum
678 3460 881 3521 desiderabant
907 3478 967 3521 ma·
1020 3476 1097 3520 cesse
1120 3469 1183 3520 erat
1200 3462 1354 3519 utveniret
1377 3460 1518 3529 Christus,
1544 3460 1597 3532 qui
1608 3468 1649 3517 est
1671 3459 1738 3516 finis
1750 3466 1779 3517 ει
1795 3473 1864 3516 con·

119 3562 208 3623 gnam
229 3547 450 3615 abundantiam,
478 3554 586 3605 terram
597 3548 731 3606 videlicet
743 3552 967 3621 optimamlacte
1020 3553 1175 3610 summarie
1190 3551 1272 3623 legis,
1300 3565 1368 3607 cum
1383 3549 1517 3607 videlicet
1534 3549 1597 3606 sine
1609 3549 1671 3620 ipso
1684 3549 1714 3605 in
1727 3548 1792 3621 lege
1804 3561 1863 3621 pro

120 3644 147 3696 et
184 3636 268 3694 melle
293 3644 472 3708 manantem,
500 3645 528 3694 et
543 3652 642 3708 pacem
657 3646 685 3696 et
700 3643 916 3711 prosperitatem
936 3644 966 3700 in
1020 3643 1107 3698 misso
1121 3642 1168 3698 Ιει
1183 3639 1341 3712 adimplere
1355 3639 1524 3696 nullatenus
1539 3638 1658 3696 valeret.
1671 3638 1725 3696 Sed
1741 3646 1771 3696 ει
1784 3638 1810 3695 si
1826 3638 1864 3694 di·

119 3741 153 3786 ea
177 3727 349 3796 maximam,
371 3734 400 3784 et
414 3727 505 3784 vitam
529 3728 702 3801 longaevam,
728 3738 755 3786 ει
770 3730 915 3804 quidquid
930 3732 966 3790 ad
1020 3731 1242 3804 ligenterrerba
1256 3729 1328 3801 legis
1343 3737 1517 3797 scrutemur,
1534 3742 1682 3800 nusquam
1705 3728 1864 3786 lexnomen

118 3825 263 3876 terrenam
289 3816 411 3889 pertinet
435 3816 610 3887 felicitatem,
638 3821 895 3894 quampraecipue
920 3823 967 3880 de·
1021 3821 1148 3894 proximi
1165 3820 1222 3877 nisi
1248 3819 1284 3875 ad
1299 3819 1429 3876 homiues
1452 3818 1640 3890 eiuspopuli,
1662 3818 1689 3874 id
1705 3815 1864 3875 esttudaici

119 3907 294 3966 siderabant.
312 3908 345 3963 Et
361 3919 488 3979 quorum
514 3907 637 3979 quidem,
648 3907 744 3977 laude,
766 3910 966 3982 promissione,
1020 3910 1159 3974 extendit,
1174 3924 1228 3966 nec
1244 3922 1368 3980 usquam
1398 3907 1476 3978 apud
1490 3920 1542 3964 nos
1558 3907 1589 3964 in
1612 3915 1670 3964 tota
1688 3905 1752 3978 lege
1777 3903 1865 3976 Mopsi

118 4005 146 4056 et
174 4011 225 4070 spe
240 3996 376 4067 tamptius
391 3995 422 4052 in
438 4010 541 4054 eorum
556 3996 731 4054 desiderium
743 4000 965 4071 accendebatur,
1020 4000 1161 4073 seriptum
1191 3998 1345 4071 reperitur,
1379 3998 1477 4067 diliges
1503 3999 1673 4067 proximam,
1690 3996 1740 4052 sed
1769 3996 1865 4065 diliges

117 4085 248 4160 quamsi
272 4098 306 4142 ea
322 4085 444 4142 minime
458 4092 617 4156 sperarent,
643 4086 787 4144 reltania
815 4102 876 4145 esse
896 4088 968 4146 didi·
1020 4091 1138 4145 umbem
1157 4092 1231 4144 taam
1258 4088 1352 4158 (berit.
1368 4101 1435 4154 ιιι,
1463 4088 1513 4157 ts).
1535 4087 1616 4152 Quod
1639 4085 1759 4159 quidem
1773 4093 1801 4143 et
1815 4086 1866 4141 llo

119 4175 234 4233 cissent.
250 4175 397 4246 Aquibus
415 4175 495 4230 enim
509 4174 571 4232 ideo
595 4175 790 4246 desperamus,
810 4191 870 4235 non
887 4178 965 4235 muf-
1020 4179 1118 4237 minus
1144 4178 1204 4251 ipse
1236 4176 1388 4248 diiigenter
1409 4177 1568 4244 attendens,
1595 4175 1707 4233 cumei
1730 4174 1865 4231 mandata

121 4271 183 4334 tum
211 4270 262 4321 aut
273 4262 323 4320 diu
338 4276 439 4321 eorum
458 4263 635 4321 desiderium
649 4271 791 4323 tenemur.
810 4267 1003 4337 operatua-1)
1020 4268 1091 4340 legis
1110 4267 1192 4325 dives
1220 4267 1414 4336 interrogatus
1428 4266 1569 4323 ,recitaret
1583 4272 1612 4322 et
1640 4266 1774 4321 diceret:
1801 4264 1864 4319 ltili·

119 4359 167 4409 tau·
202 4355 234 4409 in
260 4354 387 4410 membris
409 4355 514 4410 nostris
532 4358 563 4409 ut
580 4356 781 4426 fructificarent
801 4360 894 4426 morti,
909 4358 966 4415 bec
1020 4374 1065 4428 ges
1084 4358 1242 4428 proeimam
1264 4360 1342 4410 tuam
1362 4357 1434 4410 sicut
1454 4357 1570 4425 teipsum
1599 4354 1707 4426 (matti.
1732 4367 1797 4422 ιιι,
1810 4351 1862 4425 ii),

117 4442 615 4514 ostdamnationismortalemnobis
629 4444 819 4516 acquirebant
839 4446 963 4514 exitum,
1021 4447 1187 4518 proximum
1217 4458 1267 4516 pro
1295 4444 1388 4501 amico
1402 4444 1447 4503 vel
1462 4444 1642 4501 benefactore
1670 4441 1737 4514 poni
1766 4456 1803 4501 ει
1819 4441 1865 4498 ad

117 4531 364 4606 Concupiscentia
401 4540 559 4603 operantur
599 4533 629 4590 in
661 4533 806 4602 membris,
847 4535 965 4605 quando
1017 4537 1119 4609 juncta
1141 4534 1278 4607 parabola
1315 4541 1449 4604 patenter
1467 4534 1640 4601 insinuavit,
1652 4532 1809 4589 ostendens
1830 4543 1865 4587 ει

117 4627 289 4694 conceptum
303 4629 397 4680 mente
407 4621 583 4679 desiderium
598 4637 649 4694 per
668 4622 786 4694 aliquod
801 4623 965 4682 membrum
1020 4626 1080 4696 ipso
1106 4624 1203 4682 divitis
1213 4623 1324 4695 judicio
1339 4637 1407 4681 eum
1432 4630 1546 4681 tantum
1570 4623 1621 4694 qui
1636 4620 1863 4678 misericordiam

116 4725 201 4784 opere
216 4711 383 4785 implemus,
399 4719 432 4768 ut
443 4725 493 4782 per
509 4710 650 4783 genitalia
665 4710 826 4778 libidinem,
842 4728 892 4785 per
902 4728 965 4773 ma·
1018 4714 1198 4785 impenderat
1212 4712 1254 4769 illi
1265 4713 1317 4784 qui
1339 4711 1477 4769 inciderat
1493 4712 1522 4768 in
1539 4712 1673 4780 latrones,
1699 4709 1865 4780 proximum

116 4801 298 4860 nusfurtum
309 4800 513 4872 autrapinam.
525 4799 965 4863 Nuncautemabsolutisumus
1018 4805 1081 4877 ejus
1092 4804 1246 4861 exstitisse.
1258 4801 1299 4859 Ac
1314 4815 1364 4872 per
1383 4801 1437 4858 bec
1454 4801 1639 4858 manifestum
1658 4807 1702 4856 est
1717 4813 1787 4857 cum
1798 4799 1866 4855 dile·

117 4891 154 4949 ab
167 4890 330 4949 obedientia
343 4890 394 4949 ifle
407 4889 489 4962 legis,
515 4904 581 4961 que
598 4904 650 4964 pro
669 4894 913 4964 remuneratione,
931 4901 964 4951 ut
1018 4894 1075 4951 ctio
1095 4892 1220 4964 proximi
1236 4892 1272 4949 ad
1286 4892 1413 4948 amicum
1429 4898 1543 4947 tantum
1559 4889 1720 4947 secundum
1740 4887 1865 4946 litteram

116 4979 228 5038 dictum
257 4989 310 5050 est,
350 4979 555 5052 temporalium
591 4980 821 5054 impendebatur.
856 4986 899 5040 fta
932 4987 965 5038 ut
1018 4983 1090 5056 legis
1117 4981 1360 5048 accommodetur,
1389 4993 1577 5052 nequaquam
1602 4986 1781 5050 praeoeptum
1797 4977 1866 5035 dile·

110 5070 174 5143 iam
189 5072 339 5127 εεεείεειιιε
360 5073 425 5140 Dec,
444 5077 539 5128 mente
553 5071 651 5143 potius
670 5085 759 5143 quarn
778 5086 863 5143 opere
877 5071 964 5142 spiri·
1018 5073 1127 5138 clionis,
1159 5071 1236 5144 quod
1259 5071 1289 5127 in
1312 5070 1375 5143 lege
1392 5078 1446 5137 est,
1475 5070 1633 5141 perfectum
1648 5083 1708 5125 asse
1739 5068 1865 5126 sicutest

115 5160 233 5218 tualiter
263 5159 327 5217 illas
342 5160 416 5234 legis
430 5160 542 5234 figuras
565 5161 659 5234 magis
674 5175 764 5234 quam
774 5161 962 5233 corporaliter
1018 5161 1180 5234 Evangelii,
1194 5161 1223 5218 in
1243 5175 1302 5233 quo
1331 5159 1516 5231 precipimur
1530 5168 1558 5216 ει
1573 5157 1704 5215 inimicos
1730 5157 1864 5231 diligere,

114 5247 413 5322 adimplentes.2sicut
431 5251 502 5312 alibi
526 5251 632 5310 dicitur
647 5267 655 5308 ι
672 5252 780 5309 Littera
797 5253 870 5308 erim
895 5251 963 5308 ocei-
1016 5259 1106 5322 atque
1126 5251 1168 5308 eis
1187 5263 1304 5323 quoque
1319 5249 1494 5316 benefacere,
1508 5255 1542 5307 ut
1555 5250 1646 5306 simus
1663 5247 1783 5318 perfecti
1812 5246 1866 5303 sie·

116 5335 170 5404 dit,
198 5340 314 5408 spiritus
343 5344 433 5396 eutem
458 5340 580 5413 vivificet
590 5341 629 5415 (11
654 5341 716 5399 der.
733 5356 775 5412 nr,
791 5341 831 5412 6).
854 5343 888 5397 tn
915 5357 962 5398 ae-
1016 5346 1049 5397 ut
1064 5339 1289 5408 Patercoelestis,
1316 5338 1368 5409 qui
1390 5337 1478 5394 solem
1499 5350 1587 5394 suum
1609 5336 1677 5394 lacit
1691 5336 1763 5394 oriri
1779 5348 1866 5406 super

114 5427 201 5483 ritate
224 5429 352 5500 spiritus,
371 5429 400 5488 id
427 5437 470 5488 est
495 5431 526 5487 in
549 5431 750 5504 spiritualibus
768 5430 919 5488 desideriis
932 5438 961 5489 et
1014 5428 1106 5486 bonos
1117 5435 1145 5486 ει
1170 5426 1261 5486 malos
1289 5427 1398 5498 (Metti.
1420 5439 1447 5492 v,
1476 5426 1520 5496 ti,
1539 5425 1597 5498 ter.
1634 5424 1717 5493 Quod
1744 5423 1866 5496 quidem

114 5513 318 5591 intelligentia,
341 5531 408 5592 que
439 5524 506 5576 ante
529 5532 589 5578 non
606 5529 700 5591 arant,
714 5528 743 5580 et
756 5534 816 5579 non
829 5521 861 5580 in
879 5527 961 5579 retu·
1014 5517 1076 5592 ipse
1103 5517 1255 5593 Apostolus
1268 5516 1430 5586 attendam,
1459 5530 1519 5576 non
1533 5515 1585 5583 ait,
1599 5515 1751 5585 qraidiligit
1769 5515 1867 5586 proei-
