3736 5962
111 343 209 411 Quem
225 341 354 415 primum
373 339 468 399 Dalila

112 417 208 472 Sacra
224 414 342 480 cesarie,
456 430 460 437 ·

111 486 309 544 Huncbostes
325 490 423 555 postca

111 558 278 615 Privarunt
291 555 413 612 lumine.

112 655 289 712 Exhaustus
306 653 430 723 viribus,

112 725 244 785 Orbatus
260 725 363 792 oculis,

114 798 200 854 hlolaa
212 797 244 853 lit
258 796 380 862 deditus,

114 868 231 925 Athleta
246 866 363 924 nobilis¹

154 939 280 996 Clausus
294 950 419 1005 carcere,

99 1009 299 1080 nulommquc
319 1008 431 1065 lumine

99 1095 146 1138 nm
162 1079 304 1209 privatus,
318 1080 402 1151 quasi
416 1076 540 1151 geminis

115 1165 167 1209 mo
179 1165 227 1208 am
260 1151 369 1209 sudans
407 1149 534 1207 tenebris
560 1161 610 1220 op·

423 1219 561 1294 [pressus.

156 1292 249 1349 Ludos
263 1293 385 1349 martios

98 1363 155 1424 *ius
170 1377 304 1421 exerrare
316 1363 423 1433 solitos,

155 1436 275 1508 Frangit
290 1443 382 1492 artus.

155 1506 230 1575 Quid
246 1513 287 1569 tu.
305 1505 421 1573 Dalida,

97 1576 121 1635 id
136 1579 173 1635 ad
187 1577 250 1635 haec
261 1578 341 1634 elicis
356 1574 466 1647 impla?

96 1650 122 1705 id
132 1647 236 1710 iecisti,
252 1662 388 1719 quaenam
403 1660 536 1716 munera,

96 1727 193 1778 'tanta
205 1719 258 1776 tibi
271 1720 377 1776 scelera
387 1717 556 1790 conquiris?

155 1791 243 1848 Nulla
258 1791 351 1863 gratia

95 1861 141 1920 ier
156 1862 242 1933 longa
258 1869 354 1918 manet
368 1868 497 1931 tempora

156 1933 308 1989 Proditori.

158 2001 338 2060 llosclbario

122 2073 179 2132 Vix
191 2082 332 2132 sustentat
344 2074 452 2143 edulio,

94 2146 286 2204 iumentorum
298 2145 377 2217 quod
391 2154 419 2203 et
430 2145 524 2202 durus

123 2216 216 2273 Labor
235 2217 315 2273 huuc
328 2224 355 2273 et
371 2215 506 2272 insolitus

94 2285 179 2347 Sumit
194 2300 289 2354 rarus,
305 2288 414 2343 crebris
430 2285 557 2344 stimulis

123 2355 258 2429 agitatus
271 2364 299 2413 et
310 2357 347 2415 ab
359 2356 470 2414 aemulis

162 2428 197 2485 Ut
208 2429 384 2498 iumentum.

142 2499 259 2556 lienatis
271 2499 331 2571 jam
351 2498 473 2568 viribus,

140 2570 290 2641 Reparatis
308 2571 434 2652 juribus,

142 2642 332 2698 Tremulentrs
352 2640 493 2710 hostibus,

141 2712 233 2770 Caesui
250 2712 408 2780 inducitur,

142 2784 177 2839 Ut
192 2792 282 2840 morte
305 2782 453 2840 doloribus

142 2854 242 2911 Finem
258 2862 346 2926 ponat
360 2852 504 2911 omnibus.

140 2951 247 3023 Ajocis
262 2951 298 3008 ad
313 2951 398 3021 scria,

124 3023 226 3080 Fertur
239 3038 320 3081 mens
337 3021 390 3079 diu
400 3020 523 3090 concita,

124 3094 195 3150 'Fam
209 3095 281 3151 laera
295 3108 384 3163 quam
404 3094 523 3151 dextera

142 3165 174 3221 lu
189 3164 332 3221 columnis
346 3163 494 3235 applicita,

142 3236 274 3292 Hostium
289 3242 317 3290 et
331 3236 448 3306 propria

142 3307 239 3363 lliscet
252 3305 334 3361 dolor
348 3305 462 3361 lunera.

159 3377 182 3435 0
197 3390 309 3446 semper
332 3375 453 3432 lortium

158 3447 285 3505 Ruinam
301 3447 470 3516 maximam,

160 3519 196 3576 Et
210 3518 240 3575 in
254 3517 380 3575 exitium

160 3589 290 3647 Creatam
306 3586 462 3645 leminami

160 3661 225 3718 llaec
237 3667 348 3732 patrem
362 3659 506 3728 omnium,

160 3732 270 3802 Dejecit
293 3731 434 3801 protinus,

160 3803 197 3859 Et
212 3802 311 3858 mortis
321 3801 469 3872 poculum,

159 3873 296 3943 Propinat
310 3872 460 3931 omnibus.

179 3944 270 4001 Dauid
285 3943 423 4010 sanctior,

126 4015 275 4074 Salomone
291 4013 459 4084 prudentior

179 4086 250 4152 Quis
264 4086 407 4156 putetur?

162 4157 221 4214 Aut
238 4157 305 4228 quis
321 4155 438 4225 ineptus

126 4228 217 4355 Μαςε
227 4228 361 4309 perhanc
374 4226 474 4285 latuus

205 4296 356 4368 aperituri

163 4368 233 4436 Quis
246 4381 282 4424 ex
298 4366 421 4424 lontibus

127 4439 206 4498 Sicut
220 4438 340 4496 Samson
356 4438 527 4496 fortissimus

197 4510 388 4568 Fuerratur?

197 4607 291 4665 Adam
311 4605 419 4676 nobile,

126 4679 237 4735 Divina
251 4679 362 4749 plasma
376 4679 502 4737 dexterae

161 4750 228 4808 llox
247 4750 307 4807 haec
320 4749 441 4820 stravit3

127 4820 219 4885 Quam
239 4821 270 4878 ln
286 4821 437 4892 proprium

89 4893 164 4950 Acce
201 4900 247 4949 rat
261 4893 418 4961 auxilinm,

189 4971 280 5021 ostem
295 4963 393 5021 sensit.

127 5033 172 5089 Ex
186 5037 258 5090 tunc
272 5035 380 5091 lemina

86 5102 221 5162 Virorum
242 5104 299 5162 tela
314 5105 444 5165 maxima

181 5173 356 5232 Fabricavit.

163 5245 266 5303 Sinum
292 5246 386 5316 aspidi

128 5315 179 5374 Vel
196 5317 257 5397 igni
269 5324 368 5388 pectus
381 5318 472 5391 aperi,

162 5388 301 5459 Quisquis
313 5387 401 5471 sapis,

180 5462 273 5528 Quam
287 5459 419 5521 lemineis

160 5530 200 5593 'Fe
213 5531 376 5594 committas
391 5530 543 5605 illecebris,

770 212 952 272 PLANCVUS
968 212 1080 272 vatin.

712 339 774 399 Nisi
789 339 873 396 malis
888 339 924 397 ad
935 340 1059 396 exitium

732 413 887 481 Properare
902 411 1095 468 certissimum

767 481 839 539 Cum
852 482 1005 553 predictis.

903 588 938 646 V.

643 701 783 746 emerus
805 695 893 745 olith
915 701 1002 744 SUPER
1025 699 1118 744 ABNRR
1146 700 1201 744 Ftur

736 774 791 818 NER
806 774 883 825 QUEM
898 772 964 815 tollit
978 772 1097 815 OGClDl'l'.

714 855 814 912 Abner
829 854 1006 923 fidelissime,

715 926 793 983 Bello
811 926 1020 994 strenuissime,

713 999 802 1054 Amor
817 1011 850 1054 ac
864 997 973 1054 delicia

714 1068 844 1126 Militaris
858 1069 967 1140 glorie,

715 1193 796 1262 Quod
816 1195 862 1251 vis
877 1209 935 1251 non
951 1194 1113 1266 prevaluit,

733 1265 822 1323 Dolus
837 1265 866 1321 iu
885 1272 912 1322 te
933 1268 1041 1349 potuit;

716 1340 769 1394 Per
785 1351 958 1421 quemperrs
969 1339 1097 1408 perditus

714 1409 1014 1481 mmmmmm.

679 1533 774 1593 qullis
788 1532 895 1605 dignus
910 1533 1037 1600 lletibus,

715 1605 792 1672 Quos
807 1612 875 1661 tuus
891 1606 939 1660 dat
954 1605 1090 1664 omnibus

716 1675 806 1733 Dolus
820 1675 1000 1732 execrabilis.

716 1747 806 1803 Casus
822 1747 996 1803 miserabilis

716 1818 797 1889 Cogit
811 1819 846 1874 ad
856 1818 1010 1875 continuas

714 1890 828 1945 Hostem
843 1903 962 1960 quoque
975 1890 1129 1961 iacrymas,

716 1958 911 2030 Dissolvitque
926 1960 1016 2031 pietas

716 2031 824 2088 Menios
838 2032 1050 2098 adamantinas,

646 2101 744 2159 llostis
758 2103 840 2173 regui
855 2102 924 2158 dum
940 2102 1021 2160 luisti
1035 2101 1205 2159 manilestus

646 2173 765 2245 Semper
787 2173 873 2229 claris
894 2180 922 2228 et
947 2175 1103 2316 triumphis
1128 2173 1204 2230 subii

1050 2252 1154 2302 matus.

682 2363 780 2425 blultis
794 2364 908 2422 damnis
922 2379 974 2422 uos
990 2366 1134 2423 mulctasti

699 2436 787 2494 Nulla
798 2449 900 2506 passus
914 2438 1002 2493 armis
1016 2445 1124 2507 potens,

753 2507 844 2563 &usu
859 2514 970 2576 potens,

755 2578 805 2633 Vir
819 2579 971 2649 perlectus

718 2647 831 2705 israelis
841 2648 920 2706 tortis
935 2662 1049 2715 murus,

718 2719 799 2775 Unde
814 2733 926 2775 mecum
943 2721 1086 2788 iuimicus,

718 2791 753 2847 Et
768 2788 878 2847 amicus
896 2805 960 2847 eras
975 2789 1126 2848 summusl

718 2913 845 2971 Tandem
864 2914 970 2971 nostris
992 2916 1095 2972 cedens
1119 2915 1204 2982 votis,

716 2983 1206 3059 lnhis[s.iuis]ioedus,etspepacls

716 3056 807 3113 Arma
821 3056 906 3126 ponis
919 3057 993 3113 male
1008 3065 1099 3123 tutus,

646 3127 722 3184 Dum
733 3127 895 3183 timendum
912 3127 963 3183 tibi
977 3128 1133 3199 credidisti,

645 3198 784 3255 Periculis
796 3199 910 3255 cunctis
921 3198 1085 3268 providisti.

646 3269 715 3325 Fide
728 3277 827 3326 nostra
843 3269 933 3325 fidens
945 3269 1089 3337 corruisti,

646 3339 710 3407 Qua
724 3340 759 3396 de
775 3339 878 3397 tuarir
889 3354 981 3396 verax
997 3340 1132 3413 pensasti,

681 3410 794 3466 Armati
808 3410 860 3482 qui
877 3411 991 3468 horruit

752 3485 861 3537 Nomen
876 3481 981 3546 Abnor,

719 3551 825 3607 inermi
842 3552 995 3620 prevaluit

753 3621 816 3679 Fihi
834 3623 939 3678 Abner.

646 3694 704 3753 Nec
719 3694 749 3750 iu
764 3693 813 3751 ria
834 3707 887 3750 con
911 3694 970 3749 redi
994 3702 1089 3750 tecum
1104 3707 1205 3762 ausus,

646 3766 747 3823 Portas
760 3763 844 3821 urbis
856 3709 958 3835 poffinit
981 3780 1032 3836 per
1047 3766 1100 3822 hoc
1113 3765 1206 3823 scelus

720 3860 822 3920 Milites
838 3861 957 3928 militia,

753 3934 861 3988 Ducem
883 3940 993 3988 tantum

719 4005 923 4074 lacrymantes
937 4004 1065 4075 plangite

754 4074 800 4130 Sic
815 4082 991 4144 prostratum
1003 4073 1009 4129 i

718 4144 866 4215 Principes
878 4145 999 4217 justitiae

755 4215 878 4272 Sumaut
900 4215 992 4272 zelum

720 4288 754 4344 ln
769 4295 827 4342 tam
837 4288 1028 4344 execrabilem

756 4357 983 4416 Vindicandum.

904 4456 950 4513 Vl.

649 4569 793 4615 PBANGTUS
827 4566 912 4612 DAVlD
947 4569 1034 4613 SUPER
1070 4568 1140 4614 satit
1173 4570 1208 4614 tir

849 4640 1002 4684 tonantiori.

719 4723 857 4781 Dolorum
873 4723 1019 4787 solatium,

720 4795 864 4852 Labornm
879 4796 1049 4865 remedium,

721 4866 792 4923 hlihi
807 4879 870 4923 mea
891 4866 1012 4932 cithara,

719 4937 805 4994 Nunc
824 4951 883 5008 quo
898 4937 990 5007 maior
1009 4936 1089 4996 dolor
1102 4943 1154 5007 est,

720 5008 888 5080 iustiorque
902 5021 1007 5065 irroeror
1025 5017 1067 5066 cst

721 5080 792 5137 Plus
805 5087 848 5136 cst
863 5081 1035 5136 necessaria.

722 5178 839 5259 Strages
854 5190 960 5249 magna
976 5177 1083 5303 populi,

721 5250 808 5321 Regis
823 5262 900 5304 mors
914 5256 941 5303 et
958 5248 974 5303 ir
989 5251 1020 5315 ir,

721 5320 851 5377 llostium
865 5319 996 5387 victoria,

721 5392 836 5449 Ducum
845 5389 992 5460 desolatio,

720 5461 806 5537 Vulgi
821 5462 992 5534 desperatio,

721 5532 813 5595 tuctu
828 5532 939 5607 replent
957 5534 1065 5595 omnia.

1305 335 1441 393 Amalech
1457 335 1583 394 invaluit

1305 408 1392 464 lsrael
1405 409 1474 463 dum
1490 408 1611 475 corruit,

1305 479 1431 535 lulidelis
1440 478 1553 548 'jubilat
1568 476 1710 536 philistea

1307 553 1382 608 [ium
1426 550 1558 606 lamentis
1592 556 1729 692 [macerat
1765 564 1796 609 sc

1622 635 1714 679 uaea.

1306 735 1429 794 insultat
1443 735 1577 792 lidelibus

1306 809 1432 864 lulidelis
1449 807 1594 877 populus·

1308 882 1341 935 ln
1362 881 1498 935 honorem
1515 880 1676 935 maximum

1342 950 1426 1007 Plebs
1441 950 1572 1017 adversa,

1306 1021 1342 1080 ln
1356 1023 1484 1077 derisum
1497 1021 1629 1078 omnium

1343 1092 1388 1149 Fit
1402 1093 1505 1149 divisa.

1308 1210 1400 1275 Quem
1421 1209 1549 1280 primum
1564 1208 1610 1264 his
1626 1205 1760 1278 prebuit,

1308 1283 1408 1341 Victus
1418 1295 1471 1337 rex
1480 1280 1616 1336 occubuit
1624 1297 1638 1361 Ι·

1306 1353 1384 1410 'Falis
1397 1359 1438 1409 est
1453 1352 1552 1408 electio
1568 1349 1688 1420 derisui,

1307 1424 1384 1482 'Falis
1400 1421 1574 1480 consecratio
1589 1421 1664 1479 vatis
1684 1418 1796 1494 magni.

1308 1546 1482 1604 insultantes
1496 1542 1653 1614 inquiunt:

1310 1638 1324 1671 e
1340 1620 1412 1674 Ecce
1431 1618 1465 1673 de
1478 1630 1536 1687 quo
1552 1614 1697 1685 garriunt,

1308 1690 1438 1758 Qualiter
1453 1688 1506 1744 bos
1520 1685 1646 1754 perdidit

1345 1762 1421 1817 licus
1432 1771 1576 1823 summus,

1309 1833 1384 1889 Dum
1400 1844 1417 1886 a
1432 1829 1530 1885 multis
1544 1825 1647 1882 oceidit

1327 1902 1468 1959 Dominus
1488 1904 1658 1971 prostratus.
1676 1915 1691 1946 »

1310 2018 1378 2076 Saul
1392 2031 1492 2085 regum
1504 2014 1656 2071 fortissime

1309 2091 1411 2149 Virtus
1427 2089 1535 2144 invicta
1549 2083 1689 2152 tonntha,

1311 2161 1367 2226 Qui
1381 2175 1431 2216 vos
1446 2159 1548 2228 nequit
1558 2157 1685 2223 vincere,

1310 2233 1472 2288 Permissus
1484 2236 1526 2285 est
1538 2226 1677 2283 occidere.

1310 2347 1397 2416 Quasi
1408 2360 1466 2402 uon
1475 2350 1548 2401 esset
1560 2341 1626 2424 oleo·

1309 2420 1500 2478 consecratus
1519 2415 1673 2493 dominico,

1311 2491 1440 2547 Scelesta
1455 2500 1560 2543 manus
1580 2483 1675 2555 gladio

1310 2562 1470 2633 iugulatur
1486 2559 1517 2614 in
1535 2556 1641 2627 praelio.

1310 2677 1380 2733 Plus
1394 2675 1482 2731 tratre
1497 2671 1568 2728 mihi
1579 2667 1715 2751 tonatha,

1311 2751 1345 2805 lu
1360 2761 1420 2803 uua
1440 2758 1553 2801 mecum
1568 2753 1675 2805 anima,

1311 2819 1381 2887 Quzc
1397 2823 1525 2888 peccata,
1541 2828 1608 2884 quae
1628 2810 1747 2879 scelera,

1312 2892 1414 2949 Nostra
1437 2887 1584 2945 sciderunt
1602 2877 1732 2939 viscerai

1311 3006 1452 3074 Expertes
1467 3008 1578 3057 montes
1587 2996 1703 3065 Gelboe,

1312 3078 1396 3133 lloris
1411 3074 1474 3130 sitis
1488 3079 1516 3128 et
1530 3070 1648 3150 pluviae,

1311 3148 1370 3205 Nec
1384 3159 1521 3216 agrorum
1540 3141 1677 3212 primitia

1311 3222 1417 3275 Vestrae
1431 3218 1608 3272 succurrunt
1624 3207 1734 3267 incolae.

1329 3334 1392 3402 Vae,
1407 3346 1450 3388 vec
1463 3330 1528 3400 tibi,
1542 3327 1657 3386 madida

1328 3404 1427 3462 'Fallus
1441 3401 1517 3458 caede
1532 3397 1625 3471 regial

1328 3476 1423 3544 Quare
1437 3482 1472 3539 te,
1490 3473 1529 3527 mi
1547 3469 1684 3535 lonatba,

1329 3548 1434 3605 Manus
1447 3543 1549 3601 stravit
1564 3539 1673 3611 impia?

1330 3662 1385 3720 Ubi
1400 3660 1530 3717 Christus
1544 3655 1669 3722 Domini,

1330 3734 1478 3803 israelque
1495 3729 1605 3800 inclyti,

1329 3805 1419 3862 blorte
1431 3800 1589 3859 miserabili

1332 3876 1405 3932 Suut
1415 3888 1482 3930 cum
1496 3874 1558 3930 suis
1574 3866 1695 3942 perditi?

1329 4000 1374 4056 'l'u
1388 3997 1460 4055 mibi
1479 4011 1567 4066 nunc,
1583 3995 1717 4062 tonatha,

1330 4071 1456 4128 Flendus
1474 4067 1682 4140 superomnia,

1330 4145 1408 4199 luter
1420 4148 1525 4198 cuncta
1540 4139 1648 4211 gaudia

1329 4215 1434 4283 Perpes
1449 4212 1502 4269 erit
1518 4211 1656 4281 lacryma.

1330 4329 1476 4393 Planctus,
1494 4326 1561 4383 Sion
1578 4324 1656 4393 lilim,

1331 4400 1423 4470 Super
1433 4396 1624 4463 Saulsumite‚

1332 4472 1426 4541 Largo
1441 4472 1526 4540 cujus
1540 4479 1661 4524 munero

1332 4542 1389 4600 Vos
1398 4541 1542 4598 ornabant
1559 4549 1706 4610 purpurae.

1332 4659 1413 4714 Heni
1431 4669 1485 4712 cur
1499 4655 1618 4712 consilio

1330 4728 1474 4799 Acquievi
1487 4726 1620 4797 pessimo,

1333 4802 1369 4858 Ut
1384 4799 1435 4856 tibi
1452 4798 1586 4869 prasidio

1332 4873 1394 4929 Nou
1408 4884 1498 4927 essem
1515 4868 1545 4924 in
1556 4866 1679 4940 praelioi

1332 4987 1384 5045 Vel
1400 4986 1549 5042 coniossus
1568 4983 1676 5055 paritor

1332 5056 1592 5121 blorirerlellciter,

1333 5129 1440 5197 Quum,
1455 5127 1533 5198 quod
1548 5139 1630 5183 arnor
1643 5124 1741 5191 iaciat,

1332 5201 1425 5271 hlajus
1440 5200 1494 5256 hoc
1508 5213 1566 5255 uon
1581 5197 1695 5254 habeat.

1332 5317 1368 5373 Et
1381 5330 1426 5372 ruo
1445 5321 1507 5386 post
1524 5321 1549 5370 te
1563 5313 1662 5371 vivore

1333 5388 1406 5445 hlori
1419 5388 1457 5444 sit
1471 5384 1597 5453 assidue,

1331 5461 1387 5517 Nec
1400 5460 1438 5516 ad
1453 5457 1543 5515 vitam
1561 5456 1660 5517 anima

1331 5531 1406 5591 Satis
1414 5537 1457 5590 est
1471 5528 1601 5588 dimidia.
