3804 5962
473 212 708 273 nunnonucmo
727 215 776 272 an
792 214 1030 274 annotantem.
1048 247 1082 260 -
1097 202 1162 274 ma'.
1185 217 1208 274 1.
1665 223 1717 279 aas

79 376 82 389 .
109 346 172 401 xrs,
195 333 292 404 capt
315 333 504 392 describens:
525 337 586 406 liei,
612 337 717 409 inquit,
748 341 812 395 ante
826 337 850 392 Δ
865 337 990 410 Spiritus
1005 345 1127 398 sanctus.
1155 339 1233 398 idem
1249 339 1280 399 iu
1299 352 1365 400 xv:
1386 341 1488 400 Multis
1509 343 1641 416 coemptis
1662 344 1717 402 dici

97 438 186 491 muru,
217 424 316 478 locutio
341 426 386 479 sui
408 427 497 496 ipsius
510 429 581 492 sacti
603 432 642 483 est
664 429 814 483 incommu·
867 434 985 499 possunt
1009 430 1160 486 multorum
1182 446 1274 487 rerum
1304 429 1436 489 uocabula
1467 437 1494 490 et
1524 435 1720 490 uniuersaliter

79 498 166 583 ratio,
184 528 314 585 quaenon
338 514 530 571 raucisonam
553 522 715 588 strepentem
734 523 817 588 atquc
867 520 978 589 puniet
993 522 1103 591 proprie
1122 521 1287 590 quibusdam
1305 522 1386 578 relus
1411 522 1545 581 adltileri.
1575 525 1634 581 lios
1656 524 1718 580 ideo

78 609 162 670 ntem,
185 603 235 660 sed
256 607 312 660 aim
333 609 496 676 sempiterne
518 613 677 674 manentem,
704 612 730 664 et
750 612 815 663 tem·
870 607 943 677 diui,
960 624 994 666 ne
1013 611 1159 683 pruisquam
1181 616 1327 684 propterea
1347 627 1397 669 nos
1419 615 1639 671 inconvenienter
1659 616 1716 671 ear·-

79 698 280 766 roperuntem.
870 699 963 755 stimet
987 699 1150 757 claritatem
1171 702 1312 772 appellare
1335 701 1471 773 Spiritum
1489 709 1625 770 sunctum,
1651 704 1719 774 guia

357 784 421 841 llll.
870 793 895 843 et
908 790 979 845 Deus
1000 788 1097 860 Pater,
1125 795 1153 847 et
1168 792 1240 847 urus
1260 791 1359 855 Filius,
1381 797 1499 863 possunt
1522 792 1646 848 claritas
1665 776 1716 865 op·

79 874 249 933 tadmodum
278 887 346 932 vero
375 889 441 946 guae
471 874 507 932 ad
538 876 695 948 potentiam
728 878 815 949 perti·
866 877 980 949 pellaei.

79 963 138 1034 atri,
153 963 270 1037 quaead
293 962 465 1035 sapientiam
491 965 562 1021 Filio
579 965 742 1036 specialiter
765 966 815 1024 tri·
906 967 1023 1026 Clarum
1049 968 1157 1042 itaque,
1179 982 1217 1027 ex
1242 969 1459 1042 suprafpositis
1487 970 1613 1028 arbitror
1640 969 1719 1029 testi·

79 1067 108 1120 tr,
137 1054 178 1110 ita
198 1066 265 1125 quaa
295 1053 332 1110 ad
359 1053 555 1124 operationem
578 1053 685 1111 divinae
713 1056 815 1127 gratia
869 1057 985 1127 moniis,
1000 1057 1143 1130 divinam,
1166 1065 1200 1116 ut
1224 1058 1364 1129 diximus,
1394 1058 1554 1132 potentiam
1579 1059 1720 1119 voeabula

80 1149 89 1199 t
116 1156 150 1200 aa
177 1144 284 1200 divinae
307 1141 456 1200 charitatis
493 1142 663 1213 bonitatem,
694 1144 815 1217 Spiritui
870 1146 965 1205 Patris
978 1147 1115 1220 exprimi,
1131 1147 1260 1206 ditinum
1276 1148 1445 1220 sapientiam
1460 1148 1567 1207 Filium
1584 1148 1718 1223 intelligi,

85 1232 285 1300 ascribuntur,
312 1232 388 1290 siout
410 1239 453 1289 est
473 1231 602 1290 remissio
618 1241 813 1305 peccatorum,
869 1237 1025 1294 redivina
1047 1237 1148 1310 gratim
1170 1237 1329 1296 bonitatem
1350 1237 1491 1310 Spiritum
1516 1246 1649 1297 sanctum
1671 1252 1719 1312 ap-

79 1335 255 1393 umeunque
275 1322 416 1379 donorum
434 1321 611 1392 distributio,
633 1335 669 1380 ea
690 1322 752 1380 sola
766 1323 814 1381 bo·
870 1325 982 1398 pellari.
1012 1324 1079 1384 'l'ale
1100 1327 1200 1399 itaque
1219 1334 1261 1385 est
1285 1327 1380 1385 dicere
1400 1328 1515 1386 Domini
1539 1334 1718 1400 potestatem,

79 1410 141 1483 tius,
159 1425 215 1468 non
230 1425 299 1469 vero
314 1425 351 1469 ex
375 1411 487 1469 meritis
508 1411 614 1469 nostris
632 1413 813 1483 proveniens,
869 1429 904 1472 ao
925 1413 950 1471 sl
975 1413 1107 1473 dicamus
1134 1416 1264 1474 divinam
1290 1417 1459 1489 potentiam,
1477 1431 1513 1476 ex
1536 1431 1597 1490 qua
1620 1417 1722 1476 divina

79 1506 121 1557 est
150 1500 329 1573 regeneratio
357 1500 386 1556 in
411 1499 554 1572 baptismo
579 1499 616 1556 ad
645 1499 815 1559 dimittenda
870 1503 970 1577 genita
986 1510 1029 1562 est
1056 1505 1209 1577 sapientia.
1234 1506 1359 1563 'l'aleest
1382 1507 1476 1565 dicere
1500 1507 1590 1565 ileum
1616 1502 1720 1564 Filium

79 1608 99 1658 t3
114 1589 294 1647 confirmatio
316 1603 368 1660 per
391 1588 601 1661 impositionem
622 1602 728 1647 manus
751 1590 815 1663 epi·
870 1593 954 1666 quasi
970 1594 1132 1653 diceremus
1147 1596 1277 1653 divinam
1296 1596 1469 1668 sapientiam
1491 1609 1528 1654 ex
1547 1595 1649 1653 diviua
1672 1609 1719 1669 ge·

81 1678 119 1736 ad
146 1678 275 1736 dandam
304 1686 484 1736 armaturam
521 1678 676 1748 virtutum,
705 1678 815 1752 quibus
830 1698 853 1755 g
869 1685 959 1741 nitam
976 1684 1111 1756 potentia.
1137 1684 1276 1758 Spiritum
1299 1698 1368 1743 tero
1393 1693 1526 1744 sanetum
1550 1699 1618 1743 eum
1646 1684 1722 1742 diol-

105 1769 265 1827 rtrtntibus
293 1776 356 1841 post
398 1767 596 1826 remissionem
629 1776 813 1841 peceatmum
873 1773 1020 1845 mns,tale
1043 1782 1085 1832 est
1109 1788 1144 1832 aa
1166 1774 1190 1832 si
1218 1788 1477 1833 commemoremus
1502 1774 1609 1832 divinas
1634 1771 1720 1831 boni-

79 1871 129 1915 am
158 1858 289 1915 resistam
318 1856 468 1916 valeamus
495 1857 612 1915 inimico
632 1866 703 1916 tnnc
731 1859 816 1916 veda-
870 1861 939 1918 tatis
959 1861 1130 1920 charitatem
1154 1876 1191 1920 er
1217 1866 1302 1920 Patre
1328 1871 1355 1921 et
1380 1863 1451 1921 Filio
1480 1863 1589 1934 pariter
1624 1874 1722 1934 proce·

79 1961 91 2004 a
115 1947 288 2021 insurgenti.
302 1948 350 2005 Sic
371 1955 398 2005 et
413 1956 516 2005 caetera
539 1955 722 2005 sacramenta
749 1939 817 2021 qun
870 1950 994 2008 dentem.
1018 1951 1133 2009 Modum
1156 1966 1225 2010 vero
1248 1952 1338 2025 huius
1364 1950 1561 2026 generationis
1584 1965 1634 2009 seu
1655 1962 1719 2024 pro·

78 2035 148 2095 lesia
171 2036 378 2106 coniciuntur,
404 2051 441 2094 ex
471 2037 598 2094 bonitate
622 2037 671 2096 Dei
699 2037 816 2109 spiutni
870 2040 1017 2110 cessionis,
1046 2048 1133 2112 prout
1156 2041 1297 2100 Dominus
1322 2040 1443 2107 dederit,
1473 2042 1503 2097 iu
1532 2040 1722 2113 sequentibus

79 2126 314 2196 desonantes
333 2127 388 2184 lroc
407 2135 538 2199 patenter
557 2128 700 2185 innuatur
721 2126 815 2198 ipsum
870 2141 1058 2200 exponemus.
1083 2129 1167 2189 Nunc
1191 2139 1288 2188 autem
1312 2130 1349 2187 ad
1369 2138 1475 2187 nostru
1499 2129 1566 2186 fidei
1590 2130 1721 2185 assertio·

98 2216 236 2275 honitatis
263 2216 412 2287 adactum,
453 2225 542 2289 atque
570 2216 676 2272 divina
717 2217 817 2290 gratiae
869 2230 936 2274 nem
952 2217 1092 2275 adversus
1112 2217 1264 2276 universos
1288 2217 1459 2277 Christiana
1482 2216 1548 2274 lidei
1570 2215 1721 2287 derisores,

79 2321 148 2365 ,uem
171 2306 296 2378 Spiritus
319 2306 412 2365 saneti
427 2306 571 2364 vocabulo
590 2305 725 2377 exprimi.
751 2306 815 2378 Spi-
868 2307 928 2361 tam
950 2304 1066 2363 iudeus
1079 2305 1187 2364 seilicet
1212 2320 1302 2379 quam
1322 2306 1454 2379 gentiles,
1474 2318 1511 2363 ex
1537 2303 1651 2376 scriptis
1673 2318 1719 2361 eo-

79 2397 159 2468 nippe
186 2396 245 2454 oris
274 2397 375 2467 nostri,
405 2396 435 2453 id
458 2403 500 2453 est
530 2395 660 2453 anhelitu
690 2396 815 2453 maxima
870 2407 937 2451 rum
958 2393 1122 2453 testimonia
1144 2394 1281 2454 iuducere
1300 2394 1379 2464 libet,
1397 2394 1509 2467 quihus
1530 2393 1607 2451 bauo
1626 2391 1719 2450 'l’rinl-

79 2485 198 2542 sanimi
228 2485 379 2556 patefiunt,
409 2499 477 2543 oum
514 2484 646 2542 videlicet
680 2491 731 2543 aut
756 2498 816 2557 prae
869 2484 936 2540 tatis
958 2483 1171 2543 distinctionem
1204 2485 1340 2543 omuibus
1365 2484 1569 2541 annuntiatam
1590 2495 1652 2540 esse
1675 2482 1720 2538 in·

88 2575 280 2647 suspiramus,
310 2582 361 2633 aut
399 2589 458 2646 prae
493 2573 601 2632 laboris
626 2582 678 2633 ant
709 2574 816 2632 doloris
870 2571 1010 2644 telligant,
1028 2587 1116 2646 quam
1132 2573 1250 2646 quidem
1265 2573 1366 2630 divina
1380 2572 1530 2645 inspiratio
1549 2579 1577 2629 et
1592 2585 1644 2645 par
1656 2584 1721 2643 pro·

79 2663 101 2721 lt
124 2665 278 2736 gemimus.
296 2663 378 2721 Unde
397 2663 427 2720 in
443 2664 497 2721 hoe
517 2663 579 2720 loeo
601 2662 724 2735 Spiritus
747 2676 814 2720 san·
869 2662 1099 2731 phetasiudaeis,
1115 2669 1142 2719 et
1161 2675 1213 2733 per
1236 2661 1421 2733 philosophos
1442 2660 1577 2734 gentibus
1601 2660 1720 2733 dignata

79 2767 93 2810 u
117 2751 222 2810 adeotu
243 2752 315 2809 bene
341 2751 468 2824 ponitur,
488 2752 576 2824 juxta
604 2750 676 2808 illud
695 2751 814 2823 Sapien-
870 2756 912 2806 est
926 2748 1065 2818 revelare,
1082 2757 1116 2806 ut
1135 2750 1492 2823 utrumquepopulnmad
1506 2750 1619 2807 uultum
1631 2749 1720 2806 unius

79 2845 199 2912 tenipnus
220 2848 260 2898 est
289 2843 405 2913 spiritus
436 2843 589 2912 sapientie,
617 2849 671 2899 ete.
697 2840 777 2913 (sup.
793 2857 813 2911 r,
870 2838 920 2895 Del
939 2838 1002 2910 ipsa
1016 2838 1124 2895 summi
1148 2837 1216 2896 boni
1239 2839 1374 2910 perteetio
1398 2839 1499 2910 agnita
1521 2837 1666 2906 invitaret,
1681 2850 1718 2894 ex

81 2947 118 2990 ue
140 2931 211 2990 illud
232 2932 389 2989 Psalmlstae
405 2948 411 2988 :
429 2933 551 3002 spiritns
577 2936 640 2986 tuus
661 2931 745 2987 banus
767 2932 813 2987 de·
831 2942 928 3006 equo
943 2926 1051 2997 omnia,
1067 2941 1119 2999 per
1134 2941 1222 2999 quern
1236 2928 1344 2996 omnia,
1370 2928 1399 2984 ln
1419 2941 1477 3000 quo
1501 2926 1610 2995 omnia,
1628 2934 1656 2984 ει
1676 2927 1717 2986 ta·

79 3037 110 3078 ne
127 3024 157 3078 in
175 3027 277 3078 terram
300 3027 412 3090 rectam,
442 3029 497 3078 etc.
528 3021 614 3091 (Psoi.
641 3034 729 3089 exunt,
757 3020 811 3094 to.)
868 3016 953 3073 allius
967 3016 1029 3074 ltaec
1053 3016 1122 3075 lldes
1145 3016 1294 3075 Trinitatis
1320 3025 1447 3088 tempore
1470 3017 1571 3089 gratiae
1592 3016 1719 3088 suscipe—

79 3119 103 3170 nt
128 3111 291 3183 Apostolus,
316 3115 386 3168 Deus
410 3110 532 3167 elautus
560 3115 614 3178 est;
645 3110 716 3182 quia
743 3118 813 3168 teste
868 3114 949 3164 retur
977 3106 1014 3163 ab
1039 3115 1165 3178 utroque
1187 3105 1304 3178 populo,
1334 3119 1402 3164 aum
1425 3119 1489 3163 sam
1514 3118 1532 3162 a
1553 3104 1717 3164 dmtorinns

79 3201 111 3271 lo,
146 3201 268 3273 Spiritus
293 3202 352 3273 ipse
387 3215 469 3259 amor
493 3208 545 3259 est.
575 3202 616 3258 ue
637 3214 697 3272 quo
725 3201 812 3258 etiam
868 3208 986 3269 quoque
998 3194 1129 3269 antiquis
1139 3195 1270 3253 viderent
1284 3208 1346 3254 esso
1360 3195 1508 3255 traditam.

82 3291 149 3349 inus
185 3291 216 3348 in
254 3291 349 3363 primo
387 3305 475 3361 snper
508 3290 650 3357 Genesim,
681 3304 714 3349 eo
752 3288 813 3365 loco
1250 3285 1328 3343 xiil.

79 3379 216 3451 scriptum
252 3387 295 3437 est
326 3395 332 3436 :
371 3379 494 3450 spiritus
537 3380 679 3448 tuebatur
728 3394 814 3451 super
903 3373 1037 3434 Primum
1053 3376 1115 3447 ipsa
1140 3374 1210 3449 legis
1230 3375 1352 3434 exordia
1376 3383 1543 3444 occurrant,
1563 3374 1613 3434 ulti
1634 3372 1717 3449 legla-

93 3469 134 3527 ita
160 3470 313 3527 meminit:
341 3473 450 3540 Epenus
473 3476 557 3543 atque
587 3470 715 3539 indigens
738 3485 814 3525 amor
867 3463 943 3522 lator
970 3465 1078 3536 itopses
1099 3465 1183 3522 fldem
1211 3463 1388 3523 catholicam
1416 3464 1451 3523 de
1475 3465 1586 3524 unitate
1611 3466 1721 3539 pariter

79 3561 139 3629 ipit,
168 3564 200 3615 ut
220 3560 301 3616 rebus
328 3576 397 3628 quas
419 3561 513 3631 diligit
538 3560 716 3629 subjiciatur.
746 3562 812 3616 Pro·
868 3561 896 3611 ot
910 3552 1049 3612 Triultate
1068 3562 1208 3626 tanquam
1223 3555 1356 3612 omnium
1381 3555 1522 3613 bonorum
1546 3553 1721 3613 fundamen·

79 3663 141 3705 cum
171 3654 368 3705 memoraretur
401 3650 523 3720 Spiritus
552 3652 661 3706 domim
693 3653 724 3705 in
761 3664 813 3720 quo
867 3650 931 3702 tum
963 3641 1120 3715 auteponit.
1156 3643 1230 3701 Cum
1256 3643 1334 3701 enlm
1368 3643 1494 3701 dicitur:
1522 3644 1557 3700 ln
1579 3645 1719 3717 principio

79 3740 135 3811 eius
159 3739 341 3797 benevolentia
369 3740 533 3812 dilectioque
558 3741 740 3809 intellipatur,
766 3755 811 3796 su·
868 3735 971 3789 creauit
999 3735 1067 3788 Deus
1090 3733 1185 3789 culum
1204 3737 1230 3788 et
1256 3737 1368 3790 terram.
1394 3734 1448 3790 Pro
1474 3747 1507 3791 eo
1523 3732 1614 3807 'quod
1641 3735 1720 3808 apud

79 3829 188 3887 idictus
218 3834 270 3898 est,
298 3845 332 3885 ne
354 3830 483 3898 facundo
505 3845 588 3901 opera
607 3845 659 3885 sun
683 3844 734 3901 per
748 3828 812 3885 dili·
868 3837 921 3881 uos
951 3821 1060 3878 dieitur
1081 3822 1167 3892 Deus,
1194 3821 1335 3881 liebralua
1358 3824 1466 3881 veritas
1494 3822 1591 3892 habet,
1619 3826 1717 3895 Eloim,

80 3922 278 3987 necessitatene,
302 3920 395 3988 potius
427 3934 510 3985 quom
537 3934 587 3989 per
614 3917 814 3973 abundantiam
869 3911 948 3985 quod
975 3917 1019 3970 est
1045 3910 1159 3982 plurale
1192 3911 1281 3985 uiuus
1308 3911 1475 3985 singularis,
1507 3913 1586 3984 quod
1613 3921 1655 3971 ost
1673 3914 1717 3971 ut.

79 4010 145 4065 ntia
174 4012 242 4064 Deus
267 4022 360 4064 amare
380 4013 504 4078 putetur.
535 4008 612 4064 ldent
638 4008 667 4064 iu
686 4020 748 4075 xiv,
775 4008 813 4064 lle
868 4002 1047 4075 Ouaruergo
1068 4015 1126 4059 uon
1149 3999 1260 4059 dietum
1280 4003 1379 4070 ostdl,
1403 4001 1482 4075 quod
1506 4010 1549 4060 osi
1565 4003 1651 4072 Deus,
1669 4003 1718 4062 sod

82 4100 230 4169 :lienique
243 4099 269 4154 si
290 4099 319 4152 in
338 4098 415 4153 nobis
441 4099 492 4152 liei
506 4098 549 4153 nit
576 4101 617 4153 est
633 4096 727 4168 majus
750 4095 814 4152 eira-
868 4094 967 4162 Elaion,
991 4091 1070 4164 qnod
1096 4090 1175 4163 apud
1197 4090 1330 4148 Hebraeos
1353 4091 1395 4146 dii
1410 4090 1473 4150 sire
1492 4091 1602 4163 judiees
1631 4092 1717 4152 inter·

79 4188 220 4243 etnuttum
238 4191 279 4243 est
301 4187 394 4257 annius
421 4185 524 4242 donum
550 4189 599 4241 liei
619 4201 701 4256 quam
724 4185 812 4257 spiri·
869 4189 1011 4255 pretatur,
1026 4180 1081 4237 nisi
1099 4180 1154 4238 lroc
1180 4181 1217 4238 ad
1236 4180 1452 4239 multitudinem
1468 4196 1657 4255 personarum
1671 4196 1719 4241 aa·

79 4282 153 4346 otus3
180 4277 249 4348 quid
267 4280 476 4349 consequentius
502 4292 584 4343 mam
604 4276 679 4346 guod
696 4278 755 4346 ipse
777 4277 814 4331 sit
868 4271 1076 4338 commodetur,
1100 4274 1134 4328 ul
1156 4269 1290 4328 videlieet
1308 4284 1341 4328 eo
1362 4270 1446 4328 modo
1469 4270 1635 4332 iusluuetur
1654 4273 1716 4347 plu·

79 4381 162 4437 epure
186 4366 289 4422 dieitur
315 4369 382 4422 oeus
404 4371 430 4421 et
445 4381 480 4420 eu
497 4363 570 4420 lieoi
591 4364 668 4431 Quod
682 4368 708 4421 si
725 4364 813 4421 elari-
869 4360 970 4419 ralitas
985 4360 1014 4417 in
1041 4359 1109 4430 lieo,
1137 4359 1282 4431 quomodo
1309 4366 1338 4417 et
1362 4359 1502 4430 Trinitas3
1534 4370 1562 4420 et
1576 4363 1718 4436 quodam·

79 4471 92 4512 a
117 4455 212 4525 diligit
239 4459 322 4512 Pater
341 4456 454 4524 Filium,
478 4458 504 4510 et
527 4455 636 4510 Patrem
661 4454 755 4525 diligit
770 4456 813 4511 lii·
869 4449 955 4508 modo
978 4448 1131 4521 multiplex
1154 4447 1270 4505 dicatur
1290 4449 1368 4506 Deus
1390 4449 1536 4522 quomodo
1553 4459 1582 4509 et
1611 4452 1717 4525 trinus,

79 4544 212 4617 ffadilater
236 4547 449 4600 communionem
469 4544 611 4600 amborum
635 4544 814 4613 demonstrat,
869 4552 928 4597 lton
942 4539 1104 4597 seeundum
1134 4538 1293 4610 quamdam
1323 4536 1494 4597 substantiae
1511 4539 1717 4611 diversitatum,

79 4636 255 4691 moeniantius
278 4650 359 4701 quam
373 4639 405 4690 ut
418 4634 465 4690 ilie
487 4635 599 4706 proprie
620 4633 731 4690 dicatur
753 4634 816 4690 cna·
869 4628 917 4687 sed
933 4627 1093 4687 meandum
1111 4641 1300 4700 personarum
1318 4627 1524 4700 proprietates?
1535 4628 1571 4688 Ut
1586 4629 1719 4690 videlieet

79 4739 119 4782 ua
144 4725 260 4795 spiritns
292 4728 333 4779 est
360 4726 508 4780 communis
538 4721 703 4779 animum?
737 4722 814 4780 idem
869 4717 926 4776 talo
941 4717 979 4775 sit
993 4715 1072 4790 qnod
1087 4717 1196 4775 dictum
1216 4723 1260 4774 est
1280 4717 1380 4786 dicim,
1399 4730 1434 4775 ao
1447 4717 1472 4776 si
1489 4718 1643 4790 diceretur,
1659 4732 1717 4779 nan

85 4813 135 4871 lib.
159 4828 204 4869 v:
233 4813 356 4884 Spiritus
379 4818 490 4869 sanctus
513 4813 663 4870 seeundum
690 4813 721 4869 id
743 4812 817 4880 quod
869 4820 916 4865 res
930 4806 1039 4878 multa,
1054 4806 1102 4864 sed
1119 4820 1248 4878 personae
1262 4807 1372 4874 multae,
1387 4821 1516 4880 quarum
1531 4822 1717 4882 unaquaque

89 4907 139 4972 est,
161 4907 228 4975 guia
255 4906 326 4959 Deus
357 4905 474 4973 spiritus
497 4908 559 4968 est,·
585 4906 675 4973 potest
707 4902 816 4973 quidem
869 4897 1005 4966 sltDous,
1022 4896 1152 4969 alloquin
1167 4896 1265 4969 piures
1290 4897 1377 4955 etiam
1397 4898 1525 4956 dicerent
1546 4899 1625 4969 deut,
1649 4912 1718 4958 oum

79 4992 157 5050 aliter
182 4992 247 5058 diei,
273 4995 340 5064 quia
366 4998 392 5048 et
410 4994 493 5048 Pater
515 4992 648 5062 spiritus,
673 4996 699 5047 et
726 4992 816 5048 Filius
868 5001 949 5047 uuus
963 4987 999 5045 sit
1014 4986 1252 5045 tantumttamet
1263 4987 1368 5045 ibidem
1383 4988 1420 5044 de
1430 4989 1540 5046 unitate
1550 4988 1718 5047 substantie

82 5117 90 5147 ,
113 5081 141 5132 et
166 5078 247 5133 Pater
270 5082 432 5146 sanctuari
446 5078 537 5134 Filius
557 5085 680 5134 sanetus.
696 5078 732 5135 lit
752 5086 816 5148 post
869 5076 1095 5136 demonstranda
1109 5086 1193 5135 eante
1208 5079 1360 5151 provisum
1374 5086 1426 5148 es',
1443 5077 1628 5136 cumdinitur
1640 5079 1718 5136 orea-

107 5166 231 5239 Spiritus
263 5173 375 5224 sanctus
416 5167 541 5240 quadam
570 5169 661 5224 Patris
696 5166 816 5235 Filiipue
868 5169 919 5237 uit,
936 5180 995 5225 non
1009 5174 1193 5238 creaverunt,
1208 5175 1322 5227 servata
1337 5167 1671 5241 singularitatenumeri
1686 5168 1717 5226 lu

79 5259 116 5314 tio
140 5262 190 5323 eat,
207 5261 233 5314 et
258 5258 318 5316 ideo
341 5259 464 5327 sortasse
489 5261 529 5314 sie
556 5258 723 5329 appellatur,
745 5258 815 5329 guia
868 5257 958 5317 verbo
973 5256 1134 5316 seeundum
1150 5256 1289 5316 unitatem
1308 5256 1479 5316 substantiae
1489 5269 1541 5329 per
1553 5257 1718 5332 subiectum

79 5347 174 5404 tutto
187 5351 276 5419 potest
303 5347 397 5404 eaden
427 5347 577 5420 appellatio
592 5348 756 5417 ,conuenire
780 5348 815 5405 ue
869 5360 974 5406 nomen
990 5345 1342 5420 intelligentiae,quamris
1354 5345 1462 5405 scilieet
1477 5345 1554 5405 istud
1565 5360 1718 5406 nonense

79 5436 213 5494 momine
248 5436 323 5509 quad
341 5439 486 5510 ,utrisque
518 5438 652 5507 conuenit,
688 5439 816 5509 utrisque
869 5435 1000 5497 eundum
1016 5434 1140 5497 turmam
1154 5434 1234 5496 vocis
1253 5442 1282 5495 et
1295 5435 1529 5512 terminationem
1549 5434 1716 5497 deollnatlo·

79 5526 118 5586 rio
159 5527 341 5600 ominatur,
376 5530 492 5587 uantur
530 5526 632 5588 donum
671 5526 815 5588 amimam
868 5525 967 5590 ausit
980 5524 1103 5602 pluralis
1119 5523 1245 5601 numeri,
1261 5522 1336 5588 alam
1357 5522 1532 5590 eoonuatio
1554 5526 1623 5590 tum
1642 5524 1718 5588 dioi-
