3804 5962
1888 50 1893 105 l

127 177 195 233 imi
392 172 496 234 ruint
515 177 701 234 ABAELARDI
719 177 797 235 OPP.
819 179 908 237 edes
926 180 976 236 ill.
988 206 1026 224 -
1037 181 1258 241 recolentes
1275 179 1320 238 ΕΤ
1339 179 1600 241 rffltdsoenlol.
1695 204 1699 212 ·
1809 184 1871 242 1086

123 308 242 366 modum
267 310 420 384 diligenter
443 310 606 382 distinguit,
633 323 700 367 cum
724 324 792 368 enm
815 311 970 382 procedere
983 308 1009 364 A
1023 310 1154 368 cundum
1178 310 1277 369 eliecta
1296 311 1420 369 exstitit:
1448 309 1523 368 unde
1546 318 1573 366 et
1602 309 1675 367 hene
1693 305 1869 381 evangelista

124 398 265 470 perhibet,
283 407 340 456 tam
354 399 515 457 secundum
536 399 591 457 hoc
605 399 685 471 qnod
708 398 804 469 detur,
820 413 909 471 quam
924 413 971 455 se·
1025 400 1149 459 loannes
1164 401 1200 457 ab
1219 401 1376 461 eternitate
1396 400 1446 457 nei
1474 400 1624 467 inchoans,
1649 412 1719 455 cum
1745 397 1866 457 Verbum
1891 404 1901 431 -’

123 488 252 544 cundum
268 489 321 545 hoe
337 489 413 558 quod
429 487 533 545 dabilis
546 495 597 545 est.
618 489 697 546 Unde
712 488 764 546 lib.
782 488 851 545 rlle
869 489 969 546 irin:
1025 491 1100 560 apud
1123 491 1213 547 Deum
1235 490 1407 554 eternaliter,
1426 488 1586 546 ostenderet
1605 488 1724 545 dicens:
1740 488 1776 544 in
1794 487 1866 558 prir-

125 579 192 636 Gum
216 577 254 633 ad
273 583 473 648 processionem
494 578 615 648 Spiritus
634 579 812 649 pervenisset,
836 578 886 646 ait,
906 593 971 648 pro·
1026 582 1097 649 cipio
1121 584 1180 635 erat
1204 581 1332 644 Verbum,
1363 583 1389 634 ct
1410 579 1529 635 Verbum
1550 583 1610 634 erat
1630 577 1708 648 apud
1728 579 1870 643 neumas

125 666 195 723 cedit
211 682 264 723 nou
287 667 419 733 quomodo
441 671 532 731 natus,
558 667 606 722 sed
630 668 763 734 quomodo
787 667 879 723 datus.
895 667 972 734 Quod
1025 672 1170 725 Deuterot
1190 669 1505 735 Veriumlioau.1,l);
1528 675 1574 725 et:
1594 667 1690 723 Omnia
1714 681 1767 737 per
1785 669 1871 735 ipsun

125 761 215 813 numm
237 756 333 811 datum
357 760 406 822 est,
431 761 456 811 et
477 756 515 811 ad
539 772 599 812 eum
622 758 670 825 qui
693 756 770 811 dedit
791 758 923 824 refertur,
946 761 972 812 et
1024 760 1102 827 sacto
1127 755 1192 812 lunt
1217 757 1306 829 (ibid,
1335 758 1373 827 3),
1404 756 1515 812 nullam
1545 755 1669 826 Spiritus
1694 754 1868 811 mentionem

126 846 164 902 ad
184 860 227 901 eos
251 845 349 914 quibus
366 846 450 902 dedit.
475 846 530 903 Sed
556 848 581 900 si
605 860 659 901 non
677 845 808 916 procedit,
829 847 884 900 nisi
912 859 972 900 cum
1026 848 1163 905 hahuisse
1193 847 1318 913 videtur,
1357 860 1418 918 qua
1449 860 1516 902 enm
1545 854 1685 902 arternum
1722 849 1870 911 astrueret,

127 931 220 999 datur,
250 946 298 985 nea
333 932 490 1001 procederet
517 936 613 1001 utique
640 935 805 1003 priusquam
831 936 900 988 esset
927 937 972 988 atti
1025 950 1092 994 cum
1112 937 1147 992 de
1167 937 1267 993 Decet
1284 935 1377 994 Verbo
1398 935 1462 1006 eius
1484 935 1618 1006 loquens,
1636 932 1714 989 Petri
1737 939 1768 989 et
1784 931 1871 988 Verbo

127 1022 248 1077 daretur.
269 1021 337 1076 Nam
361 1022 463 1076 donum
482 1026 570 1092 potest
594 1027 689 1077 esseet
711 1027 858 1092 antequam
879 1022 971 1089 uetur,
1026 1025 1206 1083 solummodo
1230 1025 1418 1082 aeternitatem
1443 1024 1572 1091 ascribit,
1599 1023 1715 1078 dicens:
1741 1022 1801 1076 Hoc
1820 1012 1896 1076 erat?

127 1111 258 1168 donatum
277 1115 367 1166 autem
392 1113 448 1166 nisi
474 1112 570 1167 datum
596 1113 694 1180 suerit,
718 1112 792 1167 nullo
816 1111 894 1167 motio
916 1112 972 1166 dici
1025 1117 1055 1169 in
1067 1116 1206 1185 principio
1223 1113 1299 1182 apud
1320 1116 1406 1168 Deum
1421 1112 1514 1183 litia„
1530 1113 1569 1183 2).
1591 1111 1647 1177 Qui
1663 1111 1694 1167 in
1709 1124 1743 1166 eo
1757 1066 1896 1173 fortasml

123 1203 225 1271 potest.
241 1198 315 1266 Quid
337 1199 435 1270 itaque
454 1201 559 1256 mirum
579 1213 645 1257 cum
668 1199 782 1257 dnobus
804 1200 895 1256 modis
910 1200 971 1270 Spi·
1026 1204 1103 1275 quod
1126 1203 1280 1273 subjunxit
1305 1202 1339 1257 de
1363 1200 1465 1258 ellectu
1490 1215 1609 1272 opernm
1632 1199 1756 1256 dicens:
1780 1176 1896 1275 Omnia}

125 1288 216 1348 ritum
243 1288 394 1358 procedere
424 1288 566 1355 dicamus,
602 1288 627 1345 si
654 1290 813 1346 secundum
848 1288 972 1345 alterum
1025 1305 1075 1360 per
1100 1291 1189 1358 ipsum
1207 1290 1284 1356 saeta
1308 1291 1382 1353 sunt,
1407 1286 1545 1357 Spiritum
1570 1284 1737 1355 designasse
1757 1282 1896 1338 videtur}

125 1377 314 1449 processionis
340 1377 458 1434 modum
487 1378 600 1435 dicatur
625 1377 749 1448 Spiritus
777 1390 794 1432 a
822 1377 917 1443 nobis,
945 1385 971 1435 et
1027 1377 1185 1435 secundum
1201 1375 1302 1433 edecta
1326 1376 1388 1446 ipsa
1404 1388 1538 1447 quaesua
1558 1373 1634 1429 Deus
1652 1370 1785 1429 condidit
1800 1371 1870 1428 boni

126 1463 285 1520 secundum
309 1463 433 1521 alterum
459 1474 577 1523 vocatur
601 1467 698 1523 anima
720 1479 737 1522 e
761 1466 972 1537 philosophis?
1027 1473 1095 1536 tate,
1117 1466 1369 1535 secundumque,
1393 1472 1427 1520 ut
1450 1463 1588 1531 diximus,
1609 1468 1737 1518 aternus
1759 1474 1818 1517 non
1834 1467 1870 1516 est
1894 1531 1897 1537 Ι

127 1552 201 1609 lllud
220 1566 289 1625 ergo
304 1555 422 1624 spiritus
436 1555 617 1623 aeternaliter,
638 1556 693 1611 hoc
711 1555 907 1625 temporaliter
922 1555 969 1610 ha·
1027 1556 1161 1626 Spiritus,
1182 1555 1211 1611 id
1226 1563 1268 1611 est
1282 1555 1377 1621 datus,
1403 1553 1478 1610 sicut
1491 1566 1544 1609 nec
1560 1551 1659 1607 anima
1674 1548 1869 1620 mnndiqnan
1894 1544 1898 1607 l

129 1639 185 1709 liet,
205 1641 326 1698 undeet
347 1643 444 1699 stetim
462 1643 491 1699 in
507 1643 605 1699 eodem
622 1643 698 1700 idem
712 1643 839 1700 annectit
853 1643 969 1699 dicens:
988 1663 1009 1718 g
1026 1646 1106 1701 Plato
1120 1645 1197 1700 dicit.
1224 1644 1282 1701 Nec
1303 1643 1411 1699 mirum
1426 1642 1521 1698 locum
1544 1638 1730 1712 evangelistes
1751 1638 1868 1695 maxine

126 1731 180 1787 Nee
202 1737 306 1787 moueat
327 1732 437 1801 quidem
460 1732 580 1801 Spiritus
603 1733 705 1788 scilieet
726 1747 786 1787 eum
805 1735 842 1787 sit
861 1736 973 1788 coeter-
1028 1748 1095 1790 enm
1118 1732 1234 1789 Platone
1251 1732 1415 1798 convenire,
1436 1743 1503 1786 cum
1524 1732 1614 1785 totam
1629 1728 1791 1785 verborum
1814 1726 1868 1782 isto

127 1834 181 1874 nus
197 1819 278 1875 Patri
298 1824 324 1874 et
348 1820 425 1875 Filio.
451 1821 570 1876 Dicatur
586 1825 675 1877 tamen
693 1821 771 1876 aliud
789 1837 824 1874 ee
845 1825 973 1890 tempore,
1027 1837 1094 1879 rum
1115 1821 1285 1878 sententiam
1302 1821 1332 1877 in
1354 1819 1434 1875 libris
1450 1818 1665 1875 Platonicorum
1681 1814 1864 1888 Augustinus,

127 1909 213 1965 ueluti
227 1909 276 1964 ltoc
287 1911 379 1979 ipsum
389 1909 463 1978 quod
481 1911 632 1976 donatum3
647 1926 711 1965 nam
730 1914 892 1979 sempiterne
906 1910 973 1979 Spi-
1027 1919 1060 1968 ut
1081 1925 1171 1982 supra
1192 1909 1386 1973 meminimus,
1408 1908 1560 1965 invenerit.
1584 1907 1656 1963 Sunt
1678 1913 1778 1963 autern
1801 1918 1866 1961 non·

126 1999 198 2053 ritus
215 1997 328 2065 danum,
354 2000 539 2068 temporaliter
558 2005 649 2055 autem
682 1999 823 2053 donatum.
851 2000 922 2054 Nam
948 2002 975 2053 et
1028 1999 1100 2056 nulli
1122 2000 1172 2071 qui
1190 1999 1359 2055 charitatem
1387 1999 1435 2053 Dei
1458 2011 1516 2053 non
1549 1996 1643 2053 solnm
1666 1995 1703 2050 ad
1728 2001 1870 2051 creaturas
1898 2061 1902 2071 ἐ

127 2088 154 2142 si
192 2088 324 2142 Dominus
351 2102 405 2143 uon
436 2087 549 2155 dicitur,
577 2090 633 2144 nisi
658 2104 719 2143 eam
752 2070 848 2143 todem
876 2089 976 2157 incipit
1028 2089 1146 2160 porrigi,
1163 2101 1265 2145 vertum
1280 2087 1366 2143 etiam
1385 2086 1421 2142 ab
1436 2098 1496 2141 una
1516 2097 1640 2155 persona
1654 2084 1684 2139 in
1697 2082 1829 2146 aiteram,
1844 2086 1870 2138 nt
1898 2077 1902 2147 l

128 2190 245 2240 anuum,
261 2179 345 2231 eiiam
367 2179 424 2232 ista
445 2178 594 2247 appellatio
607 2179 725 2233 relatiua
749 2193 783 2232 ea·
804 2180 923 2247 tempore
936 2182 975 2232 est
1027 2177 1159 2234 videlieet
1178 2189 1260 2232 amor
1278 2176 1370 2231 Patris
1387 2175 1416 2230 in
1441 2172 1555 2236 Filium,
1572 2173 1618 2229 vel
1634 2170 1699 2229 Filii
1720 2171 1750 2226 in
1765 2171 1869 2226 Patren
1898 2186 1902 2236 ι

128 2264 196 2319 Deo.
218 2266 279 2322 Non
297 2242 369 2320 sirim
392 2271 561 2335 sempiterna
585 2271 711 2322 meatum
733 2272 783 2334 est,
799 2267 843 2320 cui
869 2267 975 2321 estitit
1028 2266 1151 2336 Spiritus
1170 2265 1228 2336 ipse
1250 2265 1296 2321 sit.
1316 2264 1398 2332 Quod
1414 2271 1510 2332 aperte
1525 2261 1709 2333 Augustinus
1726 2260 1755 2316 in
1775 2272 1816 2315 ιι
1836 2259 1869 2315 lle
1898 2248 1902 2355 ξ

128 2355 270 2410 Dominus.
290 2356 358 2411 ltem
382 2369 388 2409 :
413 2357 480 2410 Ecce
504 2358 656 2422 domimus,
676 2370 734 2410 ease
757 2370 812 2409 non
835 2358 975 2425 sempiter·
1027 2355 1128 2410 Trinit.
1149 2355 1252 2410 astruit
1274 2353 1318 2409 ltis
1345 2353 1456 2409 verbis:
1482 2354 1605 2418 Denique
1622 2354 1648 2405 si
1670 2352 1701 2404 in
1727 2349 1807 2405 domu
1829 2349 1869 2404 liti

127 2457 194 2497 num
213 2442 303 2508 habri,
319 2459 352 2498 ne
375 2458 504 2512 cogamur
526 2447 610 2499 etiam
623 2444 713 2498 dicere
726 2448 882 2498 creaturam
902 2457 974 2498 sem·
1027 2444 1069 2498 nii
1084 2445 1172 2514 majus
1191 2448 1231 2498 est
1246 2442 1390 2507 ohamiate,
1414 2446 1439 2495 et
1455 2442 1563 2496 nullum
1579 2440 1671 2508 maius
1697 2438 1801 2494 donum
1826 2438 1867 2493 liei
1895 2458 1898 2464 ·

126 2533 273 2602 pilentum,
295 2533 361 2599 quia
383 2534 429 2588 iile
443 2534 603 2604 sempiterne
624 2548 679 2588 non
703 2533 904 2600 dontiuaretur,
920 2534 976 2588 uisi
1028 2538 1068 2588 est
1082 2547 1164 2599 ortam
1185 2530 1307 2601 Spiritus
1328 2535 1449 2596 sanatus,
1472 2529 1541 2599 quid
1564 2529 1772 2595 consequentius
1794 2542 1864 2597 quon

128 2619 211 2690 etiam
233 2619 289 2672 isto
300 2621 461 2689 sempiterne
481 2620 676 2688 famularetur,
701 2621 752 2691 qui
776 2623 863 2678 etiam
882 2621 913 2676 in
927 2635 972 2677 eo·
1026 2623 1085 2691 ipse
1105 2623 1142 2677 sit
1162 2620 1474 2686 stantesquactctmr
1497 2621 1578 2685 Deus,
1591 2623 1616 2672 et
1630 2633 1665 2672 ea
1687 2617 1766 2674 Deo?
1790 2615 1864 2672 Etsi

128 2705 192 2764 dem
220 2706 275 2764 ltoc
292 2707 434 2778 superiori
453 2722 517 2780 cap.
538 2709 680 2782 Spiritum
695 2711 792 2779 etiam,
814 2709 973 2767 secundum
1027 2710 1152 2767 charitas
1169 2723 1229 2782 qua
1245 2711 1329 2766 Pater
1353 2708 1446 2780 diligit
1467 2707 1582 2776 Filium,
1606 2714 1633 2763 et
1652 2714 1765 2776 patrem
1780 2704 1865 2775 diligit

128 2794 229 2852 edecta
260 2797 409 2854 manileste
433 2806 527 2867 vocat,
557 2813 625 2855 cum
652 2799 679 2855 ei
701 2799 877 2869 principium
907 2798 974 2855 assi·
1027 2799 1116 2855 Filius
1142 2796 1334 2866 ineffabiliter,
1373 2796 1607 2853 communionem
1639 2795 1794 2852 amborum
1824 2795 1868 2849 de·

127 2891 208 2958 gnat.
225 2885 273 2942 Ait
299 2894 396 2942 autem
411 2886 477 2944 sie:
506 2886 583 2954 Quod
604 2889 703 2943 datum
725 2892 776 2950 est,
807 2892 832 2942 et
853 2886 891 2941 ad
913 2901 973 2941 eum
987 2934 1012 2996 c
1028 2894 1178 2954 monstrat,
1195 2886 1273 2958 'quid
1299 2885 1520 2942 convenientius
1540 2897 1628 2955 quam
1645 2890 1677 2939 ut
1699 2882 1748 2940 ille
1762 2882 1868 2952 proprie

127 2976 176 3044 qui
189 2973 266 3029 dedit
280 2977 408 3043 refertur,
428 2979 455 3030 et
485 2975 522 3030 ad
536 2990 579 3031 eos
599 2976 699 3045 quibus
722 2974 807 3030 dedu.
822 2977 866 3030 lta
878 2975 972 3044 Spiri-
1027 2976 1141 3033 dicatur
1164 2975 1300 3042 charitas,
1322 2975 1371 3045 qui
1396 2973 1517 3045 spiritns
1537 2979 1579 3029 est
1601 2971 1765 3028 eommunis
1777 2971 1866 3026 ambo·

128 3067 172 3119 tus
195 3067 304 3118 sauctus
330 3063 434 3119 dicitur
458 3069 484 3118 et
505 3066 551 3118 Dei
573 3066 623 3134 qui
648 3063 734 3130 dedit,
759 3069 784 3118 et
811 3065 899 3119 nostri
924 3066 973 3136 qui
1026 3065 1099 3123 husi
1128 3065 1200 3121 ilinc
1232 3073 1273 3122 est
1312 3072 1340 3120 et
1377 3062 1447 3119 illud
1479 3061 1646 3132 Hieronymi
1681 3073 1771 3131 super
1803 3059 1866 3130 psal·

127 3154 286 3221 accipimus.
318 3151 393 3207 Unde
420 3154 552 3221 scriptum
580 3157 619 3207 est
644 3153 677 3208 de
698 3153 819 3222 Joanne,
844 3153 917 3220 quod
942 3155 972 3209 in
1027 3168 1106 3210 mum
1130 3167 1194 3208 vit:
1215 3153 1337 3222 Spiritus
1358 3156 1469 3207 sanctus
1485 3166 1533 3207 nea
1555 3153 1637 3206 Pater
1651 3151 1703 3218 eet,
1726 3164 1773 3204 uec
1789 3148 1866 3204 Filius

126 3244 228 3310 spiritu
254 3241 322 3295 Elin
351 3242 440 3295 ueniet
463 3242 538 3310 (Luc.
564 3257 582 3309 r,
614 3241 668 3312 lt).
693 3244 748 3298 lico
772 3247 798 3297 et
821 3243 854 3297 de
882 3244 973 3313 dlcpse
1027 3247 1076 3311 est,
1092 3242 1141 3298 sed
1166 3241 1275 3297 dilectio
1294 3256 1377 3308 quam
1392 3240 1473 3296 habet
1494 3243 1576 3296 Pater
1598 3243 1628 3294 in
1648 3239 1721 3294 Filio
1741 3243 1768 3293 et
1790 3237 1865 3294 utus

125 3327 334 3396 intelligendum
356 3333 407 3395 est,
439 3344 501 3384 cum
525 3331 565 3385 ait
594 3332 620 3385 ei
640 3332 787 3387 Dominus:
814 3333 918 3389 Tollen
938 3331 974 3387 de
1026 3333 1057 3386 in
1088 3334 1178 3387 Patre.
1207 3330 1291 3394 Quod
1314 3328 1444 3387 lortassis
1472 3330 1534 3386 ideo
1566 3327 1692 3385 maxime
1721 3326 1867 3384 dioendnn
1895 3368 1898 3409 ÷

125 3415 229 3484 spiritu
254 3420 311 3483 tuo,
328 3421 354 3471 et
379 3417 449 3473 dabo
464 3419 502 3474 eis
530 3418 622 3491 (llum.
647 3433 690 3490 xi,
716 3421 773 3490 ll),
803 3421 915 3488 locesi,
940 3420 973 3476 de
1026 3420 1143 3478 videtur
1163 3427 1191 3477 et
1207 3420 1373 3487 tenendum,
1400 3417 1577 3475 utridelioet
1596 3430 1677 3473 amor
1692 3415 1867 3488 quoquere
1895 3438 1898 3449 ·

127 3502 234 3573 Spiritu
262 3509 354 3560 saneto
369 3521 449 3575 gurm
467 3506 519 3561 tibi
540 3506 614 3562 dedi.
631 3507 660 3564 Si
686 3515 796 3580 ergoet
817 3509 895 3580 quod
924 3509 973 3565 da·
1027 3510 1080 3566 tris
1100 3511 1129 3566 in
1152 3508 1256 3565 lilium
1280 3507 1324 3564 vel
1340 3506 1402 3563 lilii
1427 3507 1456 3563 in
1482 3508 1593 3563 Patrem
1614 3505 1730 3562 dicatur
1753 3503 1868 3575 spiritur

125 3593 176 3648 tur
191 3591 367 3664 principium
392 3594 479 3653 habet
497 3610 564 3653 eum
588 3610 606 3652 a
629 3610 687 3668 qno
701 3597 800 3667 detur,
825 3598 970 3669 quianon
1027 3605 1155 3668 sanetus,
1184 3604 1212 3654 et
1238 3612 1295 3653 non
1311 3603 1423 3653 tantum
1438 3608 1521 3652 amor
1548 3595 1584 3650 ad
1613 3601 1773 3662 creaturas,
1796 3590 1866 3664 qnod

126 3678 243 3738 aliunde
264 3683 373 3754 accepit
393 3681 463 3740 illud
487 3685 565 3756 quod
580 3684 617 3742 alr
637 3685 697 3756 ipso
721 3686 856 3756 procedit,
880 3687 973 3743 laten-
1029 3686 1159 3744 lortassis
1172 3686 1256 3744 aliter
1271 3686 1419 3745 rideretur
1440 3683 1564 3756 Spiritus
1581 3691 1700 3741 sanctus
1716 3696 1799 3754 posse
1817 3693 1867 3737 non

24 3814 32 3837 ,
126 3768 198 3826 dum
211 3777 254 3827 est
271 3770 384 3829 Patrem
399 3780 428 3828 et
451 3773 555 3831 Filium
574 3773 748 3845 principium
764 3789 826 3832 esse
850 3775 973 3846 Spiritus
1027 3790 1097 3843 esse,
1114 3790 1147 3833 ac
1170 3775 1358 3846 perhoonon
1374 3772 1610 3830 neeessarioesse
1636 3774 1730 3844 ipsam
1748 3769 1868 3829 'iriciu-

123 3859 227 3927 sancti,
251 3867 348 3917 tamen
372 3874 429 3917 non
449 3860 506 3919 duo
519 3863 669 3933 principia,
683 3863 732 3920 sed
755 3878 848 3920 unum
862 3863 970 3934 princi·
1027 3872 1095 3923 tem.
1120 3866 1217 3922 Posset
1240 3863 1349 3935 quippo
1367 3876 1428 3920 esse
1448 3870 1481 3918 ut
1496 3862 1578 3919 nnlla
1592 3868 1727 3919 creatura
1743 3870 1868 3931 unquam

125 3948 219 4021 pium.
1026 3960 1110 4021 esset,
1125 3967 1192 4010 cnm
1213 3952 1296 4008 nulla
1313 3964 1350 4007 ex
1374 3950 1543 4007 necessitate
1561 3949 1608 4016 sit,
1624 3963 1659 4005 ac
1672 3961 1725 4020 per
1738 3948 1794 4007 ltoc
1805 3959 1868 4004 oon·

160 4037 264 4109 Liquet
272 4037 370 4110 itaque
384 4039 582 4111 Augustinum
598 4040 728 4098 hocloco
743 4040 876 4111 spiritum
891 4054 973 4098 acoe-
1027 4055 1151 4113 sconem
1165 4041 1325 4108 videretur,
1341 4047 1374 4096 ut
1385 4039 1447 4111 jam
1462 4053 1515 4095 nec
1539 4037 1658 4096 edoctus
1672 4037 1766 4109 ipsius
1788 4047 1868 4109 quen
1896 4034 1898 4039 '

126 4125 202 4197 pisse
226 4127 387 4183 secuudum
416 4127 517 4185 edecta
544 4143 611 4186 cnm
647 4130 733 4188 dicit:
762 4132 859 4186 ilatum
883 4132 972 4200 magis
1027 4130 1159 4188 videlicet
1177 4143 1247 4202 erga
1266 4135 1415 4185 creaturas
1429 4127 1515 4183 habet
1540 4139 1578 4183 ex
1599 4126 1768 4208 necessitate
1782 4125 1828 4189 sit,
1842 4136 1870 4180 ac

127 4228 210 4283 guam
234 4216 382 4271 secundum
409 4219 564 4274 naturalem
602 4234 659 4274 sua
687 4220 815 4276 bonitatis
844 4219 973 4290 affectum
988 4218 1012 4274 Ι)
1029 4233 1079 4291 per
1093 4219 1148 4276 hoe
1166 4217 1291 4289 Spiritus
1315 4217 1375 4288 ipse
1400 4231 1437 4273 ex
1461 4215 1629 4273 necessitate
1652 4215 1767 4272 nonsit
1790 4224 1868 4286 queit

124 4303 169 4356 oei
188 4303 376 4372 benignitatis.
395 4306 476 4363 Unde
495 4307 566 4364 bene
589 4308 751 4365 secundum
771 4306 870 4364 edecta
890 4311 972 4365 Pater
1028 4307 1153 4364 dicimus
1176 4308 1227 4363 Dei
1252 4308 1348 4378 ipsum
1362 4304 1496 4362 allectum
1525 4319 1586 4361 esse
1600 4305 1661 4362 sire
1680 4318 1822 4363 amorem.
1840 4305 1868 4356 tt

125 4397 154 4447 et
173 4390 261 4448 Filius
287 4392 395 4462 priores
418 4392 527 4463 Spiritu
548 4393 696 4463 dicuntur,
717 4403 745 4452 et
766 4395 848 4466 quasi
869 4396 973 4466 princi·
1025 4411 1096 4455 vero
1122 4397 1145 4453 si
1174 4408 1301 4452 amorem
1331 4395 1381 4452 liei
1413 4409 1471 4451 non
1500 4393 1597 4451 solum
1619 4407 1691 4466 erga
1713 4401 1867 4458 creaturas,

126 4477 207 4550 pium
231 4480 306 4551 ejns,
335 4481 407 4551 onia
433 4495 470 4543 ex
492 4483 620 4553 potentia
642 4483 809 4541 moderante
831 4485 973 4555 sapientia
1026 4485 1231 4543 verumetiam
1245 4485 1333 4542 nnius
1362 4496 1575 4554 personaeerga
1602 4483 1724 4539 alteram
1752 4480 1868 4552 accipit·

126 4566 244 4625 allectus
258 4570 359 4639 gratis
373 4570 527 4640 descendit,
544 4585 582 4628 ex
602 4587 660 4643 quo
678 4572 765 4629 etiam
781 4572 900 4644 spiritns
920 4574 973 4630 ltoc
1026 4589 1102 4643 mus,
1118 4575 1171 4632 hoc
1182 4572 1389 4631 inconveniens
1407 4573 1552 4628 evitamus
1573 4579 1680 4641 aperte.
1703 4572 1744 4627 dc
1759 4570 1869 4627 tortasse

125 4655 190 4715 loco
217 4657 389 4727 appellatur,
417 4664 445 4715 et
470 4660 551 4729 prius
569 4660 724 4732 potentiam
747 4669 775 4718 et
802 4662 971 4732 sapientiam
1027 4677 1095 4721 cum
1118 4671 1258 4720 creatura
1282 4663 1350 4733 ipsae
1375 4673 1413 4717 ex
1436 4662 1604 4718 necessitate
1625 4673 1683 4716 non
1711 4659 1782 4726 sint,
1807 4656 1871 4730 qnia

126 4759 188 4803 csse
210 4753 320 4818 oportet
343 4753 376 4804 ut
398 4756 493 4817 postea
518 4748 598 4806 aliud
623 4748 654 4805 in
677 4748 811 4806 ellectum
837 4751 971 4808 ducetur.
1027 4751 1134 4812 scilicet
1158 4758 1303 4822 quantum
1332 4750 1367 4807 ad
1391 4748 1537 4820 propriam
1565 4756 1702 4806 naturam
1723 4761 1784 4806 non
1817 4759 1871 4804 osu

126 4833 194 4891 'lale
217 4842 259 4891 est
281 4848 351 4907 ergo
378 4836 492 4893 Patrem
521 4844 548 4894 et
576 4836 682 4895 Filium
710 4852 771 4894 esso
797 4839 973 4909 principium
1027 4846 1158 4911 possum,
1183 4852 1266 4896 amor
1285 4848 1383 4897 tamen
1405 4837 1455 4893 lter
1480 4849 1551 4908 erga
1567 4836 1630 4892 illas
1651 4836 1691 4893 ita
1715 4832 1872 4892 neomenia

127 4920 251 4993 Spiritus
273 4925 376 4994 sancti,
397 4939 431 4982 ac
453 4925 477 4981 si
499 4925 630 4984 dicamus
654 4927 792 4998 Spiritum
817 4943 854 4984 ex
877 4930 973 4986 amno
1027 4928 1198 4997 hebetasse,
1215 4934 1249 4984 ut
1263 4928 1374 4999 absque
1395 4925 1444 4982 illo
1459 4926 1537 4983 Deus
1550 4939 1612 4983 esse
1636 4938 1695 4981 non
1711 4925 1802 4996 possit
1815 4937 1870 4980 on·

126 5012 183 5071 bns
198 5027 247 5084 per
274 5012 408 5072 ellectum
436 5015 598 5085 procedere,
621 5017 674 5073 hoc
698 5024 740 5074 est
770 5017 972 5088 potentiensi
1025 5018 1105 5080 nino,
1123 5030 1197 5088 ,cum
1217 5017 1348 5073 videlieet
1376 5017 1499 5086 ipsoex
1528 5014 1647 5084 propria
1674 5021 1782 5071 natura
1815 5021 1867 5071 tan

126 5101 293 5162 moderante
321 5103 385 5175 ejus
416 5104 528 5162 ratione
554 5105 590 5161 ad
618 5113 738 5163 auctum
775 5108 901 5179 perduci.
938 5109 973 5164 lit
1027 5107 1107 5164 lrnnc
1122 5119 1247 5164 amorem
1263 5120 1349 5163 suum
1376 5118 1465 5176 qnam
1481 5103 1630 5175 quodlibet
1644 5102 1756 5159 bonurn
1771 5103 1813 5179 ita
1826 5103 1868 5159 lu·

127 5188 182 5246 ltoc
203 5191 322 5262 quidem
342 5195 427 5251 modo
450 5196 473 5252 si
488 5195 555 5265 quis
574 5208 679 5252 nomen
695 5195 817 5267 Spiritus
842 5197 971 5267 accipiat,
1027 5195 1103 5262 beat,
1118 5203 1152 5253 ut
1169 5209 1203 5252 eo
1226 5208 1324 5252 carere
1338 5194 1504 5251 nullatenus
1529 5193 1625 5263 possit,
1642 5204 1730 5264 quem
1753 5191 1867 5250 nullatc-

126 5281 287 5339 sccundum
312 5281 418 5340 seilicet
438 5297 499 5341 sue
524 5284 644 5356 gratiae
676 5284 788 5351 edecta,
817 5299 876 5341 non
898 5294 974 5343 reate
1026 5283 1265 5342 nusautminns
1286 5283 1500 5354 nonunquam
1519 5288 1637 5349 est,aut
1655 5279 1754 5351 majus
1770 5280 1870 5338 mnan

127 5362 236 5424 dicitnr
257 5369 375 5440 spiritus
403 5378 539 5441 eternus,
576 5372 651 5431 sicut
680 5387 734 5431 nec
757 5374 897 5431 Dominus
923 5380 975 5432 ant
1027 5387 1109 5447 posse
1122 5386 1185 5433 esse
1206 5379 1325 5430 constat.
1345 5371 1399 5430 Sed
1422 5372 1457 5429 de
1482 5372 1537 5430 hoc
1559 5370 1673 5443 plenius
1692 5369 1871 5429 tracundnn

128 5459 250 5524 meter,
271 5457 342 5529 quia
364 5466 398 5517 ut
412 5458 552 5528 diximus,
569 5473 628 5519 non
648 5475 761 5533 semper
784 5461 904 5534 spiritus
930 5476 972 5521 se·
1028 5462 1213 5537 postmodnm
1236 5473 1430 5526 resonamus,
1455 5474 1524 5518 cum
1552 5459 1589 5518 dc
1618 5458 1721 5517 divina
1753 5455 1873 5532 ponnus
