3804 5962
593 246 719 306 ETHle
738 245 806 304 SEU
826 245 926 304 SCITO
945 245 990 303 rb
1007 243 1122 303 lrsuu.
1686 247 1740 305 ullo

79 376 139 434 rdis
152 384 180 434 et
189 389 293 433 renum
307 374 403 432 dictus
417 380 460 431 est
483 373 570 441 Deus,
599 373 653 431 boo
671 380 722 441 est,
737 371 828 443 iuspe·
842 371 866 426 A
882 371 1043 428 reverentia
1069 368 1119 426 Dei
1141 368 1178 427 ab
1195 368 1249 425 ista
1263 366 1444 439 turpitudine
1478 366 1637 439 desisteret,
1662 383 1741 428 eam-

79 465 253 522 rtentionum
281 462 326 519 vel
354 475 549 520 consensuum
564 460 630 517 inde
658 461 831 532 provenien·
887 460 1050 530 demquam
1074 458 1233 515 monacbus
1263 471 1377 528 poenam
1401 465 1538 515 meretur.
1574 457 1619 516 Sic
1642 464 1670 515 et
1706 461 1741 519 de

92 552 150 610 llos
183 565 252 609 vero
273 551 326 623 qul
351 550 406 607 boc
442 549 584 607 discutere
609 562 643 604 ac
673 548 833 620 dijudicare
888 544 945 606 illis
972 548 1153 606 sentiendum
1173 555 1225 614 est,
1253 560 1379 619 quorum
1406 546 1478 604 alter
1502 546 1652 605 manileste
1673 563 1740 619 pec·

79 640 203 706 alemus,
230 638 266 695 ad
281 650 368 710 opera
393 638 523 696 maxima
542 636 685 708 judicium
701 643 834 693 nostrum
852 618 859 633 ⁴
888 635 1074 693 cansmultos
1089 633 1274 701 scandalizat,
1299 647 1333 689 ac
1353 647 1405 704 per
1427 632 1592 704 exemplum
1608 649 1742 694 corrum-

79 726 190 794 rtimus,
219 739 273 783 neo
306 733 365 783 taur
384 725 494 796 culpas.
522 737 620 804 quam¹
643 736 730 794 opera
746 723 835 794 puni·
890 725 945 797 pit,
960 725 1032 783 alter
1059 737 1208 781 verocum
1232 722 1343 780 occulte
1362 729 1469 793 peccet,
1489 721 1544 780 soli
1566 722 1621 780 sibi
1648 734 1741 783 nocet.

87 830 142 873 nec
171 815 202 871 in
234 815 333 885 aliquo
352 821 412 870 tarn
432 812 511 884 quod
534 811 597 883 ejvs
611 812 716 868 animae
741 819 833 880 nocet,
890 810 1483 885 srenimquiocoultepecceuineodem,
1515 826 1573 884 quo
1599 811 1658 880 ille,
1674 827 1744 886 pro·

102 904 181 976 quod
200 903 376 960 aliisnooere
392 900 480 971 possit
505 900 653 957 vindicare
675 899 834 969 studemus,
890 903 981 974 posito
995 909 1022 958 et
1036 901 1099 973 pari
1114 907 1280 970 contemptu
1306 900 1356 956 liei
1378 899 1483 970 existit,
1513 907 1547 957 ut
1566 900 1645 972 quod
1671 901 1743 959 alios

80 992 125 1065 gis
152 992 268 1062 publica
294 991 508 1063 praeveniamus
528 989 645 1057 damna,
673 1003 763 1061 quam
782 990 837 1046 sin·
891 1005 950 1048 non
968 990 1137 1061 corrumpit,
1163 988 1286 1046 lortuitu
1310 988 1402 1061 magis
1421 989 1546 1058 eveniat,
1576 1001 1666 1060 quam
1681 989 1742 1061 ipse

79 1079 409 1152 scorrigamus,1‘uxta
431 1079 510 1149 quod
535 1085 564 1135 et
592 1077 730 1135 Dominus
756 1078 836 1135 Petro
892 1086 1008 1151 propter
1029 1079 1121 1136 llenm
1151 1077 1286 1146 dimittat,
1317 1077 1369 1149 qui
1390 1091 1443 1135 nec
1467 1077 1522 1135 sibl
1549 1076 1604 1148 ipsi
1630 1086 1747 1150 propter

79 1171 92 1224 i
102 1169 257 1241 peccauerit
270 1170 301 1224 io
317 1174 341 1224 la
354 1169 442 1237 (soler
457 1172 531 1237 tuus,
557 1168 663 1238 corripe
689 1168 769 1223 illum
790 1168 837 1222 io·
892 1170 981 1227 ileum
1009 1174 1158 1239 temperat,
1184 1167 1308 1239 proiecto
1347 1166 1410 1238 pari
1439 1173 1523 1224 reatu
1547 1166 1624 1238 apud
1651 1167 1744 1227 Deum

79 1262 209 1330 etiosam
234 1256 321 1314 solam
351 1256 460 1326 (bollo.
491 1271 573 1323 xvm,
598 1259 651 1326 lb).
682 1254 755 1322 Quid
770 1261 835 1312 est:
892 1257 1109 1331 constringitur.
1130 1256 1228 1314 Solum
1239 1256 1349 1327 qnippe
1376 1255 1508 1313 animum
1525 1255 1744 1326 inremunera-

79 1353 139 1405 :eril
156 1349 186 1403 io
215 1352 250 1416 te,
275 1346 360 1417 quasi
384 1360 442 1403 uon
469 1345 499 1401 in
513 1345 616 1414 alium,
633 1350 666 1402 nt
682 1344 775 1416 magis
789 1343 838 1399 in-
892 1348 970 1406 tioue
984 1347 1052 1405 boni
1066 1346 1112 1403 vel
1124 1346 1203 1414 mali,
1219 1360 1277 1403 non
1290 1344 1391 1403 euecta
1413 1359 1532 1417 operum
1560 1347 1637 1404 Deus
1650 1353 1745 1404 atten-

97 1437 192 1506 nobis,
207 1449 296 1509 quarn
317 1435 381 1492 aliis
399 1435 493 1492 illatas
515 1434 659 1506 corrigere
683 1433 729 1490 vel
744 1432 838 1489 vindi·
892 1436 944 1504 dll,
966 1430 1002 1494 ne
1026 1436 1154 1508 quidde
1181 1435 1268 1506 culpa
1299 1435 1345 1492 vel
1373 1434 1449 1492 bona
1472 1433 1622 1493 voluntate
1646 1443 1747 1494 nostra

79 1523 246 1583 obeamus?
266 1522 356 1580 Absit.
369 1524 559 1593 sipeccooeril
572 1523 603 1577 in
616 1526 650 1589 te,
664 1521 748 1589 dixit,
771 1533 838 1577 cnm
893 1524 1055 1597 proveniat,
1066 1531 1177 1595 pensat,
1196 1524 1245 1580 sed
1266 1524 1361 1594 ipsum
1387 1525 1518 1580 animum
1544 1523 1574 1579 in
1600 1524 1745 1596 proposito

79 1621 135 1672 este
150 1612 210 1685 egit
230 1612 307 1668 unde
327 1619 353 1668 te
381 1625 430 1682 per
457 1611 624 1680 exemplum
653 1622 839 1680 corrumpere
893 1627 953 1670 suae
973 1612 1149 1677 intentionis,
1162 1625 1221 1668 non
1233 1610 1263 1666 in
1290 1610 1394 1668 ellectu
1420 1611 1568 1669 exterioris
1593 1611 1687 1683 operis
1702 1613 1747 1669 di-

79 1701 187 1770 .Quod
228 1702 253 1758 si
275 1702 353 1759 enim
384 1701 413 1756 in
440 1715 470 1756 se
499 1707 614 1757 tantum
642 1706 839 1771 perpaucum
892 1700 1124 1774 judicatopera
1141 1699 1258 1772 quippe,
1286 1713 1363 1772 que,
1389 1708 1421 1757 ut
1440 1701 1639 1771 prediximus,
1661 1714 1746 1772 aeque

83 1792 149 1864 ejus
163 1791 276 1848 occulta
290 1804 357 1848 eum
379 1787 472 1846 solum
501 1802 584 1845 reum
603 1788 762 1855 constituit,
778 1800 838 1842 non
893 1789 1023 1862 reprobis
1040 1797 1073 1847 ut
1086 1788 1182 1845 electis
1206 1788 1373 1846 communia
1399 1796 1478 1858 sunl,
1498 1789 1655 1861 omniaque
1674 1789 1704 1847 in
1716 1803 1747 1847 ee

79 1887 151 1936 ltnm
166 1878 396 1948 aliosquantum
422 1877 497 1933 inse
524 1884 567 1934 est
600 1888 651 1947 per
673 1875 838 1947 exemplum
892 1877 1095 1941 indifferentia,
1125 1890 1178 1933 nec
1201 1877 1257 1933 nisi
1277 1891 1329 1947 pro
1350 1877 1508 1935 intentione
1527 1878 1641 1950 agentis
1666 1877 1744 1941 bona

79 2009 84 2023 .
110 1967 171 2024 Etsi
184 1967 261 2023 enirn
285 1966 398 2029 desunt,
416 1967 466 2037 qni
483 1964 587 2021 malam
612 1966 675 2036 ejus
697 1964 838 2021 actionem
892 1969 938 2026 vel
967 1966 1044 2023 mala
1070 1966 1191 2023 dicenda
1211 1973 1291 2032 sunt,
1307 1980 1367 2023 non
1394 1966 1525 2024 videlicet
1544 1969 1615 2039 quia
1638 1967 1748 2024 bonnm

79 2065 147 2126 rtur,
164 2056 311 2114 ueletiam
327 2056 525 2128 cognoverint,
557 2055 631 2111 actio
654 2063 751 2112 tamen
778 2054 840 2123 ipsa
892 2056 1057 2115 relmalum
1074 2054 1242 2122 sitoalleri,
1272 2055 1320 2112 sed
1334 2055 1405 2127 quia
1420 2056 1492 2113 bene
1509 2057 1555 2113 vel
1572 2057 1647 2113 male
1661 2057 1767 2124 liunt,

79 2160 184 2218 ‚qnam
198 2144 288 2201 animi
302 2144 388 2214 culpa
403 2144 571 2214 castiganda
588 2151 629 2200 est
650 2142 728 2213 apud
745 2141 839 2199 bomi-
892 2147 946 2203 boc
959 2152 1012 2211 est,
1041 2158 1076 2200 ea
1095 2144 1254 2202 intentione
1272 2159 1332 2215 qua
1357 2145 1493 2202 convenit
1517 2145 1590 2213 lieri,
1617 2153 1669 2203 aut
1696 2145 1750 2203 mi·

83 2237 134 2294 uia
148 2235 214 2306 plus
229 2233 345 2291 eliense
373 2232 543 2290 contrahere
562 2231 665 2303 potuit,
694 2241 722 2289 et
744 2230 839 2302 perni-
893 2231 1124 2311 nime.Nam,ul
1147 2231 1251 2289 beatus
1277 2232 1408 2289 meminit
1434 2233 1626 2305 Augustinus,
1654 2233 1749 2304 ipsum

79 2339 158 2397 sper
176 2322 340 2394 exemplum
358 2322 432 2391 fieri,
453 2322 645 2393 quamculpa
667 2321 759 2378 latens
776 2320 839 2377 ani·
893 2322 1004 2379 malum
1035 2335 1107 2388 esse,
1127 2321 1303 2388 bonnmest,
1327 2335 1393 2377 cum
1410 2334 1443 2378 eo
1460 2322 1747 2394 qnoquebeneuta·

79 2428 142 2472 mne
150 2414 293 2486 lnamque
321 2412 400 2483 quod
424 2411 453 2467 in
468 2424 650 2469 communem
671 2409 838 2481 perniciem,
895 2417 943 2467 lur
958 2411 1044 2477 lleus,
1060 2424 1114 2466 nec
1142 2409 1227 2466 aliter
1243 2409 1337 2481 ipsum
1362 2425 1423 2468 esse
1447 2411 1604 2482 permittat,
1624 2419 1747 2469 cumla-

79 2517 95 2559 n
123 2501 273 2574 publicum
297 2500 462 2557 redundare
494 2506 586 2571 potest
613 2499 838 2569 incommodum,
893 2513 961 2556 men
994 2499 1088 2570 ipsum
1119 2513 1309 2571 nequaquam
1332 2499 1368 2557 sit
1397 2500 1516 2556 bonum.
1549 2500 1621 2559 llum
1648 2501 1748 2573 itaque

80 2594 176 2651 atione
189 2591 293 2662 majori
315 2598 357 2647 est
385 2590 575 2662 puniendum,
606 2596 634 2645 et
662 2589 740 2660 quod
771 2603 838 2645 con·
893 2587 1017 2645 dicimus
1027 2588 1213 2645 intentionem
1229 2587 1354 2646 bominis
1380 2588 1497 2658 bonam,
1521 2597 1645 2660 etopus
1670 2589 1749 2648 illius

92 2679 233 2751 maiorem
248 2677 397 2747 oileusam,
423 2678 586 2748 graviorem
602 2678 677 2736 inter
704 2692 757 2734 nos
773 2692 839 2748 pro·
892 2677 1013 2744 bonum,
1043 2677 1101 2733 duo
1134 2676 1250 2748 quidem
1297 2676 1515 2748 distinguimus,
1558 2677 1747 2735 intentionem

79 2781 115 2825 nr
138 2765 410 2837 poenam,etmajus
425 2765 574 2821 bominum
588 2765 840 2832 scandalum,ma·
893 2765 1000 2823 scilieet
1014 2779 1049 2822 ac
1077 2779 1168 2835 opus;
1192 2778 1281 2821 unam
1303 2772 1400 2822 tamen
1428 2764 1584 2822 bonitatem
1615 2765 1747 2824 intentio·

79 2856 279 2928 tergllomines
303 2854 426 2910 incurrit
456 2853 642 2924 supplicium,
672 2853 725 2910 etsi
749 2853 840 2910 levior
893 2855 939 2910 nis
954 2871 961 2922 ;
978 2853 1067 2910 veluti
1088 2854 1111 2909 si
1134 2853 1266 2911 dicamus
1289 2853 1398 2911 bonum
1425 2853 1582 2924 hominem,
1599 2862 1627 2912 el
1653 2853 1747 2913 lilium

79 2944 131 3003 seit
153 2943 247 3014 culpa.
284 2941 517 2999 Ponamusenim
532 2940 659 3013 aliquem
687 2943 764 2999 coitu
787 2954 839 2997 suo
895 2942 1116 3010 bonihominis,
1133 2942 1206 3000 duos
1223 2942 1341 3014 quidem
1364 2942 1506 3011 homines,
1526 2957 1585 3000 non
1606 2943 1680 3001 duas
1695 2943 1746 3000 bo-

79 3046 139 3091 rem
182 3029 312 3102 aliquam
346 3028 509 3099 corrupisse
537 3030 566 3085 in
595 3028 736 3087 ecclesia:
761 3026 839 3100 quod
855 3034 878 3092 c
895 3033 999 3089 uitales
1013 3031 1184 3104 figuramus.
1210 3032 1291 3089 Sicut
1312 3045 1381 3102 ergo
1413 3032 1499 3089 bomo
1525 3032 1619 3091 bonus
1630 3047 1668 3090 ex
1683 3046 1747 3105 pro

79 3121 109 3179 od
133 3132 219 3176 aures
238 3116 337 3188 populi
366 3117 494 3172 delatum
517 3115 615 3185 luerit,
645 3131 703 3173 non
725 3121 839 3173 tantum
895 3119 958 3192 pria
985 3119 1111 3178 bonitate
1141 3120 1258 3190 dicitur,
1287 3119 1365 3178 illius
1399 3128 1497 3178 antem
1521 3121 1590 3178 boni
1620 3121 1746 3180 bominis

79 3207 197 3266 >lenone
214 3207 338 3272 lemine,
354 3219 388 3261 ac
397 3204 457 3261 veri
484 3205 581 3275 templi
609 3205 670 3274 Dei,
695 3212 840 3277 quantum
894 3223 961 3266 oum
974 3208 1173 3275 dicitur,nibil
1197 3209 1227 3265 in
1260 3223 1289 3267 se
1310 3209 1378 3266 boni
1401 3209 1518 3281 babere,
1538 3224 1576 3268 ex
1592 3210 1647 3268 boc
1660 3225 1745 3269 mon·

79 3295 204 3356 rectione
218 3295 376 3366 corporalis
403 3294 501 3365 templi
517 3303 735 3353 commoventur
749 3310 758 3359 ;
772 3308 840 3351 cum
894 3306 1003 3356 stratur
1018 3297 1078 3354 :ita
1102 3298 1248 3370 cujusque
1275 3298 1395 3356 intentio
1422 3298 1499 3359 bona
1515 3299 1545 3357 in
1560 3314 1590 3359 se
1613 3308 1746 3372 vocatur,

79 3387 225 3460 ignavius
247 3384 284 3442 sit
309 3386 337 3441 in
357 3383 519 3451 mulierem,
549 3397 638 3455 quam
667 3384 696 3440 in
719 3383 841 3454 parieles
894 3401 966 3457 opus
993 3400 1061 3444 vero
1084 3387 1192 3444 bonum
1216 3401 1274 3444 non
1290 3401 1327 3444 ex
1354 3402 1384 3444 se
1408 3387 1578 3459 appellatur,
1608 3390 1686 3461 quod
1710 3403 1748 3448 ex

79 3491 173 3544 mere,
201 3482 230 3533 et
250 3473 460 3544 hominiquam
476 3472 538 3530 loco
560 3472 698 3544 injuriam
722 3472 838 3530 inlerre.
894 3474 971 3531 bona
988 3475 1124 3547 procedat
1153 3475 1321 3533 intentione.
1352 3477 1416 3534 llna
1438 3477 1537 3550 itaque
1559 3485 1601 3536 est
1622 3478 1747 3548 bonitas,

80 3563 185 3622 cendia
220 3562 374 3619 domorum
398 3561 500 3631 majori
525 3575 610 3631 pmna
645 3561 839 3630 vindicamus,
894 3564 1041 3622 undetam
1058 3563 1178 3621 intentio
1199 3578 1288 3636 qnam
1313 3564 1441 3635 operalio
1466 3566 1543 3625 bona
1561 3567 1747 3640 dicitnr,sic·

106 3654 136 3709 in
159 3658 275 3724 peracta
313 3649 509 3717 fornicatione,
544 3664 610 3707 curn
643 3649 726 3721 longe
762 3650 841 3720 apud
894 3655 927 3709 ut
950 3667 1010 3709 una
1033 3660 1075 3709 est
1098 3652 1223 3722 bonitas,
1240 3667 1278 3710 ex
1305 3667 1366 3724 qna
1387 3652 1482 3711 bonus
1507 3655 1592 3714 bomo
1619 3664 1648 3715 et
1671 3657 1749 3715 illius

90 3743 154 3802 baec
168 3742 225 3799 illis
236 3741 382 3798 habentur
396 3739 540 3811 graviora.
725 3761 734 3776 ·
895 3739 1021 3799 bominis
1034 3741 1112 3810 boui,
1129 3741 1303 3812 appellatur,
1327 3741 1373 3798 vel
1399 3755 1460 3798 una
1483 3743 1607 3816 bonitas,
1636 3759 1674 3803 ex
1689 3759 1750 3820 qua

79 3847 137 3892 uaec
166 3830 284 3902 quidem
303 3844 361 3887 non
385 3837 444 3886 tam
469 3830 588 3901 justitiae
613 3829 718 3899 debito,
752 3843 840 3901 quam
895 3829 1089 3887 bonushomo
1104 3828 1354 3887 elbonabominis
1368 3829 1631 3905 volunlasdicitur.

79 3921 355 3991 rectionisagnntnr
378 3922 613 3989 temperamento,
638 3926 681 3988 ul,
701 3917 840 3990 quemad·
930 3916 987 3982 Qui
1000 3931 1069 3990 ergo
1083 3916 1174 3974 solent
1202 3917 1326 3989 objicere
1348 3917 1542 3987 operationem
1570 3934 1687 3992 qnoque
1707 3921 1749 3980 in·

79 4025 109 4069 m
119 4009 259 4077 diximus,
273 4007 390 4079 publica
406 4008 606 4078 praeveniendo
628 4009 736 4065 damna
760 4020 842 4065 com·
895 4006 1030 4065 tentionis
1044 4006 1277 4064 remuneratione
1291 4003 1409 4078 dignam
1425 4020 1498 4073 esse,
1522 4006 1568 4065 vel
1580 4009 1617 4065 ad
1631 4008 1750 4082 aliquod

83 4099 275 4158 consulamus
286 4093 412 4153 utilitati.
433 4095 512 4167 sepe
531 4095 621 4169 igitur
638 4096 757 4154 minima
772 4109 840 4167 peo-
895 4094 1137 4155 remunerationis
1178 4102 1370 4168 augmentum
1418 4094 1566 4167 proficere,
1600 4098 1751 4157 attendant

79 4188 230 4259 pejoribus
244 4185 336 4257 poenis
357 4184 549 4254 vindicamus,
579 4200 638 4242 non
664 4193 721 4242 lam
750 4184 841 4255 aequi·
896 4185 975 4257 qnod
989 4183 1145 4257 nugatoria
1168 4183 1320 4242 eorumsit
1339 4184 1474 4257 objectio.
1498 4188 1573 4255 Duo,
1599 4187 1750 4261 inquiunt,

79 4276 193 4345 iustitie
232 4275 412 4333 attendentes
436 4289 503 4346 qnae
529 4274 616 4346 culpa
654 4274 840 4346 praecesserit,
896 4276 972 4333 bona
994 4282 1063 4351 sunt
1088 4274 1208 4332 intentio
1229 4273 1319 4342 bona,
1338 4281 1367 4331 et
1389 4273 1472 4332 bonas
1504 4276 1673 4336 intentionis
1687 4276 1752 4336 elie·

79 4416 81 4425 .
108 4364 283 4424 discretione
311 4363 499 4435 providentiae
535 4365 693 4437 cogitantes
731 4333 880 4435 quantaD
896 4373 960 4422 ctus
974 4378 984 4436 ;
998 4363 1235 4422 elbonumbono
1249 4363 1422 4437 adjunctum
1440 4364 1508 4436 plus
1525 4366 1637 4440 aliquid
1655 4366 1752 4426 valere

79 4455 244 4527 contingere
259 4452 348 4525 possit
360 4452 588 4522 incommoditas,
617 4452 640 4509 si
668 4451 770 4510 leviter
791 4465 843 4524 pu·
896 4452 1112 4527 quamsingnle
1125 4452 1218 4510 debet.

79 4560 102 4605 r.
119 4544 227 4617 culpas
248 4544 347 4615 itaque
370 4543 460 4599 animi
478 4543 577 4600 divino
596 4550 775 4600 reservantes
793 4541 842 4613 ju·
932 4541 1046 4611 Quibus
1062 4543 1230 4614 respondeo,
1262 4542 1386 4614 quodsi
1424 4556 1570 4614 ponamus
1591 4544 1658 4617 plns
1676 4544 1751 4605 illud

90 4633 194 4694 edecta
210 4647 322 4701 carum,
349 4632 384 4689 de
408 4632 516 4703 quibus
530 4631 664 4702 judicare
692 4631 842 4700 babemus,
897 4639 990 4690 toturn
1005 4631 1102 4690 valere
1118 4645 1207 4704 quam
1236 4631 1378 4704 singula;
1402 4633 1539 4705 nunquid
1569 4632 1633 4694 ideo
1647 4635 1754 4710 maiori

79 4723 199 4798 quimnr
241 4730 350 4789 nostro,
388 4721 629 4792 dispensationem
668 4721 697 4778 in
724 4720 842 4788 talibus,
898 4720 1131 4778 remuneratione
1162 4721 1286 4794 dignum
1309 4721 1442 4794 cogimur
1474 4722 1654 4781 concedere?
1689 4724 1755 4784 Non

79 4819 119 4882 st,
143 4811 305 4883 prudentie
326 4823 416 4882 qnam
444 4810 573 4868 diximus
597 4809 735 4867 rationem
753 4809 846 4881 magis
898 4809 1011 4881 utique.
1028 4808 1120 4869 Multa
1133 4810 1242 4882 quippe
1256 4817 1325 4868 sunt
1339 4817 1399 4868 mm
1424 4811 1554 4869 animata
1574 4825 1664 4884 qnam
1690 4812 1754 4870 ina·

79 4897 245 4970 loquimis
273 4897 452 4954 attendentes
479 4898 643 4968 puritatem.
671 4898 749 4955 Deus
776 4909 845 4954 vero
898 4898 1019 4962 nimata,
1036 4912 1163 4970 quornm
1178 4897 1332 4956 mullitudo
1347 4897 1383 4954 ad
1404 4898 1490 4970 plura
1504 4898 1584 4956 utilis
1597 4905 1649 4968 est,
1665 4911 1755 4971 qnam

79 4992 245 5059 oculusque
270 5000 383 5058 poenam
402 4987 562 5044 secundum
587 4986 678 5057 culpae
697 4984 844 5057 quantita·
899 4987 1134 5060 unumquodque
1166 4987 1197 5044 in
1219 5000 1254 5043 ea
1279 4987 1469 5045 multitudine
1499 4989 1755 5061 comprehensum,

79 5076 203 5149 lieponil,
229 5083 257 5132 et
281 5076 452 5146 quicunque
477 5075 573 5145 ipsum
596 5074 748 5146 aequaliter
777 5088 845 5131 oon·
899 5076 1009 5148 quibus
1024 5084 1119 5133 tamen
1140 5076 1277 5134 omnibus
1300 5076 1383 5133 nulla
1411 5090 1530 5148 prorsus
1554 5079 1753 5138 remuneratio

79 5173 141 5236 nnt,
168 5162 275 5237 equali
296 5164 477 5235 postmodum
503 5177 587 5234 poena
613 5164 778 5235 puniuntur
792 5178 847 5221 cu·
901 5165 1031 5222 debetur.
1048 5165 1121 5222 licre
1143 5165 1221 5221 enim
1250 5164 1302 5221 bos
1320 5165 1386 5222 bovi
1408 5166 1454 5224 vel
1482 5181 1561 5240 equo
1583 5169 1754 5242 adiunctus»

79 5268 162 5327 nque
189 5254 363 5311 conditionis
410 5261 460 5311 aul
495 5253 677 5325 prolessionis
712 5253 779 5311 sint.
818 5251 846 5309 Si
901 5254 962 5310 sive
973 5252 1184 5325 lignnmliguo,
1198 5253 1242 5310 vel
1261 5253 1348 5324 ierro,
1373 5257 1547 5328 resquidem
1572 5257 1656 5318 bone
1674 5264 1757 5327 sunt,

86 5343 249 5402 monachus
271 5351 298 5400 ct
325 5344 416 5400 laicus
437 5347 467 5399 in
488 5357 660 5403 consensum
687 5343 848 5401 lornicatio·
901 5351 929 5401 et
945 5341 1011 5413 plus
1024 5356 1126 5401 eorum
1140 5342 1308 5412 multitudo,
1331 5356 1422 5416 quam
1446 5346 1564 5419 singula
1586 5347 1673 5421 valet,
1689 5363 1759 5408 cnm

79 5433 159 5493 ulier
172 5432 303 5502 veniant,
318 5434 446 5502 eluens,
471 5446 590 5505 qnoque
604 5431 715 5491 laiciin
734 5439 848 5491 tentum
904 5439 1001 5493 umen
1026 5431 1101 5492 nibil
1134 5432 1253 5492 omnino
1278 5435 1522 5495 remunerationis
1551 5439 1678 5514 amplius
1702 5439 1759 5498 ba·

79 5529 348 5596 contunsosque
375 5519 661 5594 ipse,simonachns
682 5527 767 5592 esset,
795 5533 848 5592 pro
902 5520 979 5581 beat.

152 5612 281 5682 Person.
306 5609 501 5680 ccxllvlll.
1556 5619 1599 5686 21
