3804 5962
126 171 195 224 idib
391 165 493 224 PETRI
511 168 699 225 nominant
718 168 794 226 OPP.
815 169 905 227 PARS
924 170 976 227 til.
990 200 1025 213 ···
1042 171 1299 230 Pultosoeiiicit
1317 174 1363 231 ΕΤ
1382 175 1617 234 nnsotodtca.
1817 180 1878 234 idtt

122 292 255 352 mirabile
266 297 318 361 est,
335 305 401 348 cuni
425 305 475 362 per
501 299 616 347 aetatum
638 291 740 349 seriem
753 300 781 350 et
805 300 965 364 temporum
980 295 1005 349 A
1020 303 1052 352 ut
1075 295 1232 366 sophistam
1255 297 1409 366 corrixari,
1431 300 1479 356 sed
1503 306 1534 356 ut
1554 299 1776 371 philosophum
1792 302 1873 359 ratio·

121 383 343 448 successionem,
359 381 489 437 hnmana
513 381 542 436 in
559 382 671 438 cunctis
695 383 781 438 rebus
796 384 899 439 creatis
925 383 967 439 in·
1023 398 1074 440 nes
1102 386 1236 450 scrutari,
1253 395 1279 442 et
1308 386 1396 459 (quod
1424 395 1466 444 εει
1490 390 1665 460 maximum)
1694 391 1875 448 mesaluten

123 470 280 542 telligentia
296 480 413 537 crescat,
443 469 473 526 in
501 469 567 539 dde,
592 472 677 542 cujus
700 472 789 528 errori
817 486 967 528 summum

121 561 283 630 periculum
300 556 437 626 imminet,
455 559 554 616 nullus
573 568 614 615 est
638 560 804 633 proiectus?
818 561 866 616 sed
885 575 968 632 acque

121 650 247 706 minores
261 656 292 705 nt
308 648 439 719 majores,
465 663 549 718 aeque
569 650 668 705 rustici
684 660 714 704 ut
729 650 847 706 litterati
863 651 897 706 de
914 651 968 706 liac

121 738 226 795 sentire
242 747 424 805 asseruntur,
444 750 472 793 ei
491 737 536 793 ille
556 737 739 794 firmissimus
765 741 793 793 in
820 738 874 795 side
898 739 968 794 dici·

121 836 180 896 tur,
211 829 264 901 qui
290 842 472 885 communem
500 829 596 898 populi
623 844 680 884 non
704 829 816 885 excedit
839 844 965 886 sensum.

121 917 203 984 Quod
223 918 346 987 proiecto
372 917 444 974 idcui
470 914 510 988 [o]
535 926 646 973 eertum
666 927 707 973 est
725 918 862 984 accidere,
889 919 966 989 quod

120 1008 230 1064 nemini
245 1008 322 1077 apud
338 1021 405 1062 suos
428 1006 496 1077 quid
524 1009 561 1062 sit
584 1006 760 1062 credendum
784 1005 847 1062 licet
871 1006 966 1077 inqui·

121 1108 194 1162 rere,
210 1111 262 1152 nec
276 1096 311 1152 de
333 1096 377 1151 bis
397 1108 464 1166 qnae
478 1095 514 1151 ab
539 1095 674 1150 omuibus
690 1095 830 1151 dicuntur
847 1094 966 1165 impune

120 1183 265 1242 dubitare.
281 1186 372 1240 Pudet
387 1197 514 1254 namque
530 1182 659 1239 homines
683 1183 718 1239 de
734 1183 779 1239 bis
799 1198 828 1240 se
847 1182 967 1240 iuterro-

120 1275 193 1347 gari,
209 1275 245 1330 dc
272 1274 380 1344 quibus
404 1271 576 1344 respondere
602 1286 661 1328 non
691 1270 854 1329 sufiiciunt.
876 1272 966 1329 Nemo

120 1366 226 1435 qnippe
249 1363 371 1420 libenter
395 1364 504 1419 accedit
520 1361 571 1434 qui
584 1361 619 1419 dc
638 1360 762 1432 propriis
783 1360 895 1417 viribus
910 1361 965 1417 dit-

1022 474 1127 531 animai
1140 475 1307 547 veii[ei·]ari.

1055 563 1175 621 luosos.
1206 564 1232 636 (3
1264 565 1309 636 V.)
1334 566 1475 623 Dominus
1503 567 1572 637 ipse,
1595 568 1649 639 qni
1683 567 1768 624 bunc
1787 569 1872 626 zelum

1022 651 1164 708 tibivisus
1181 662 1222 709 est
1251 655 1416 722 inspirasse,
1442 664 1474 711 ιιι
1494 671 1545 726 pro
1570 657 1664 712 salute
1689 658 1800 714 animae
1822 665 1871 716 tue

1023 746 1103 796 tauta
1131 756 1197 796 eum
1219 742 1351 813 inquiras
1377 745 1579 814 solicitudine,
1608 747 1695 802 nobis
1713 746 1792 803 bauc
1813 762 1871 804 con·

1021 826 1093 884 ierat
1116 829 1215 901 [lianc]
1236 832 1428 900 collationem,
1447 848 1496 903 per
1522 848 1611 904 quain
1626 849 1698 890 enm
1722 835 1870 891 salubriter

1023 917 1115 986 pessis
1131 918 1271 975 invenire.
1288 919 1373 976 Nunc
1392 935 1437 976 me
1452 922 1487 977 ad
1507 922 1698 994 interrogata,
1717 934 1803 994 prout
1819 925 1870 994 ipse

1022 1009 1192 1063 concesserit
1207 1007 1252 1079 [s],
1273 1017 1404 1079 superest
1419 1012 1599 1080 respondere.

1057 1095 1167 1153 Peiios.
1183 1097 1228 1152 Sic
1247 1097 1370 1167 proiecto
1385 1099 1521 1155 convenit
1537 1101 1624 1171 juxta
1640 1100 1827 1172 propositum
1840 1101 1866 1172 li}

1021 1184 1110 1238 nostri
1125 1185 1300 1240 condictum.

1056 1271 1178 1329 lunens.
1207 1273 1313 1330 Omnes
1336 1274 1454 1346 quidem
1482 1276 1616 1334 homines
1653 1278 1729 1334 dum
1760 1278 1865 1348 parvuli

1020 1369 1154 1418 suntnec
1180 1363 1276 1419 adbuc
1304 1363 1484 1422 discretionis
1508 1372 1591 1423 aetate
1616 1367 1738 1437 pollent,
1766 1377 1864 1425 constat

120 1451 192 1521 tidit,
208 1460 236 1509 et
258 1453 407 1509 ultroneus
430 1452 521 1509 currit
550 1451 585 1507 ad
605 1465 734 1523 pugnam
763 1451 814 1522 qui
837 1451 965 1508 victoriae
1020 1463 1123 1506 eorum
1146 1451 1296 1508 bominum
1323 1452 1408 1509 ssilem
1437 1454 1483 1511 vel
1510 1456 1757 1513 consuetudinem
1781 1458 1863 1528 sequi,

119 1548 215 1612 sperat
230 1541 362 1613 gloriam.
388 1541 425 1598 lli
439 1541 526 1597 etiam
542 1541 571 1596 in
595 1547 704 1597 tantam
733 1554 808 1610 saepe
834 1554 1002 1627 prorum·B
1021 1553 1087 1594 euin
1103 1540 1213 1610 quibus
1230 1552 1450 1612 conversantur,
1465 1552 1493 1600 ct
1517 1558 1618 1601 eorum
1638 1547 1782 1615 maxime,
1804 1560 1863 1618 quos

120 1639 193 1702 punt
216 1630 374 1698 insaniam,
398 1638 442 1698 ut,
464 1630 543 1702 qnod
567 1645 596 1686 se
623 1644 681 1686 non
709 1643 790 1700 posse
806 1629 963 1700 intelligere
1021 1626 1148 1697 amplius
1175 1628 1311 1702 diligunt.
1341 1632 1496 1703 Postquam
1524 1648 1592 1690 vero
1620 1635 1717 1692 adulti
1744 1645 1822 1706 sunt,
1839 1643 1863 1691 nt

119 1719 304 1791 confitentur,
326 1719 441 1777 credere
471 1734 501 1776 sc
540 1717 666 1789 profiteri
699 1732 758 1774 non
783 1718 965 1789 erubescant,
1019 1719 1134 1787 proprio
1163 1720 1222 1789 regi
1249 1719 1358 1789 possint
1379 1722 1508 1790 arbitrio,
1528 1737 1586 1779 nun
1606 1724 1717 1791 alieno,
1741 1725 1790 1781 sed
1813 1739 1863 1795 pro

120 1811 203 1881 quasi
219 1809 248 1865 in
264 1809 422 1881 prolatione
445 1807 601 1864 verborum
618 1807 815 1878 potiusquam
841 1806 869 1861 iii
887 1821 964 1863 cum·
1020 1803 1083 1873 prio
1097 1803 1261 1877 eommltltli
1274 1806 1384 1877 judicio
1408 1807 1524 1875 debent,
1550 1824 1602 1864 nec
1624 1817 1684 1865 tam
1709 1813 1861 1881 opinionon

118 1899 308 1969 prebensinnc
335 1897 425 1954 animi
451 1897 521 1953 tides
539 1896 685 1964 consistat,
710 1904 737 1951 et
766 1896 826 1952 oris
847 1896 907 1966 ipsa
928 1898 965 1952 sit
1019 1895 1121 1949 sectari
1145 1907 1233 1963 quam
1253 1892 1402 1949 veritatem
1418 1897 1540 1952 scrutari
1563 1899 1713 1954 convenit.
1738 1900 1803 1955 llaec
1822 1914 1862 1956 ao·

118 1989 211 2061 magis
225 2001 314 2060 quani
328 1987 432 2044 cordis.
449 1986 504 2052 Qui
519 1985 587 2042 liinc
611 2000 669 2057 quo
688 1984 815 2042 maxime
838 1984 966 2057 glorian·
1019 1986 1075 2036 tem
1104 1981 1166 2037 ideo
1191 1982 1354 2051 praelibavi,
1376 1983 1446 2054 quia
1466 1984 1583 2041 tortasse
1609 1986 1707 2056 primo
1738 1991 1773 2044 ad
1799 1989 1861 2044 baur

93 2068 260 2146 ¹tur,cum
285 2084 365 2133 tanta
397 2077 512 2133 credere
542 2074 729 2145 vidilalntur,
753 2088 819 2145 quae
850 2088 966 2130 pecore
1020 2068 1104 2124 iidem
1132 2084 1184 2125 nos
1208 2070 1332 2127 carnalis
1365 2072 1486 2143 originis
1512 2072 1633 2129 allectus
1667 2076 1819 2132 induxerit
1840 2084 1860 2133 et

118 2166 221 2223 disseri
232 2181 284 2222 nec
294 2173 388 2222 mente
405 2164 517 2236 concipi
528 2163 611 2234 (iol.3
630 2164 674 2234 ii.)
694 2164 820 2219 valeant.
833 2163 913 2229 Quod
927 2161 964 2233 [s]
1018 2159 1205 2227 consuetudo,
1226 2160 1427 2230 quamprimo
1447 2164 1590 2219 novimus.
1609 2162 1664 2220 Sed
1679 2165 1745 2236 jain
1760 2166 1861 2223 nosbic

118 2256 204 2311 etiam
227 2255 298 2310 adeo
341 2262 586 2325 praesnmptuosos
621 2260 649 2308 et
680 2253 769 2309 elatos
796 2251 864 2307 lacit
903 2266 966 2321 pro·
1018 2247 1092 2303 ratio
1105 2248 1212 2304 detinet
1227 2251 1321 2319 potius
1340 2264 1429 2321 quam
1443 2251 1550 2322 opinio.

118 2341 965 2415 priaesecesiugutariias,utquoscunqueasevideriot
1053 2337 1164 2393 Pinnos.
1199 2339 1279 2395 ilanc
1307 2339 1390 2396 nobis
1418 2340 1536 2397 obsecro
1563 2341 1711 2399 rationem
1745 2344 1859 2416 aperiet

119 2431 221 2509 iulide
239 2432 388 2499 divisos‚a
414 2430 610 2487 misericordia
643 2429 693 2484 Dei
714 2429 832 2494 alienos,
852 2439 880 2484 ει
904 2442 962 2484 otn-

118 2521 205 2577 nibus
220 2521 284 2577 aliis
300 2520 508 2585 condemnatis,
524 2518 598 2575 solos
622 2533 652 2574 sc
675 2518 831 2588 praedicent
854 2518 962 2574 beatos,

118 2610 174 2666 iliu
189 2611 286 2681 itaque
306 2612 381 2666 banc
395 2623 448 2680 ego
474 2608 587 2680 generis
604 2607 725 2664 bumani
747 2607 901 2662 caecitatem
924 2615 965 2665 at·

118 2714 175 2771 que
190 2700 354 2770 superbiam
371 2699 566 2764 considerans,
591 2697 627 2753 ad
647 2697 775 2752 divitiam
791 2710 835 2752 mc
853 2696 961 2752 contuli

117 2788 355 2854 misericordiam,
379 2787 548 2858 suppliciter
575 2794 603 2842 et
625 2786 736 2857 jugiter
763 2799 827 2841 eam
865 2785 962 2856 implo-

1018 2424 1134 2480 suflicit.

1053 2513 1173 2570 leneus.
1189 2514 1246 2570 Lex
1274 2516 1337 2584 ista,
1362 2530 1452 2587 quaiii
1477 2517 1640 2588 sequimur,
1669 2519 1707 2588 si,
1726 2527 1760 2575 ut
1782 2519 1859 2576 credi·
1897 2532 1899 2553 ¹

1018 2615 1126 2668 musa
1154 2605 1211 2661 Deo
1239 2605 1322 2661 nobis
1352 2606 1418 2661 data
1441 2590 1500 2676 sit,‘
1519 2607 1665 2677 arguendi
1692 2624 1754 2664 non
1772 2621 1859 2666 sumus
1897 2574 1899 2689 ξ

1018 2691 1044 2747 ei
1059 2691 1293 2762 obtemperando,
1321 2695 1381 2750 imo
1406 2695 1441 2751 de
1463 2695 1627 2752 obedentia
1649 2699 1858 2759 remunerandi
1897 2692 1899 2697 ’

1019 2788 1045 2836 ει
1060 2782 1111 2851 qui
1126 2796 1187 2838 eam
1204 2783 1394 2840 coiitein'ount
1415 2784 1597 2842 vebeiiienter
1616 2801 1741 2858 errani;
1758 2787 1859 2860 quodsi
1896 2776 1899 2823 i

118 2890 194 2942 raus,
210 2886 241 2934 ut
255 2880 289 2934 de
305 2886 385 2933 tanta
399 2891 530 2933 errorum
559 2890 698 2945 voragine
719 2882 746 2931 et
763 2884 821 2931 tam
842 2876 965 2929 misera-
981 2873 1003 2932 (i
1020 2883 1072 2924 nos
1086 2884 1148 2926 eam
1164 2886 1265 2943 eogere
1279 2888 1339 2928 non
1361 2887 1515 2943 possumus
1538 2874 1627 2931 allec
1651 2878 1752 2932 datam
1776 2877 1858 2943 luisse,

117 2964 323 3036 biliCbarybdi
339 2981 384 3021 me
399 2966 536 3036 dignetur
560 2965 682 3020 educere
698 2972 786 3034 atque
801 2964 835 3018 ad
852 2973 965 3034 portam

117 3055 220 3110 salutis
235 3058 269 3111 de
302 3056 388 3110 tantis
414 3053 543 3123 procellis
567 3053 702 3124 dirigere.
731 3052 771 3107 Dc
794 3066 852 3124 quo
877 3055 963 3108 etiam

116 3158 197 3200 nunc
211 3158 256 3201 me
279 3144 382 3200 videtis
400 3142 553 3198 sollicitum
570 3150 598 3197 et
619 3155 840 3211 responsionum
856 3150 962 3196 vestra·

116 3244 183 3287 rum
212 3232 392 3288 documentis
414 3237 555 3300 tanquam
580 3228 755 3300 discipulum
779 3230 964 3286 vehementer

115 3318 270 3376 intentum.

31 3479 33 3485 Ι
151 3408 274 3465 lunens.
307 3407 384 3464 Duos
410 3406 528 3478 quidem
562 3404 649 3464 simul
685 3406 877 3480 interrogasti,
914 3406 962 3463 sed

115 3496 190 3554 duos
204 3497 292 3553 smul
316 3497 488 3567 respondere
512 3510 570 3551 non
584 3494 795 3568 conveni[nn]t,
812 3510 847 3553 ne
861 3497 961 3552 inulti-

115 3587 185 3644 tudo
200 3585 381 3657 loquentium
397 3584 552 3656 praepediat
562 3584 748 3641 intellectum.
763 3585 959 3655 Respondebo,

114 3673 139 3728 si
153 3673 253 3743 placet,
277 3687 329 3744 ego
355 3673 479 3744 primus,
505 3669 577 3741 quia
598 3668 682 3739 primi
715 3684 767 3726 nos
790 3669 820 3725 in
847 3669 961 3727 cultum

114 3761 162 3818 Dei
176 3763 321 3829 venimus,
346 3760 392 3817 vel
412 3761 537 3831 primam
566 3758 638 3831 legis
664 3759 846 3830 suscepimus
873 3759 957 3815 disci·

111 3850 232 3920 plinam.
249 3851 349 3906 Frater
364 3863 431 3907 vero
451 3848 503 3906 iste
521 3847 575 3920 qui
600 3862 630 3904 se
651 3846 850 3904 Christianum
875 3847 957 3918 proli·

112 3947 200 4006 tetur,
217 3940 270 3996 ubi
285 3953 329 3995 me
343 3937 463 3995 delicere
476 3937 521 3994 vel
537 3936 635 3994 minus
647 3936 779 3992 sullieerc
801 3950 957 4007 conspexe-

112 4026 160 4096 rit,
190 4028 397 4100 imperlectioni
424 4042 505 4095 meae,
530 4026 607 4099 quod
641 4025 773 4093 deluerit,
802 4026 955 4097 supplebit,

1020 2972 1073 3014 nec
1086 2973 1136 3015 vos
1158 2960 1210 3016 line
1226 2962 1353 3017 relellerc
1373 2964 1483 3019 valetis.
1501 2964 1537 3021 Ut
1559 2973 1657 3020 antem
1683 2980 1723 3021 ex
1741 2967 1859 3021 bumana

1019 3051 1227 3105 cousuetudine
1253 3051 1320 3107 vitae
1350 3065 1501 3108 sumamus
1524 3054 1706 3122 exemplum.
1735 3055 1779 3110 Da
1799 3052 1858 3109 milii
1894 3080 1897 3091 ·

1018 3136 1145 3204 obsecro,
1159 3138 1322 3195 consilium.
1339 3139 1445 3196 Servus
1468 3155 1531 3197 sum
1561 3142 1720 3213 cujusdam
1750 3141 1856 3207 domini,

1017 3231 1126 3280 etcum
1150 3224 1293 3284 oliendere
1312 3229 1497 3285 vehementer
1518 3230 1612 3300 timeo,
1634 3240 1664 3287 et
1689 3232 1796 3288 multos
1818 3231 1856 3286 ba·

1018 3312 1069 3369 beo
1093 3328 1247 3372 conservos
1274 3319 1373 3373 eodem
1399 3319 1502 3374 timore
1528 3319 1678 3376 sollicitos.
1703 3323 1804 3377 Dicunt
1822 3319 1854 3376 illi

1016 3403 1248 3461 mibidominnm
1270 3415 1400 3462 nostruin
1421 3407 1562 3478 quiddam
1585 3411 1757 3480 praecepisse
1775 3408 1851 3466 cumi·

1016 3491 1073 3548 bus
1095 3494 1185 3549 servis
1211 3495 1281 3559 suis,
1297 3510 1341 3552 me
1355 3496 1482 3564 absente,
1498 3497 1575 3568 quod
1598 3513 1654 3570 ego
1680 3514 1740 3555 non
1757 3501 1849 3571 ignoro,

1015 3581 1093 3653 quod
1109 3590 1137 3639 et
1152 3582 1191 3638 illi
1206 3594 1374 3654 operantur,
1390 3593 1418 3640 et
1436 3586 1471 3642 ad
1492 3588 1712 3657 cooperandum
1734 3603 1778 3645 me
1798 3587 1849 3644 bor·

1015 3669 1138 3726 tantur?
1152 3670 1226 3738 Quid
1246 3673 1317 3729 mibi
1341 3674 1444 3731 laudas
1466 3673 1634 3733 iaciendum
1650 3691 1725 3745 esse,
1748 3679 1770 3734 si
1784 3677 1847 3732 deco

1014 3759 1207 3816 dubitaverim
1230 3772 1381 3832 praecepto,
1406 3765 1454 3820 cui
1480 3779 1533 3836 ego
1560 3780 1620 3820 non
1644 3764 1847 3823 interluilb'on

1013 3848 1098 3904 credo
1112 3849 1157 3905 vel
1173 3850 1252 3905 tevel
1268 3851 1359 3907 alium
1375 3852 1446 3908 milii
1465 3853 1627 3919 consulere,
1647 3863 1693 3923 ut,
1715 3867 1849 3911 serrorum

1013 3936 1143 3993 oninium
1170 3939 1288 3995 consilio
1302 3948 1399 4010 spreto
1425 3954 1542 3996 sensum
1560 3943 1716 4012 proprium
1740 3954 1851 4013 sequens

1012 4040 1106 4082 unuin
1130 4041 1175 4083 me
1203 4036 1377 4098 sequestrem
1400 4030 1436 4086 ab
1457 4044 1491 4086 eo
1513 4027 1573 4100 (iol.
1598 4031 1691 4103 ill-l,
1715 4016 1791 4103 nuci
1817 4029 1852 4086 illi

111 4115 164 4188 qui
177 4118 262 4189 quasi
276 4120 333 4175 duo
349 4131 460 4175 cornua
486 4119 514 4172 in
530 4116 644 4172 duobus
670 4129 772 4187 gerens
787 4116 956 4171 Testamen-
973 4153 995 4208 D
1012 4119 1203 4172 communiter
1223 4127 1326 4188 agunt,
1353 4127 1380 4174 et
1397 4119 1475 4190 quod
1498 4133 1598 4175 omnes
1623 4121 1793 4191 praecepisse
1806 4120 1852 4176 do-

111 4207 156 4273 tis,
171 4207 279 4278 quibus
307 4217 437 4263 armatus
458 4204 584 4262 validius
606 4205 680 4261 hosti
704 4205 834 4262 resistere
853 4204 957 4278 poterit
1011 4204 1122 4260 minum
1140 4214 1290 4274 testantur,
1317 4208 1442 4264 maxime
1466 4222 1534 4264 cum
1557 4208 1614 4264 tale
1630 4209 1770 4266 videatur
1792 4221 1853 4280 pre

110 4303 138 4352 ct
157 4297 305 4351 dimicare.

146 4385 347 4443 Putinsoenus
370 4382 511 4440 Assentio.

144 4477 264 4532 lunens.
284 4476 342 4530 iloc
356 4482 451 4529 autem
482 4479 548 4528 ante
569 4470 730 4528 collationis
754 4479 859 4527 nostrae
886 4485 952 4528 con-

109 4565 218 4622 dictum
244 4576 417 4635 praemooere
434 4571 460 4618 te
478 4561 552 4625 volo,
576 4575 612 4616 nc
633 4561 656 4616 si
681 4558 753 4615 iorte
781 4559 953 4630 simplicita-

109 4660 163 4711 tem
180 4668 271 4710 meam
301 4651 563 4723 philosophicarum
589 4649 709 4705 veritate
733 4651 877 4705 rationum
903 4662 951 4704 su·

106 4757 208 4814 perare
237 4743 372 4810 videaris,
396 4747 423 4797 tc
450 4748 560 4795 nostros
585 4738 649 4794 ideo
672 4738 773 4794 vicisse
810 4738 946 4809 glorieris,

105 4848 159 4890 uec
179 4832 400 4889 imbecillitatem
424 4829 512 4886 unius
529 4827 699 4884 homunculi
723 4827 759 4882 ad
787 4827 884 4897 populi
909 4836 947 4883 to·

104 4922 164 4978 tius
187 4932 338 4979 convertas
366 4918 565 4992 ignominiam.
596 4932 648 4975 nec
673 4932 709 4973 ex
736 4917 860 4973 bominis
879 4915 948 4972 vitio

103 5010 189 5069 fldem
214 5014 384 5082 redarguas,
408 5023 460 5065 nec
486 5021 549 5065 eam
576 5007 764 5063 calumnieris
786 5021 946 5076 erroneam,

101 5103 178 5175 quod
191 5117 245 5174 ego
259 5116 323 5157 eam
338 5102 476 5156 disserere
492 5099 587 5155 minus
598 5096 749 5154 suitleiam.

135 5193 336 5249 Piiiiosoriios.
354 5190 389 5246 Et
410 5187 464 5244 boc
478 5201 595 5258 quoqne
615 5187 733 5258 provide
748 5188 818 5244 satis
831 5186 946 5246 videtur

98 5294 160 5336 esse
175 5283 287 5338 dictum
303 5296 310 5336 ε
327 5279 376 5336 sed
398 5277 480 5334 nulla
494 5285 537 5334 est
558 5276 727 5333 necessitate
751 5277 943 5348 praemissum,

98 5380 166 5423 cum
181 5383 227 5424 me
240 5368 373 5427 videlicet
390 5367 428 5423 ad
449 5365 577 5424 veritatis
602 5363 819 5438 inquisitionem
834 5380 892 5422 non
907 5364 944 5423 ad

96 5453 230 5514 elationis
242 5454 460 5515 ostentationem
477 5454 610 5515 laborare
636 5469 696 5514 non
717 5452 865 5525 dubitetis,
890 5468 943 5512 neo

1010 4303 1135 4364 ceptum,
1152 4296 1227 4365 quod
1245 4296 1326 4351 nulla
1342 4297 1430 4367 possit
1445 4297 1558 4353 ratione
1577 4296 1682 4353 reielli.
1700 4299 1777 4363 Ouid
1792 4297 1851 4354 nidd
1891 4294 1896 4389 ξ

1010 4397 1124 4439 necesse
1138 4392 1179 4438 est
1199 4385 1234 4439 de
1252 4387 1379 4454 periculo
1404 4386 1546 4455 dubitare,
1564 4400 1657 4457 aquo
1680 4402 1800 4458 possunt
1820 4401 1852 4443 se
1892 4398 1896 4423 ²

1007 4485 1097 4528 curus
1131 4473 1277 4530 existere?
1301 4473 1329 4529 Si
1357 4475 1410 4531 boc
1434 4475 1572 4532 Dominus
1604 4479 1745 4548 praecepit
1783 4473 1849 4548 qnod
1893 4478 1896 4495 '

1007 4561 1166 4618 inultorum
1207 4563 1369 4620 testimonio
1406 4563 1605 4633 confirmatur,
1638 4574 1667 4621 et
1697 4566 1848 4635 plurimun
1887 4512 1897 4683 ι

1007 4648 1092 4706 babet
1115 4651 1243 4719 rationis,
1269 4652 1473 4708 inexcusabilis
1494 4654 1612 4708 omnino
1626 4667 1707 4722 sum,
1726 4656 1779 4727 qui
1800 4666 1846 4710 nor

1005 4739 1113 4796 obedio.
1129 4740 1158 4795 Si
1177 4748 1273 4796 anterii
1288 4743 1405 4798 consilio
1426 4742 1470 4798 vel
1490 4742 1695 4798 exhortatione
1721 4754 1751 4800 et
1762 4758 1845 4801 excin-

1004 4829 1050 4899 plo
1076 4843 1280 4886 conservorum
1307 4831 1451 4902 deeeptus,
1478 4832 1554 4902 quod
1586 4843 1770 4903 preceptum
1799 4845 1843 4889 noi
1887 4882 1890 4897 ‚

1003 4917 1049 4984 sit,
1065 4932 1175 4988 operor,
1204 4921 1257 4976 etsi
1281 4921 1459 4990 oprandum
1490 4935 1547 4976 uon
1567 4920 1666 4990 luerit,
1684 4923 1745 4979 illis
1765 4924 1842 4994 potins
1886 4926 1890 4949 ¹

1002 5020 1090 5077 quam
1108 5008 1179 5063 iiiilii
1193 5017 1235 5065 cst
1255 5009 1471 5082 imputandum,
1485 5024 1573 5081 quem
1589 5011 1627 5067 ad
1652 5011 1710 5069 boc
1726 5025 1841 5070 reveren
1883 4958 1890 5103 1

1000 5095 1042 5152 tia
1057 5097 1166 5152 domini
1183 5098 1281 5155 traxit.

1035 5187 1145 5244 l'uiios.
1173 5186 1253 5244 Certe
1278 5195 1311 5244 tu
1331 5189 1390 5260 ipse
1417 5189 1573 5246 consilium
1600 5191 1746 5260 aperuisti
1774 5186 1839 5263 qnod

999 5275 1157 5346 requisisti,
1181 5291 1324 5348 nemoque
1352 5288 1452 5336 contra
1472 5279 1526 5336 boc
1548 5278 1693 5338 discretus
1719 5279 1837 5345 senserit,

998 5365 1046 5422 sed
1061 5374 1129 5436 apta
1151 5367 1303 5438 proposita
1322 5367 1523 5427 similitudinis
1543 5370 1715 5443 exemplum
1739 5371 1775 5427 ad
1794 5370 1837 5426 bec

997 5452 1102 5527 qu0[d]
1113 5456 1269 5516 tendimns.

1889 4686 1894 4731 'i
