3804 5962
721 210 841 284 ⁸rertsr.
859 209 892 267 ι.
1639 220 1692 278 soe

79 342 88 402 l
109 351 168 403 tam
191 342 343 403 manifesto
365 340 471 401 divine
495 339 699 399 misericordie
717 353 785 398 con-
801 340 831 394 A·
840 346 942 398 uenter
962 339 1103 399 sustineo.
1129 341 1211 400 Nosti
1232 343 1320 404 etiam
1351 353 1461 419 quanto
1486 353 1514 406 te
1539 348 1692 421 gravidam

79 435 175 494 unisse
198 434 392 493 credideram.
412 431 496 501 Que,
517 437 626 503 quanto
646 429 698 489 tibi
716 429 790 502 peri·
844 428 874 485 in
894 443 988 487 meam
1013 431 1160 489 transmisi
1184 434 1318 504 patriam,
1343 449 1425 493 sacro
1448 444 1476 494 te
1490 436 1594 495 babitu
1608 438 1693 497 indu·

79 532 136 594 est,
160 538 265 596 corpus
287 531 373 581 tuum
396 522 504 593 pariter
527 528 554 578 et
576 520 704 577 animam
724 533 790 576 cen·
843 525 902 576 tam
921 520 1076 577 monialem
1094 527 1122 578 te
1141 521 1277 592 linxisse,
1297 532 1325 581 et
1345 523 1395 580 tali
1414 525 1598 584 simulatione
1616 535 1691 598 tue,

79 621 157 671 tauto
187 612 377 671 miserabilior
400 619 443 668 est
471 614 499 667 et
527 608 598 667 mihi
627 607 787 666 molestior.
843 621 933 679 quam
958 623 1038 666 nunc
1060 609 1159 679 babes,
1180 611 1314 684 religioni
1338 613 1528 673 irreverenter
1551 616 1691 675 illusisse.

79 718 92 760 r
114 701 185 760 mibi
205 701 372 774 peremnia
391 700 513 772 placere,
534 700 609 756 sicut
628 697 787 770 profiteris,
843 696 924 753 Unde
944 698 1029 754 ctiam
1055 713 1144 768 pensa
1168 714 1257 772 quam
1283 703 1489 760 convenienter
1511 704 1548 761 ad
1570 705 1646 762 banc
1665 712 1693 764 te

82 791 142 848 boc
157 791 258 848 saltem
279 805 339 849 uno
359 798 392 847 ut
409 802 454 845 me
469 802 528 845 non
543 787 664 856 crucies,
683 788 741 843 imo
757 791 789 843 ut
841 785 1012 859 religionem
1033 787 1132 845 divina
1151 788 1275 861 justitia,
1299 791 1356 848 imo
1380 792 1474 864 gratia
1493 793 1616 851 traxerit
1635 810 1690 852 uo-

79 894 217 951 nmopere
241 879 363 951 placeas,
388 877 465 934 banc
488 877 608 948 depone.
634 876 706 933 Cum
730 888 790 946 qua
843 874 958 943 lentem,
975 875 1022 933 cui
1039 876 1131 934 verita
1145 891 1204 934 non
1219 891 1249 934 es
1264 877 1395 949 illudere,
1414 880 1514 937 volens
1531 888 1564 938 ut
1584 881 1693 953 inipso

79 975 178 1040 ¹potes
194 968 317 1038 placere,
337 981 432 1039 neque
447 980 561 1024 mecum
576 965 612 1022 ad
631 964 790 1023 beatitudi-
842 961 907 1020 luas
921 963 1023 1022 babitu
1038 966 1117 1037 quod
1139 965 1170 1022 iu
1193 966 1289 1037 ipsum
1302 967 1462 1039 deliquisti,
1480 976 1509 1027 et
1528 969 1693 1029 simulatio-

79 1058 188 1115 rcnire.
207 1056 367 1115 sustinebis
386 1056 456 1114 illuc
472 1070 517 1111 me
532 1055 635 1112 sinete
655 1067 788 1127 pergere,
844 1051 889 1109 nis
903 1053 1052 1111 mendacio
1076 1055 1137 1126 ipsa
1150 1055 1191 1112 rei
1207 1056 1314 1114 veritas
1328 1057 1488 1115 remedium
1514 1066 1639 1129 praestet,
1666 1068 1695 1119 et

79 1160 134 1203 am
155 1146 192 1203 ad
212 1146 351 1205 Vulcania
375 1144 517 1218 promeris
545 1152 572 1202 te
595 1143 677 1216 sequi
699 1142 790 1202 velle?
843 1139 998 1199 falsitatem
1020 1142 1161 1200 emendet.
1183 1143 1265 1208 Quod
1289 1144 1312 1200 si
1332 1143 1438 1201 divine
1461 1145 1492 1202 in
1511 1146 1594 1203 nobis
1609 1148 1694 1220 justi·

79 1249 129 1293 em
155 1249 215 1293 uno
243 1234 411 1307 religionem
437 1239 549 1304 appete,
577 1246 613 1289 ne
640 1246 658 1288 a
681 1245 726 1288 me
754 1229 791 1287 ad
845 1229 891 1286 tie
921 1236 1050 1287 nostram
1073 1230 1144 1288 velis
1166 1231 1319 1289 utilitatem
1344 1232 1522 1305 adjungere,
1548 1249 1606 1292 non
1632 1242 1694 1293 tam

79 1331 98 1382 ιι
121 1324 224 1393 credis,
248 1330 450 1396 properantem
477 1321 637 1392 dividaris3
661 1327 689 1378 et
711 1327 791 1377 tanto
842 1316 985 1389 iustitiam
1005 1333 1094 1391 quam
1114 1319 1238 1395 gratiam
1259 1320 1309 1377 Dei
1329 1320 1407 1392 quod
1425 1328 1494 1378 tunc
1510 1322 1569 1394 egit
1591 1322 1622 1379 in
1639 1338 1694 1381 no-

82 1420 219 1486 ‚quanto
235 1428 294 1485 quo
308 1412 484 1470 veniendum
509 1410 593 1468 nobis
615 1417 657 1468 est
677 1409 792 1467 beatius
845 1406 889 1464 bis
903 1407 1008 1478 poteris
1031 1407 1186 1480 appellare.
1208 1409 1328 1467 strenue
1347 1408 1456 1481 itaque,
1479 1410 1604 1482 attende,
1621 1412 1693 1469 cha-

85 1510 168 1559 tauto
196 1501 303 1559 scilicet
334 1501 453 1558 societas
481 1506 580 1556 nostra
605 1499 641 1556 sit
667 1497 790 1571 gratior,
845 1494 976 1563 rissima,
1003 1496 1112 1567 quibus
1135 1496 1337 1555 misericordie
1365 1513 1426 1556 sue
1447 1498 1596 1557 retibusa
1624 1514 1694 1570 pro-

79 1588 200 1647 lclicior.
227 1590 370 1648 Memento
394 1603 461 1660 qne
485 1587 602 1645 dixeris.
632 1589 792 1645 Recordare
808 1638 830 1694 B
846 1584 936 1642 tundo
965 1585 1054 1658 hujus
1082 1593 1140 1643 tam
1173 1587 1326 1658 periculosi
1354 1588 1443 1645 maris
1470 1602 1523 1645 nos
1556 1589 1697 1647 Dominus

79 1679 190 1751 ipscris,
215 1679 245 1735 in
269 1678 323 1735 bec
345 1677 480 1735 videlicet
504 1683 609 1734 nostre
633 1676 794 1734 conversio-
849 1674 1017 1746 piscaverit,
1046 1681 1074 1731 et
1099 1689 1116 1731 a
1137 1682 1255 1747 quante
1279 1675 1430 1733 Charibdis
1453 1677 1592 1750 voragine
1618 1691 1696 1736 nau-

79 1781 99 1835 ι,
120 1782 181 1839 quo
200 1767 273 1824 mibi
291 1767 367 1825 Deus
385 1766 512 1837 amplius
531 1765 679 1822 adversari
699 1764 794 1821 credi·
848 1761 945 1833 tragos
974 1760 1039 1819 licet
1061 1762 1168 1821 invites
1196 1764 1366 1835 extraxerit,
1397 1768 1431 1823 ut
1449 1766 1550 1823 merito
1570 1771 1694 1837 uterque

79 1855 210 1929 pitiorcm
236 1856 308 1912 mihi
333 1855 407 1913 sicut
429 1854 613 1911 manifestum
640 1861 683 1911 cst
702 1855 795 1912 exsti·
849 1857 982 1909 nostrum
1015 1849 1045 1907 in
1075 1850 1155 1908 illam
1189 1866 1376 1924 perrumpere
1405 1853 1460 1925 [ot.
1496 1852 1698 1926 prorumpere]

79 1959 107 2002 tc
128 1959 189 2002 uno
209 1944 310 2001 saltem
330 1944 393 2001 bec
415 1943 479 2016 ejus
501 1941 648 2014 dispositio
666 1943 717 2002 tibi
737 1943 796 2016 pla·
849 1952 929 2008 pesse
957 1937 1092 1997 videatur
1123 1953 1247 1997 vocem:
1285 1962 1296 1991 ι
1329 1943 1462 1997 Dominus
1493 1942 1625 1998 sollicitus
1658 1947 1700 1998 est

79 2034 120 2092 ‚od
140 2034 212 2092 mibi
229 2035 267 2091 sit
288 2032 496 2103 saluberrima,
518 2032 577 2089 imo
596 2032 667 2089 mibi
687 2033 796 2104 pariter
849 2027 1117 2097 metretum,
1136 2030 1190 2099 ¹8)-
1213 2049 1227 2078 >¹
1242 2029 1344 2101 Cogita
1357 2036 1385 2087 et
1401 2030 1538 2103 recogita,
1555 2030 1585 2088 in
1600 2045 1697 2103 quan-

90 2121 117 2179 si
144 2123 286 2180 rationem
312 2122 358 2179 vis
386 2120 492 2179 doloris
516 2120 658 2178 admittat.
686 2123 742 2179 Nec
771 2128 796 2178 te
849 2116 887 2173 tis
908 2114 960 2186 ipsi
984 2129 1035 2172 nos
1049 2115 1186 2187 periculis
1206 2118 1356 2175 constituti
1375 2132 1502 2188 eramus,
1517 2127 1576 2177 eta
1602 2135 1698 2192 quan-

79 2209 106 2266 οι
126 2223 245 2266 causam
269 2223 329 2266 esse
354 2208 460 2275 doleas,
485 2208 522 2264 ad
547 2209 624 2276 quod
646 2215 673 2264 te
698 2223 716 2265 a
739 2207 796 2265 Deo
850 2204 886 2261 tis
912 2218 964 2261 nos
988 2204 1096 2261 eruerit
1120 2205 1289 2264 Dominus:
1317 2214 1344 2265 et
1367 2221 1456 2265 narra
1487 2222 1602 2279 semper
1631 2224 1699 2266 cum

86 2306 214 2356 creatam
229 2311 362 2355 essenon
377 2296 507 2355 dubites.
523 2296 582 2354 Nec
596 2297 666 2368 quia
682 2298 710 2354 id
722 2297 796 2355 tule·
851 2306 966 2350 summa
993 2293 1155 2365 gratiarum
1187 2294 1299 2352 actione
1327 2303 1438 2367 quanta
1463 2296 1528 2354 lecit
1557 2297 1698 2355 Dominus

79 2401 157 2461 ngas,
183 2388 239 2444 nisi
262 2401 329 2444 cnm
353 2394 516 2457 martyrum
540 2385 725 2457 passionum,
750 2386 797 2457 ip·
852 2382 957 2439 animae
976 2389 1080 2439 nostre
1100 2382 1175 2455 (Psoi
1200 2383 1283 2455 nxv);
1311 2391 1340 2440 et
1359 2385 1502 2457 quoslibet
1524 2386 1640 2458 iniquos
1663 2386 1700 2444 de

94 2475 252 2532 Dominice
279 2475 379 2531 mortis
408 2473 557 2530 commoda
584 2481 610 2530 te
646 2473 799 2531 contrista·
852 2469 979 2528 bonitate
994 2471 1106 2528 Domini
1121 2471 1303 2543 desperantes
1321 2482 1419 2531 nostro
1439 2474 1585 2532 consolare
1599 2489 1701 2533 exem-

80 2564 194 2635 uuquid
214 2564 238 2621 si
261 2563 288 2619 id
305 2563 376 2619 mibi
388 2563 466 2634 juste
479 2560 644 2630 accidisset,
659 2562 799 2619 tolerabi-
853 2557 911 2631 plo,
935 2567 967 2616 ut
981 2559 1137 2617 edvertant
1151 2574 1251 2617 omnes
1270 2561 1340 2632 quid
1356 2561 1589 2633 supplicantibus
1613 2572 1701 2635 atque

79 2665 121 2721 ce,
142 2660 170 2709 et
197 2653 293 2709 minus
316 2658 343 2709 te
364 2649 537 2724 ollenderet‘?
559 2650 687 2708 Proiecto
712 2651 736 2707 si
758 2651 800 2708 sie
854 2648 1018 2720 petentibus
1037 2649 1096 2717 liat,
1119 2663 1187 2706 cum
1207 2657 1266 2706 tam
1285 2649 1335 2720 [ot.
1356 2649 1429 2721 jam]
1452 2652 1651 2722 peccatoribus
1674 2660 1702 2709 et

79 2755 104 2799 ιο
128 2741 215 2798 ιιιοιιο
242 2740 421 2812 contingeret
443 2754 503 2811 quc
525 2739 595 2796 mibi
617 2747 690 2797 esset
713 2739 799 2812 igno·
854 2736 954 2794 invitis
972 2745 1052 2795 tanta
1072 2745 1247 2808 praestentur
1266 2738 1413 2795 beneficia.
1436 2740 1580 2810 Perpende
1598 2740 1702 2797 altissi-

79 2844 116 2899 ts,
134 2829 301 2886 etinimicis
317 2827 506 2896 laudabilius,
529 2842 597 2885 cum
612 2828 668 2885 illis
683 2828 799 2885 laudem
855 2839 936 2883 mum
955 2826 986 2882 in
1008 2825 1092 2882 nobis
1116 2826 1223 2883 divine
1244 2825 1397 2885 consilium
1416 2826 1540 2899 pietatis,
1561 2835 1588 2885 et
1612 2842 1702 2900 qnam

79 2917 199 2974 etmihi
222 2925 418 2988 contemptum
437 2917 600 2989 acquireret
617 2917 719 2988 culpa.
742 2917 800 2974 Nec
817 2917 838 2975 G
855 2913 1075 2972 misericorditer
1099 2913 1241 2986 judicium
1267 2929 1354 2973 suum
1382 2915 1523 2973 Dominus
1546 2915 1575 2973 in
1606 2931 1702 2975 corre·

79 3007 188 3078 'uquam
208 3006 286 3078 quod
304 3013 400 3062 actum
420 3013 462 3062 est
483 3013 649 3074 accusaret,
671 3014 702 3064 nt
723 3020 801 3063 com·
855 3003 982 3075 ptioucm
999 3003 1127 3071 verterit,
1147 3010 1175 3062 et
1194 3017 1284 3075 quarn
1303 3004 1461 3075 prudenter
1478 3005 1563 3063 malis
1585 3021 1703 3078 quoque

79 3093 163 3149 tmei
193 3100 367 3149 moveretur.
395 3092 431 3149 Ut
458 3099 554 3149 tamen
569 3098 608 3160 ,et
633 3094 688 3151 heo
717 3094 801 3151 modo
855 3089 924 3160 ipsis
952 3104 1024 3148 usus
1052 3091 1099 3159 sit,
1130 3098 1158 3148 et
1191 3091 1366 3163 impietatem
1394 3092 1440 3164 pie
1468 3092 1640 3164 deposuerit,
1670 3101 1704 3151 ut

79 3181 292 3238 ‚maritudinem
322 3178 432 3237 doloris
455 3180 613 3250 leniamus,
643 3189 703 3239 tam
725 3182 803 3254 J'uste
856 3179 1048 3250 uniuspartis
1073 3178 1201 3250 corporis
1229 3179 1461 3252 meijustissima
1486 3180 1573 3254 plaga
1588 3181 1703 3240 duabus

79 3270 172 3328 tiliter
190 3270 218 3326 id
245 3268 475 3327 monstrabimus
498 3270 580 3327 nobis
599 3271 751 3341 accidisse,
775 3280 803 3330 et
856 3268 1020 3326 mederetur
1038 3267 1205 3325 animabus.
1233 3267 1337 3326 Confer
1362 3268 1525 3340 periculum
1548 3277 1576 3327 et
1597 3269 1704 3328 libera-

82 3359 113 3415 in
137 3358 309 3431 conjugatos
331 3372 421 3429 quarn
452 3359 480 3414 iu
510 3358 686 3417 fornicantes
707 3359 803 3417 ultum
856 3357 943 3415 tionis
970 3356 1097 3416 modurn.
1127 3357 1230 3414 Conler
1257 3356 1429 3430 languorem
1461 3366 1489 3415 et
1517 3359 1706 3417 medicinam.

79 3446 175 3505 inisse
204 3447 283 3504 Nosti
314 3453 376 3518 post
400 3447 496 3505 uestri
530 3446 803 3506 confederationem
857 3446 1025 3504 Meriterum
1058 3460 1146 3504 cansa
1176 3445 1292 3517 inspice,
1319 3454 1348 3503 et
1380 3447 1570 3504 miserationis
1600 3448 1706 3507 ellectu

87 3550 186 3606 ,cum
207 3535 371 3608 Argentecli
392 3549 459 3593 curn
479 3537 748 3595 sanctimonialibus
772 3539 803 3596 in
856 3535 1010 3593 admirare.
1033 3535 1112 3593 Nosti
1131 3535 1251 3607 quantis
1276 3534 1509 3607 turpitudinibus
1538 3537 1707 3594 immodera-

90 3625 327 3693 conversabaris,
344 3639 389 3682 me
404 3625 450 3682 die
464 3626 591 3697 quadam
609 3627 745 3698 privatim
766 3629 803 3685 ad
857 3632 887 3682 ta
910 3638 975 3681 mea
997 3623 1085 3681 libido
1112 3637 1232 3695 corpora
1254 3631 1353 3681 nostra
1376 3624 1545 3694 addixerat,
1567 3634 1602 3683 ut
1625 3627 1707 3685 nulla

79 3713 174 3771 tudam
192 3713 314 3780 venisse,
335 3713 451 3784 etquid
473 3713 512 3770 ibi
531 3722 627 3773 tecum
647 3730 717 3772 mee
736 3715 803 3773 libi.
858 3712 1015 3770 honestatis
1033 3712 1078 3769 vel
1106 3712 1158 3769 Dei
1172 3713 1334 3770 reverentia
1357 3712 1387 3769 in
1410 3712 1481 3784 ipsis
1505 3713 1591 3772 etiam
1604 3715 1708 3774 diebus

79 3801 144 3875 gerit
163 3801 385 3873 intemperantia
409 3802 439 3857 in
462 3803 589 3874 quadam
613 3804 699 3861 etiam
723 3813 804 3876 parte
858 3801 1013 3859 Dominice
1049 3800 1199 3872 passionis,
1240 3801 1285 3858 vel
1326 3808 1625 3875 quantarumcunque
1660 3819 1706 3862 so·

79 3889 226 3958 electerii,
242 3904 312 3946 cnm
326 3890 404 3962 quod
419 3889 491 3947 alias
505 3890 729 3961 diverteremus,
747 3908 805 3951 nou
858 3890 1041 3965 lemnitatum
1060 3890 1096 3946 ad
1116 3889 1206 3961 buius
1226 3889 1280 3947 luti
1300 3889 1453 3948 volutabro
1473 3905 1519 3947 me
1539 3900 1704 3949 revocaret.

79 3994 143 4037 uus.
157 3979 248 4048 Nosti,
265 3974 397 4050 inquam,
424 3978 453 4035 id
466 3979 717 4051 impudentissime
734 3989 805 4041 tuno
860 3981 914 4039 Sed
932 3989 960 4038 et
974 3988 1000 4038 te
1015 3980 1169 4050 nolentem,
1191 3986 1219 4037 et
1234 3987 1320 4050 prout
1340 3985 1453 4050 poteras
1471 3978 1661 4037 reluctantem
1680 3991 1709 4042 et

79 4081 136 4126 esse
158 4069 188 4124 in
210 4075 270 4125 tam
293 4068 451 4125 reverendo
473 4068 533 4126 loco
555 4077 583 4127 et
599 4084 721 4128 summe
743 4073 805 4130 Vir·
860 4069 1088 4138 dissuadentem,
1109 4082 1175 4141 que
1200 4075 1308 4125 natura
1339 4066 1480 4125 infirmior
1499 4082 1576 4139 eras,
1601 4071 1709 4141 sepius

79 4165 223 4215 nsecrato.
249 4156 341 4225 Quod,
366 4164 394 4215 et
421 4157 443 4214 si
467 4157 525 4214 alia
545 4167 654 4216 cessent
677 4160 802 4233 flagitia,
820 4183 843 4238 Ι)
860 4157 949 4214 minis
973 4171 1007 4215 ac
1028 4157 1149 4231 flagellis
1172 4157 1208 4213 ad
1232 4170 1405 4215 consensum
1430 4158 1592 4216 trahebam.
1617 4160 1709 4219 Tanto

79 4246 203 4319 pariere
223 4245 342 4318 signum
364 4245 401 4303 sit
423 4245 548 4304 ultione.
574 4247 648 4315 Quid
672 4250 809 4319 pristinas
862 4249 939 4305 enim
960 4247 1012 4305 tibi
1031 4247 1271 4319 concupiscentie
1304 4246 1407 4305 ardore
1440 4248 1593 4321 copulatus
1612 4264 1707 4321 eram,

79 4335 162 4391 iones
198 4341 227 4392 et
253 4332 520 4405 impudentissimas
553 4335 678 4393 releram
709 4336 807 4409 pollu-
860 4346 893 4395 ιιι
908 4337 1026 4394 miseras
1050 4336 1112 4393 illae
1135 4345 1163 4393 et
1176 4335 1403 4394 obscencssimas
1424 4336 1604 4409 voluptates,
1635 4354 1710 4412 quas

84 4434 152 4493 quae
183 4421 354 4493 conjugium
376 4425 602 4494 precesserunt?
625 4423 700 4492 Quid
724 4441 808 4484 sum·
860 4426 947 4485 etiam
972 4424 1123 4482 nominare
1144 4425 1360 4494 contundimur,
1379 4432 1439 4483 tam
1454 4425 1511 4482 Deo
1533 4441 1623 4498 qnam
1637 4429 1710 4485 mibi

79 4508 186 4582 eniqne
207 4509 399 4582 proditionem
420 4524 525 4581 meam,
550 4506 671 4585 qna‘de
693 4522 721 4573 te
745 4516 808 4588 ipsa
861 4514 916 4586 ipsi
938 4527 1159 4586 proponerem:
1185 4528 1239 4570 nec
1262 4521 1322 4571 tam
1347 4513 1432 4571 aliter
1454 4514 1603 4571 consulere
1627 4528 1708 4586 posse

79 4612 146 4657 cum
163 4612 222 4670 quo
235 4598 351 4656 assidue
373 4597 403 4655 in
417 4601 481 4672 ejus
496 4600 580 4658 domo
602 4602 806 4669 convivebam,
861 4603 961 4661 divina
973 4603 1122 4659 videretur
1134 4601 1295 4672 clementia,
1318 4602 1375 4660 nisi
1395 4603 1449 4660 bas
1462 4601 1534 4659 milri
1547 4602 1710 4674 voluptates

79 4686 144 4746 lum
170 4695 231 4745 mm
252 4687 376 4759 turpiter
398 4688 522 4746 seduxit
552 4688 621 4756 Quis
644 4705 689 4749 me
715 4692 751 4750 ab
774 4706 809 4750 eo
862 4691 924 4749 sine
943 4704 992 4763 spe
1011 4690 1072 4749 ulla
1090 4692 1218 4749 omnimo
1236 4690 1419 4750 interdiceret
1434 4690 1484 4763 [αι.
1506 4692 1710 4766 intercideret}

79 4776 146 4834 rodi
172 4790 231 4834 non
258 4783 388 4846 censeat,
412 4792 500 4849 quern
532 4786 591 4835 tam
627 4779 810 4852 impudenter
863 4781 944 4839 Unde
960 4779 1120 4852 justissime
1142 4787 1170 4837 et
1190 4779 1410 4838 clementissime
1428 4780 1493 4839 licet
1510 4796 1577 4839 cum
1596 4795 1711 4840 summa

79 4878 105 4923 se
125 4863 328 4935 prodideram?
362 4865 449 4924 Putas
472 4867 509 4923 ad
532 4875 679 4926 tantorum
713 4869 809 4928 crimi-
864 4870 907 4927 tui
931 4868 1072 4927 avunculi
1103 4868 1264 4940 proditione
1289 4876 1322 4926 ut
1351 4869 1381 4925 in
1406 4869 1507 4927 multis
1536 4884 1711 4942 crescerem,

79 4951 198 5012 itionem
219 4960 454 5012 momentaneum
472 4955 551 5014 illius
568 4957 661 5031 plage
683 4959 809 5017 dolorem
864 4967 944 5030 parte
962 4957 1011 5016 illa
1030 4957 1157 5029 corporis
1178 4973 1244 5016 sum
1263 4959 1404 5027 minutus,
1427 4957 1458 5014 iu
1472 4973 1564 5030 quam
1584 4960 1713 5019 libidinis

79 5040 115 5100 a?
139 5043 201 5099 lmo
228 5042 315 5100 tantis
337 5043 421 5101 malis
449 5052 565 5103 tantum
585 5047 716 5105 debitum
749 5061 811 5105 esse
864 5061 989 5120 regnum
1011 5054 1087 5118 erat,
1114 5054 1143 5104 et
1167 5055 1226 5106 tota
1245 5047 1335 5120 hujus
1361 5047 1601 5118 concupiscentie
1624 5063 1714 5108 cansa

79 5131 166 5190 lumi
179 5129 400 5205 Quamplogam
415 5133 520 5192 divine
546 5135 678 5194 sulficere
692 5136 812 5208 justitie
865 5136 1051 5205 consistebat,
1075 5142 1109 5192 ut
1128 5136 1206 5207 juste
1237 5135 1308 5193 illud
1331 5135 1503 5206 plecteretur
1532 5137 1715 5213 membrum,

79 5219 232 5278 ιιιοιιιοοι
253 5222 542 5293 contaminationem,
558 5232 593 5283 ut
610 5225 748 5295 diximus,
766 5240 813 5283 sa·
866 5225 945 5299 quod
967 5225 997 5283 in
1020 5223 1105 5282 nobis
1128 5224 1310 5282 commiserat
1333 5231 1435 5291 totum,
1460 5231 1488 5281 ct
1512 5226 1644 5296 expiaret
1663 5245 1718 5303 pa·

103 5308 161 5367 loci
191 5323 252 5367 suae
278 5310 398 5369 manis?
428 5312 519 5381 certe,
547 5313 602 5371 nisi
627 5315 814 5373 vehementer
865 5312 962 5372 tiendo
992 5311 1070 5384 quod
1095 5310 1255 5384 deliquerat
1278 5311 1464 5381 oblectando,
1488 5319 1516 5370 et
1537 5312 1575 5370 ab
1599 5312 1647 5371 bis
1671 5336 1724 5389 mg

79 5412 121 5458 on
145 5405 208 5456 tam
232 5397 281 5456 illa
303 5399 495 5460 saluberrima
516 5401 602 5476 plaga
623 5402 654 5460 in
674 5403 814 5462 ultionem
867 5400 1029 5474 spurcitiis,
1053 5400 1162 5473 quibus
1184 5414 1230 5458 me
1258 5408 1351 5459 totum
1373 5400 1458 5474 quasi
1481 5400 1543 5460 luto
1566 5402 1730 5484 immem.

90 5499 238 5549 wnversa
268 5493 321 5560 cst,
344 5502 433 5563 quam
456 5504 523 5565 que
553 5490 682 5565 qnotidie
706 5489 815 5552 indesi-
868 5505 947 5562 ram,
972 5493 1033 5551 ιοιο
1053 5498 1150 5551 mente
1168 5501 1260 5564 quam
1284 5502 1403 5563 corpore
1425 5489 1680 5576 circumcideret3
1717 5528 1747 5589 ἢκ
