3804 5962
91 181 163 239 1117
485 194 489 200 ·
574 181 1399 269 11111111111111011111111.-1111110111,
1804 180 1858 236 118

108 304 274 364 intellexisti
307 306 487 367 laudandum
519 313 684 370 mortalium
715 316 878 386 mentibus,
907 312 1130 374 sedAmuliere
1153 311 1208 367 hac
1228 310 1351 381 postulet
1373 321 1492 378 aquam,
1519 306 1571 377 qui
1596 306 1732 364 omnihus
1754 305 1858 363 tribuit

109 394 200 466 spinis
222 397 375 467 coronasti,
401 398 436 454 iel
460 400 610 458 miscuisti.
627 403 737 474 Templi
761 406 857 463 velum
882 407 956 462 sein-

108 483 203 550 detur,
218 491 245 541 et
260 485 288 540 in
306 487 397 543 medio
412 488 457 544 die
484 505 542 545 nox
567 491 620 547 erit
636 493 728 549 trihus
746 493 836 559 horis,
852 502 879 552 et
893 510 954 552 mo-

109 572 212 643 rietur,
237 573 329 630 trihus
352 575 453 633 diebus
478 592 577 634 somno
602 592 743 653 suscepto,
771 594 799 641 et
825 593 893 641 tunc
918 586 954 642 ab

108 660 208 718 inieris
228 676 376 733 regressus
399 666 435 720 ad
462 665 555 724 lucem
582 670 697 739 veniet,
719 674 831 742 primus
855 689 955 731 resur-

109 749 243 806 rectionis
268 751 410 823 priucipio
433 764 578 813 ostensus.
607 760 666 816 lloc
691 760 815 831 prolecto
844 763 954 835 sibyllae

83 835 84 839 ’
109 838 289 908 vaticinium,
318 842 348 896 ni
371 843 464 907 fallor,
490 847 637 904 maximus
660 849 707 905 ille
734 859 884 921 poetarum
910 868 956 910 no

108 923 236 984 stro'rum
257 928 395 1002 Virgilius
410 934 542 991 audierat
558 944 646 1007 atque
660 941 820 998 attenderat
835 957 901 1000 cum
925 944 954 999 in

108 1016 207 1087 ecloga
229 1033 255 1073 rv
284 1020 417 1077 luturum
446 1023 474 1078 in
503 1025 633 1094 proximo
659 1029 713 1085 suh
737 1031 868 1101 Augusto
892 1031 955 1089 (111-

108 1118 172 1161 sare
203 1112 328 1176 tempore
353 1110 522 1169 consulatus
548 1114 685 1172 Pollionis
716 1117 879 1176 mirabilem
907 1134 956 1175 cu-

105 1193 224 1266 jusdam
238 1197 320 1264 pueri
337 1197 371 1254 de
386 1199 455 1256 coelo
479 1202 514 1257 ad
531 1211 621 1260 terras
640 1207 781 1275 mittendi,
798 1209 849 1278 qui
871 1210 956 1265 etiam

1010 400 1119 459 vitam?
1147 401 1228 467 Quae,
1258 400 1390 469 inquam,
1421 397 1476 452 nisi
1505 404 1537 453 ut
1571 402 1703 466 patenter
1733 395 1887 454 insinuet.

1010 498 1089 548 tanto
1110 488 1163 545 sihi
1180 487 1336 545 muliorum
1355 486 1492 543 virtutem
1504 499 1564 542 esse
1581 486 1746 555 gratiorem,
1763 498 1857 556 quau-

1010 586 1037 637 to
1055 593 1157 635 earum
1182 585 1317 634 naturam
1344 589 1405 632 esse
1429 581 1539 631 constat
1553 574 1753 643 infirmiorem,
1775 582 1803 629 et
1828 587 1858 628 se

1012 676 1090 727 tanto
1120 666 1247 737 amplius
1281 679 1382 722 aarum
1407 663 1529 719 salutem
1553 662 1742 719 desiderando
1764 661 1853 730 sitire,

1009 765 1119 829 quanto
1135 755 1341 812 mirabiliorem
1360 767 1462 809 earum
1484 753 1623 809 virtutem
1643 759 1754 808 constat
1777 751 1858 807 esse?

1009 846 1090 904 Unde
1105 853 1132 902 et
1157 859 1223 902 eum
1239 859 1256 900 a
1271 844 1378 900 iemina
1402 850 1501 913 potum
1521 841 1657 911 postulat,
1682 841 1750 897 huic
1764 840 1861 911 praeei-

1009 949 1066 1008 pue
1080 935 1126 991 siti
1145 948 1205 990 suae
1228 949 1279 1004 per
1296 932 1418 989 salutem
1439 931 1613 988 feminarum
1633 929 1764 986 satisfieri
1786 929 1860 986 velle

1010 1038 1040 1081 se
1069 1023 1213 1080 insinuat.
1243 1023 1335 1087 Quem
1363 1028 1462 1091 potum
1488 1019 1575 1076 etiam
1603 1019 1701 1076 cibum
1727 1032 1858 1074 vocans:

1010 1134 1026 1164 κ
1036 1113 1107 1185 Ego,
1122 1132 1136 1165 a
1149 1112 1255 1183 iuquit,
1272 1133 1286 1162 «
1300 1111 1396 1167 cibum
1410 1110 1501 1166 habeo
1515 1110 1692 1165 manducare
1704 1122 1791 1178 quem
1810 1121 1861 1163 vos

1010 1204 1166 1260 nescitis.»
1190 1201 1280 1268 Quem
1301 1200 1482 1270 postmodum
1512 1212 1660 1269 exponens
1678 1197 1785 1264 cibum,
1807 1196 1857 1251 ad·

109 1290 225 1355 peccata
250 1285 352 1341 mundi
378 1288 501 1360 tolleret,
525 1300 551 1349 et
575 1295 659 1363 qnasi
682 1297 820 1353 saeculum
848 1312 956 1355 novum
1009 1290 1130 1363 jungit:
1151 1291 1255 1346 elleus
1270 1289 1353 1345 cibus
1366 1296 1408 1344 est
1424 1296 1456 1345 ut
1481 1287 1584 1343 laciam
1604 1286 1784 1343 voluntatem
1808 1283 1859 1339 Pa-

107 1368 139 1430 in
155 1371 264 1428 mundo
283 1374 454 1434 mirabiliter
476 1380 633 1452 ordinaret,
657 1385 825 1453 praecineret
848 1396 956 1457 ortum,
1014 1380 1065 1435 tris
1079 1378 1142 1435 mei.
1163 1400 1172 1427 ι
1199 1378 1279 1434 Hanc
1293 1376 1424 1433 videlicet
1444 1375 1528 1447 quasi
1548 1374 1727 1447 singularem
1741 1373 1787 1429 sui
1802 1373 1860 1428 Pa·

109 1460 290 1528 admonitus,
318 1472 350 1520 ut
365 1465 484 1535 ipsemet
508 1470 565 1536 ait,
582 1471 691 1529 Cumaei
707 1476 845 1532 carminis
860 1478 959 1534 vatici.
1013 1468 1065 1525 tris
1089 1468 1264 1525 voluntatem
1284 1480 1344 1522 esse
1363 1467 1499 1532 innuens,
1526 1464 1576 1521 ubi
1596 1464 1630 1519 de
1649 1463 1743 1520 salute
1762 1462 1861 1533 agitur

109 1549 169 1617 nio,
198 1550 252 1607 11⁰⁰
276 1559 318 1609 esi
346 1552 470 1626 Sibyllae,
499 1573 565 1630 qum
594 1561 724 1619 Cumana
752 1564 801 1634 [at.
832 1565 959 1638 Cumaea]
1014 1556 1182 1613 intirmioris
1201 1569 1298 1611 sexus.
1320 1556 1458 1625 Legimus
1477 1562 1504 1610 et
1523 1552 1664 1609 iamiliare
1683 1550 1861 1621 colloquium

111 1636 231 1694 dicitur.
257 1641 304 1696 hit
323 1644 429 1715 quippe
452 1647 505 1717 sic,
531 1651 618 1720 quasi
639 1653 796 1711 adhortans
816 1655 958 1726 quoslihet
974 1666 996 1725 Β
1014 1660 1080 1702 cum
1101 1644 1254 1702 Nicodemo
1281 1643 1329 1699 illo
1355 1643 1522 1699 iudeorum
1551 1640 1680 1711 principe
1705 1638 1861 1695 Dominum

111 1726 148 1783 ad
169 1731 432 1799 congratulandum
452 1735 517 1805 sihi,
541 1747 569 1795 et
589 1741 800 1800 concinendum
818 1759 870 1802 seu
890 1745 958 1802 scri·
1013 1726 1862 1803 1111111111,110111111111011111111110111111111111θῦ1111

111 1815 238 1874 bendum
259 1819 293 1876 de
317 1821 372 1878 hoo
393 1831 472 1881 tanto
493 1841 583 1897 puero
608 1831 769 1902 nascituro,
796 1834 826 1890 in
848 1848 961 1906 compa·
1013 1820 1153 1878 1111111111
1176 1835 1230 1876 31111
1246 1821 1304 1890 ipse
1328 1820 1399 1875 111511
1403 1833 1476 1874 11111
1479 1820 1498 1876 ii
1518 1818 1607 1890 (101111-
1629 1832 1671 1884 1¹1»
1696 1817 1738 1887 iii
1761 1814 1863 1871 311111·

112 1907 223 1964 ratione
251 1910 336 1980 eujus
359 1927 457 1970 omnes
481 1916 553 1974 alias
577 1920 712 1977 materias
739 1924 821 1993 quasi
847 1924 960 1982 infimas
1013 1904 1860 1982 11111011011111110111111111111111111·1111111]11111111111

110 1996 159 2068 [11.
178 1995 320 2070 infirmas]
335 2008 361 2056 et
377 2000 447 2059 viles
461 2015 588 2076 reputat,
606 2008 727 2067 dicens:
1018 2019 1080 2063 esse
1103 2013 1306 2082 consecutum.
1333 2004 1414 2059 Hanc
1439 2004 1547 2075 quippe
1571 2003 1794 2068 Samaritanam‚
1835 2009 1863 2057 et

149 2104 277 2159 sicelides
291 2107 384 2171 Mose,
398 2111 481 2176 paeto
496 2112 762 2181 moioraeeaemee;
1017 2094 1120 2164 spiritu
1144 2093 1300 2164 prophetiae
1326 2092 1464 2163 repletam
1488 2107 1549 2149 esse
1570 2101 1638 2149 tunc
1661 2097 1786 2157 constat,
1802 2105 1862 2161 quo

148 2177 207 2230 lion
221 2191 310 2230 omnes
325 2179 438 2234 erhusto
449 2183 553 2251 jaceat
568 2185 738 2255 tramitesque
750 2190 862 2245 rnirieae.
1014 2183 1145 2239 videlicet
1163 2182 1311 2239 Christum
1331 2189 1357 2237 et
1379 2182 1415 2237 ad
1429 2181 1543 2238 ludaeos
1559 2180 1620 2251 jam
1643 2181 1764 2247 venisse,
1781 2186 1808 2235 et
1823 2177 1861 2234 ad

152 2248 252 2301 Ui‘i'mfl
268 2248 367 2333 0⁸⁴in
381 2254 455 2306 venit
463 2253 525 2320 111111
540 2259 670 2312 carminis
684 2263 761 2314 aeitts·
1015 2278 1112 2342 gentes
1139 2279 1295 2327 venturum
1326 2285 1387 2326 esse
1415 2269 1540 2340 professa
1564 2277 1618 2335 est,
1644 2283 1710 2325 cum
1734 2266 1861 2324 dixerit:

147 2319 433 2447 &itioniesiitbeiniiiri
447 2326 726 2454 szglgurtggoanseiter
741 2331 817 2386 orda
1015 2382 1029 2410 «
1050 2360 1111 2417 Scio
1133 2361 1203 2432 quia
1217 2359 1333 2417 Messias
1345 2360 1423 2416 venit
1440 2360 1492 2431 qui
1507 2358 1613 2415 dicitur
1624 2358 1773 2425 ,Christus
1789 2357 1863 2411 Cum

398 2410 415 2461 ⁹
436 2434 442 2458 ’
606 2416 719 2455 amm
733 2417 827 2470 φέρω
1014 2465 1082 2521 ergo
1101 2450 1212 2508 venerit
1232 2451 1278 2507 ille
1294 2450 1375 2507 nobis
1394 2448 1579 2505 annuntiabit
1597 2448 1694 2505 omnia
1712 2448 1801 2519 (loon.
1822 2460 1861 2514 11,

150 2461 212 2514 Jom
230 2476 300 2517 novo
314 2467 455 2532 progenies
468 2468 531 2522 coelo
546 2469 700 2526 demittitur
714 2475 779 2541 1111,
795 2481 848 2529 111.

534 2539 666 2610 (Vrbem,
682 2546 774 2612 Ectoq.
790 2562 828 2611 11,
849 2545 890 2617 1.)
1014 2543 1077 2609 15),
1101 2560 1115 2588 »
1141 2548 1168 2596 et
1194 2539 1300 2595 multos
1324 2554 1360 2596 11
1383 2538 1497 2594 civitate
1520 2538 1569 2593 illa
1600 2545 1715 2608 propter
1739 2534 1863 2592 verbum

115 2620 227 2691 inspice
251 2622 367 2695 singula
392 2624 506 2697 Sibyllae
530 2629 616 2700 dicta,
638 2641 665 2688 et
689 2647 779 2704 quam
802 2635 913 2706 integre
935 2642 963 2692 ot
1015 2629 1145 2685 mulieris
1169 2628 1205 2684 ad
1232 2628 1377 2685 Christum
1398 2627 1572 2692 cucurrisse,
1593 2634 1621 2680 11
1640 2627 1670 2681 iu
1689 2637 1756 2680 eum
1777 2622 1866 2678 credi·

116 2717 213 2780 aperte
237 2710 407 2771 Christiana
432 2717 496 2774 lidei
520 2718 555 2776 de
573 2721 686 2779 Christo
711 2737 856 2781 summam
880 2738 960 2780 com·
1016 2717 1101 2786 disse,
1119 2725 1146 2773 et
1172 2718 1270 2787 ipsum
1290 2717 1405 2772 duobus
1426 2714 1527 2771 diebus
1547 2714 1625 2783 apud
1646 2727 1676 2768 se
1697 2711 1862 2768 retinuisse.

115 2797 265 2865 plectatur.
289 2800 358 2867 Quae
373 2818 425 2859 nec
440 2804 620 2864 divinitatem
636 2811 710 2879 ejus,
724 2826 777 2867 uec
793 2811 962 2867 humanita·
1016 2806 1068 2875 qui
1088 2814 1184 2861 tamen
1204 2804 1272 2861 alibi
1292 2803 1440 2874 discipulis
1461 2803 1525 2858 ait:
1548 2823 1562 2851 α
1582 2802 1615 2857 ln
1635 2801 1713 2857 viam
1733 2801 1862 2871 gentium

115 2892 182 2954 tem,
200 2896 425 2961 necutrumque
443 2893 531 2963 ipsius
546 2897 714 2965 adventum,
730 2913 783 2955 neo
805 2906 963 2968 utrumque
1017 2893 1217 2957 hauhistins,
1240 2900 1267 2948 et
1291 2893 1319 2948 in
1349 2893 1461 2948 civitate
1485 2889 1733 2946 Samaritanorum
1763 2903 1800 2944 ne
1823 2888 1865 2943 in·

111 2973 255 3046 iudicium
287 2979 482 3047 prophetando
516 2984 559 3040 vel
589 2985 739 3041 scribendo
764 2987 960 3056 praetermisit.
980 2969 1162 3038 Gtraveritts
1188 2981 1309 3052 (1111111,
1330 2995 1361 3045 x,
1382 2980 1419 3050 5).
1443 2999 1454 3028 ι
1477 2977 1571 3034 Refert
1590 2978 1658 3033 alibi
1679 2977 1756 3032 idem
1774 2976 1864 3031 loan-

115 3064 246 3122 Primum
276 3066 394 3136 quidem
418 3068 572 3140 iudicium,
603 3087 661 3144 quo
686 3073 793 3145 injuste
814 3075 963 3146 judicatus

115 3152 200 3208 estin
216 3153 358 3224 passione,
375 3162 403 3213 et
426 3160 587 3217 secundum
604 3177 662 3232 quo
679 3163 756 3233 juste
775 3164 962 3233 judicaturus

114 3247 157 3296 est
173 3240 316 3298 mundum
336 3244 366 3299 iu
381 3245 538 3317 majestate.
557 3249 626 3316 Quee
648 3265 701 3307 nec
715 3252 885 3309 descensum
900 3253 963 3322 ejus

114 3327 151 3383 ad
175 3327 297 3398 interos,
321 3347 373 3388 nec
395 3336 615 3393 resurrectionis
637 3337 759 3409 gloriam
789 3341 963 3410 praetermit-

114 3422 187 3487 tens,
207 3433 266 3476 uon
288 3420 382 3477 solum
404 3424 566 3494 prophetas,
589 3441 692 3483 verum
715 3428 801 3484 etiam
827 3430 901 3498 ipsos
915 3441 963 3484 su·

115 3518 265 3578 pergressa
280 3509 396 3567 videtur
408 3514 612 3585 evangelistas,
634 3517 737 3587 quide
759 3517 812 3573 hoc
835 3517 898 3589 eius
913 3519 961 3573 de·

113 3605 216 3650 scensu
237 3594 356 3652 minime
380 3599 568 3670 seripserunt.
600 3604 670 3671 Quis
698 3620 754 3660 non
780 3607 865 3663 etiam
890 3608 961 3667 illud

114 3687 173 3737 tam
207 3682 348 3742 iamiliare
381 3688 587 3762 prolixumque
620 3692 796 3764 colloquium
830 3698 960 3769 vuiretur,

114 3784 172 3842 quo
192 3771 252 3841 ipse
274 3773 353 3831 solus
373 3776 463 3833 solam
488 3779 567 3836 illam
593 3783 728 3853 gentilem
755 3791 783 3839 et
808 3783 962 3842 Samarita-

113 3873 181 3916 nam
202 3861 351 3920 mulierem
370 3873 427 3922 tam
448 3867 601 3940 diligenter
623 3871 817 3942 dignatusest
837 3875 961 3933 instrue·

113 3963 153 4019 re,
169 3950 204 4008 de
219 3966 276 4022 quo
291 3961 318 4010 et
339 3955 391 4024 ipsi
412 3957 596 4016 vehementer
615 3961 828 4032 obstupuerunt
850 3973 961 4034 aposto·

1018 3083 1069 3124 uss
1083 3070 1224 3140 quosdam
1244 3083 1280 3125 ex
1302 3066 1468 3139 gentilibus,
1486 3067 1536 3136 qui
1552 3066 1740 3123 ascenderant
1764 3065 1863 3121 lhero-

1017 3158 1157 3228 solymam
1177 3165 1210 3214 ut
1229 3158 1383 3213 adorarent
1403 3155 1433 3211 in
1458 3155 1505 3212 die
1524 3155 1609 3223 resto,
1629 3169 1680 3225 per
1698 3153 1864 3225 Philippum

1016 3254 1044 3302 et
1060 3247 1205 3302 Andreaur
1220 3245 1331 3303 Christo
1347 3245 1509 3311 nuntiasse,
1526 3244 1605 3315 quod
1616 3258 1684 3301 eum
1698 3243 1807 3301 vellent
1820 3243 1863 3298 vi·

1017 3336 1091 3392 dere.
1117 3333 1180 3392 Nou
1207 3343 1301 3391 tamen
1326 3333 1862 3398 11111111111111111111111111111,

1017 3438 1069 3481 neo
1089 3423 1144 3478 illis
1168 3422 1382 3494 postulantibus
1409 3429 1518 3478 tantam
1543 3419 1648 3478 Christi
1667 3421 1778 3491 copiam
1802 3433 1863 3476 esse

1016 3526 1195 3578 concessam,
1217 3519 1357 3582 quantam
1378 3511 1447 3567 huic
1466 3510 1655 3567 Samaritanae
1674 3521 1861 3579 nequaquam

1015 3601 1045 3656 id
1061 3601 1175 3671 petenti.
1201 3604 1224 3655 h
1249 3613 1308 3671 qua
1331 3601 1394 3670 eius
1419 3600 1448 3656 in
1470 3600 1606 3672 gentibus
1626 3597 1788 3670 pradicatio
1813 3611 1864 3652 coe-

1016 3690 1090 3761 pisse
1109 3691 1238 3758 videtur,
1260 3703 1349 3759 quam
1369 3703 1428 3745 non
1451 3689 1544 3746 solum
1564 3689 1724 3755 convertit,
1745 3687 1794 3743 sed
1814 3699 1863 3756 per

1014 3792 1088 3846 eam,
1114 3786 1147 3835 ut
1170 3778 1278 3834 dictum
1302 3786 1360 3844 est,
1385 3779 1492 3835 multos
1512 3779 1680 3849 acquisivit.
1702 3775 1860 3834 illuminati

1014 3870 1110 3924 statim
1130 3882 1180 3938 per
1200 3868 1314 3923 stellam
1335 3869 1424 3939 magi,
1444 3876 1471 3925 ct
1490 3868 1527 3923 ad
1546 3868 1691 3930 Christum
1711 3865 1860 3931 conversi,

1013 3957 1118 4014 multos
1138 3957 1338 4014 exhortatione
1358 3971 1412 4013 sua
1437 3957 1480 4014 vel
1506 3957 1638 4014 doctrina
1661 3955 1780 4012 adeum
1805 3962 1862 4011 tra-

112 4037 152 4094 111
167 4042 251 4111 Aqua
266 4043 352 4100 etiam
367 4043 476 4101 infideli
490 4055 517 4102 ee
533 4047 568 4104 de
583 4050 712 4106 virorum
725 4065 845 4107 suorum
863 4053 958 4108 mutii.
1012 4046 1088 4102 xisse
1109 4045 1290 4114 referentum
1311 4046 1361 4102 sed
1379 4047 1431 4102 soli
1451 4045 1611 4103 accessisse.
1634 4047 1677 4102 Ex
1698 4060 1756 4116 quo
1775 4046 1863 4100 etiarn

113 4128 213 4186 tudine
247 4133 422 4202 reprehensa
457 4144 556 4205 potum
588 4138 647 4207 ipse
678 4139 769 4195 voluit
799 4141 957 4210 postulare,
1012 4134 1103 4205 liquet
1122 4144 1262 4205 quantam
1282 4149 1299 4190 a
1318 4135 1430 4191 tlhristo
1450 4137 1573 4205 gratiam
1592 4136 1622 4192 in
1642 4133 1776 4207 gentihus
1796 4146 1862 4188 mu·

113 4229 200 4286 quem
222 4217 293 4274 nihil
310 4218 431 4276 ulterius
449 4221 576 4278 alimenti
591 4226 628 4280 ah
643 4225 742 4296 aliquo
761 4241 896 4285 novimus
912 4243 955 4285 re·
971 4241 994 4296 p
1011 4224 1064 4282 iier
1083 4223 1119 4280 sit
1138 4223 1250 4291 adepta,
1272 4238 1337 4294 qua
1353 4238 1544 4294 praecurrens,
1561 4234 1588 4281 et
1603 4225 1710 4280 civitati
1725 4223 1865 4279 nuntians

113 4305 245 4375 quisisse.
271 4306 487 4376 Superveniunt
504 4312 632 4382 apostoli,
659 4323 811 4386 etemptos
835 4317 860 4372 ei
883 4317 962 4375 cibos
992 4313 1081 4383 ·ey'us
1105 4311 1278 4379 adveutum,
1304 4321 1331 4369 et
1357 4329 1423 4383 quae
1445 4314 1577 4370 audierat
1600 4314 1775 4383 predicans,
1804 4319 1863 4367 tam

112 4393 250 4462 oderunt,
279 4396 432 4454 direntes:
461 4401 585 4471 ‹itabi,
619 4405 765 4461 manduca
794 4407 884 4476 (eoae.
918 4422 960 4473 iv,
1016 4413 1137 4469 propere
1151 4398 1214 4469 ipsa
1229 4399 1334 4456 multos
1349 4401 1383 4457 de
1402 4402 1507 4472 populo
1523 4411 1630 4459 suoest
1643 4402 1764 4460 lucrata.
1781 4400 1863 4467 Quod

113 4482 174 4556 ³t);
202 4499 285 4543 »nec
308 4486 418 4544 oblatos
437 4490 545 4560 suscipi
571 4492 714 4559 videmus,
737 4493 784 4549 sed
806 4495 859 4550 hoc
879 4495 963 4565 quasi
1016 4487 1040 4543 si
1060 4487 1170 4546 Veteris
1188 4489 1359 4544 Testamenti
1380 4489 1424 4545 vel
1444 4490 1618 4562 evangelicae
1637 4490 1792 4559 scripture
1812 4502 1864 4558 pa·

13 4584 16 4594 ’
112 4574 143 4631 iu
163 4576 379 4633 excusationem
402 4578 496 4648 ipsum
516 4583 723 4650 praetendisse:
748 4604 757 4633 ι
783 4584 845 4654 Ego
865 4583 961 4641 cibum

112 4662 206 4720 haheo
221 4665 407 4730 manducare,
435 4682 522 4738 quem
543 4682 595 4725 vos
617 4671 732 4726 nescitis
755 4670 847 4741 (idid,
872 4671 927 4744 31).
945 4691 961 4722 a

114 4751 215 4809 Potum
231 4753 291 4824 ipse
306 4768 323 4810 a
345 4755 466 4813 muliere
480 4759 614 4825 postulat.
639 4762 663 4814 Α
686 4774 749 4829 quo.
762 4774 791 4816 se
804 4759 856 4815 illa
870 4775 961 4818 excu-

113 4854 180 4897 sans
191 4842 327 4901 beneficio
342 4859 348 4899 :
363 4866 373 4894 ι
390 4844 549 4913 Quomodo,
564 4847 690 4919 »inquit
701 4868 715 4900 «
726 4850 776 4905 1111
782 4850 882 4905 udaeus
893 4863 959 4906 cum

113 4929 162 4997 sis,
179 4930 308 4988 hiberea
333 4947 376 4989 me
391 4935 493 5004 poscis,
511 4951 577 5007 quaa
596 4952 661 4993 sum
683 4937 787 4994 mulier
807 4937 960 4996 Samarita-

113 5018 170 5075 na?
193 5016 257 5074 Non
276 5021 352 5076 enim
377 5031 536 5084 coutuntur
556 5027 648 5083 ludaei
665 5026 855 5084 samaritanis
869 5027 959 5098 (ibid,

114 5105 151 5178 9).
169 5124 184 5156 »
210 5105 246 5161 lit
263 5106 367 5165 iterum
384 5124 391 5164 :
409 5112 538 5184 «Neque
560 5114 664 5186 inquo
683 5115 801 5172 haurias
816 5116 912 5180 hahes,
932 5125 959 5172 et

113 5200 219 5266 putens
236 5195 312 5252 altus
333 5205 374 5254 est
389 5198 480 5270 (ibid,
505 5205 558 5274 11).
579 5226 589 5254 ι
618 5204 720 5262 Potum
741 5205 873 5276 itaque'a
896 5219 960 5263 mu-

113 5282 183 5340 liere
198 5283 316 5353 iulideli,
334 5294 361 5342 et
382 5287 411 5344 id
426 5301 549 5362 negante
563 5295 717 5364 desiderat,
732 5294 784 5365 qui
797 5295 908 5351 oblatos
921 5294 959 5351 ab

113 5372 249 5441 apostolis
277 5373 355 5432 cibos
382 5390 441 5432 uon
469 5388 561 5437 curat.
590 5382 659 5446 Quae
686 5391 728 5439 est
757 5381 821 5450 ista,
849 5393 958 5452 quaeso,

113 5457 216 5533 gratia,
241 5478 332 5536 quam
352 5464 470 5526 exhibet
493 5469 608 5528 inilrmo
633 5471 727 5542 sexui,
745 5480 776 5528 ut
790 5470 960 5529 videliceta

1015 4577 1099 4648 giuas
1115 4576 1309 4645 revolvamus,
1326 4592 1441 4635 summa
1457 4579 1506 4635 illa
1529 4581 1564 4636 de
1585 4579 1774 4636 ressuscitatis
1789 4592 1864 4635 mor-

1015 4665 1072 4721 tuis
1088 4665 1225 4722 heuesreia
1247 4667 1376 4722 divinam
1392 4669 1513 4739 gratiam
1531 4669 1646 4726 leminis
1661 4669 1805 4739 praecipue
1819 4668 1863 4723 vi-

1014 4756 1146 4811 debimus
1161 4755 1350 4826 impendisse,
1366 4772 1418 4813 nee
1439 4758 1495 4814 nisi
1511 4757 1579 4828 ipsis
1600 4757 1644 4815 111
1666 4757 1701 4813 11
1717 4758 1787 4830 ipsis
1802 4757 1863 4814 haec

1013 4844 1157 4900 miracula
1180 4844 1255 4900 iacta
1278 4845 1374 4902 luisse.
1401 4847 1497 4904 Primo
1522 4849 1629 4919 quippe
1652 4860 1702 4916 per
1721 4846 1812 4902 liliam
1836 4852 1864 4903 et

1013 4932 1149 4990 Elisaenm
1169 4935 1205 4990 ad
1225 4934 1454 4993 intercessionem
1484 4944 1613 4993 matrum
1633 4934 1706 4991 filios
1732 4935 1862 5004 ipsarum

1012 5024 1196 5080 resuscitatos
1223 5038 1283 5080 esse
1325 5024 1448 5096 legimus
1476 5026 1529 5098 (111
1559 5027 1624 5092 1111.
1653 5024 1864 5091 11111,11;111

1011 5113 1076 5180 ttep.
1099 5126 1136 5167 rv.
1162 5113 1218 5184 11).
1242 5114 1278 5168 Et
1298 5112 1438 5171 Dominus
1462 5116 1520 5185 ipse
1540 5113 1635 5170 viduae
1653 5113 1810 5183 cujusdam
1832 5111 1863 5166 11-

1013 5199 1085 5257 lium
1104 5216 1200 5270 suurn,
1221 5210 1248 5257 et
1267 5202 1488 5274 archisynagogi
1509 5202 1597 5258 filiam
1628 5204 1725 5274 (blare.
1749 5217 1779 5270 1,
1798 5199 1861 5273 11),

1014 5298 1042 5345 11
1063 5298 1167 5361 rogatu
1190 5304 1323 5348 sororum
1347 5291 1484 5347 Lazarum
1508 5291 1683 5348 resuscitans
1708 5291 1860 5362 (111111,

1012 5377 1069 5449 11),
1094 5378 1148 5435 hoc
1173 5379 1303 5436 immensi
1327 5379 1458 5436 miraculi
1481 5379 1652 5438 beneficium
1677 5380 1804 5438 maxime
1825 5378 1863 5435 ic·

1014 5468 1101 5527 minis
1116 5468 1267 5541 impendit.
1291 5469 1373 5528 Unde
1388 5469 1460 5527 illud
1474 5477 1517 5528 est
1535 5470 1660 5542 Apostoli
1675 5470 1713 5528 ad
1728 5469 1862 5528 llehraaos
