3804 5962
596 203 781 266 carosum
802 205 839 263 ιιι
859 201 1111 267 mammon.
1204 238 1209 245 ·
1403 276 1412 290 ⁶
1680 204 1734 277 ιιι

79 354 138 398 tam
153 351 214 397 esse
228 346 257 396 et
280 337 317 396 ad
332 338 394 395 haec
416 351 483 408 quac
500 336 631 396 lecturus
652 344 715 396 erat
734 350 831 395 neces
847 333 1026 395 homnibus
1047 331 1133 392 terris
1154 331 1248 389 inesse
1273 337 1377 403 posset,
1393 328 1466 402 quid
1494 341 1610 387 messae
1629 337 1682 400 est,
1700 337 1735 388 ut

79 444 103 498 ι,
118 428 301 501 postmodnm
315 441 378 484 eam
394 426 487 483 rideri
504 426 620 483 laceret.
887 426 918 484 in
932 438 1001 482 rere
1015 422 1045 480 id
1065 421 1147 480 lieret
1161 420 1220 479 nisi
1237 419 1268 478 in
1281 433 1317 477 ea
1330 418 1404 477 iorte
1418 425 1500 491 parte
1514 425 1598 478 terrm
1611 419 1664 478 uhi
1681 432 1735 478 rer

79 521 160 574 minet
180 522 264 572 terro.
287 516 319 572 ld
343 524 385 572 est
408 516 437 571 ιι
467 529 498 572 ιι
527 516 654 586 primum
688 514 832 585 concipiat
885 520 957 571 essct
972 511 986 568 l
1001 513 1047 570 lix
1071 524 1131 583 qua
1151 509 1272 582 quidem
1299 514 1379 580 parte
1403 507 1440 564 ad
1461 514 1566 566 cetera
1589 515 1734 567 terrarum

79 605 182 664 deinde
207 604 342 677 proterat,
358 604 433 662 sicut
449 618 487 660 ex
505 607 645 674 conceptu
660 603 832 674 producitur
885 601 949 660 loca
969 607 1066 673 postea
1089 598 1240 657 transferri
1268 604 1296 656 et
1331 595 1542 668 transplantari
1565 604 1731 670 potuerunt.

79 710 124 752 em
138 701 248 766 partus.
265 693 305 749 De
320 705 378 764 quo
393 691 511 764 quidem
528 700 613 763 partu
628 692 725 749 statim
740 692 832 749 adne·
885 691 983 750 verua
997 696 1095 748 autem
1110 687 1262 758 temperies
1276 686 1307 743 in
1322 684 1457 758 paradiso
1481 683 1564 758 iugis
1585 699 1647 743 esse
1667 700 1733 746 cre·

79 787 111 840 rt
130 782 257 854 protulit.
282 781 365 847 Quod
388 795 456 839 vero
478 781 678 851 interpositum
698 789 766 838 est:
796 783 833 837 st
886 779 978 847 ditur,
995 785 1023 835 et
1039 777 1079 834 ihi
1094 775 1222 834 fortassis
1237 776 1336 832 omnia
1360 781 1431 831 tunc
1454 772 1542 830 simul
1567 780 1643 830 terra
1662 787 1733 844 pro·

79 876 143 928 aest
166 872 217 937 ito,
242 870 280 927 ad
301 878 472 940 conceptum
487 876 601 927 tantum
616 869 834 940 germinationis
886 869 994 926 ducere
1014 874 1043 925 et
1065 878 1238 925 conservare
1258 864 1363 936 potuit,
1387 861 1440 920 ubi
1456 870 1484 921 ot
1504 870 1580 921 terra
1594 862 1733 922 omnibus

79 967 116 1018 et.
134 960 215 1026 Quod
233 972 303 1016 rero
326 957 424 1015 statim
452 957 531 1015 addit
546 960 602 1014 :Et
623 957 752 1028 protulit,
778 958 833 1016 talo
887 964 956 1029 apta
981 963 1010 1015 et
1032 956 1096 1027 ipsa
1123 953 1274 1026 temperies
1296 951 1362 1011 cmli
1385 950 1586 1010 convenirent.
1616 951 1732 1011 Scimus

79 1063 179 1121 nquam
193 1049 217 1104 si
246 1047 372 1104 diceret:
400 1048 435 1103 Et
463 1061 531 1104 mox
550 1047 745 1120 germinatum
766 1062 832 1119 pro·
886 1054 985 1103 autem
1012 1045 1105 1102 multa
1126 1044 1161 1101 de
1182 1051 1259 1101 terra
1272 1043 1365 1111 nasci,
1381 1056 1507 1114 quorum
1526 1041 1586 1100 alia
1606 1041 1733 1101 calidam

79 1183 80 1191 ,
96 1138 132 1194 lit
146 1144 215 1193 nota
229 1136 308 1208 quod
327 1150 393 1194 cum
407 1150 443 1193 ιι
458 1138 543 1194 terris
565 1135 609 1193 rel
625 1138 711 1207 aquis
733 1137 833 1210 aliqua
887 1142 994 1193 terram
1008 1133 1183 1202 desiderant,
1203 1133 1261 1190 alia
1276 1131 1425 1204 trigidam,
1442 1130 1501 1189 alia
1516 1139 1705 1203 temperatam
1720 1146 1732 1205 ;

79 1226 130 1284 rari
147 1227 190 1283 rel
209 1239 290 1282 nasot
310 1224 459 1292 dicuntur,
485 1239 543 1280 non
562 1223 604 1282 sic
630 1225 832 1297 accipiendum
886 1231 914 1282 et
928 1224 970 1281 sic
988 1222 1051 1280 heri
1070 1222 1165 1294 potuit
1184 1230 1216 1279 ut
1233 1234 1411 1295 quocunque
1432 1227 1560 1292 tempore
1571 1227 1649 1279 terra
1663 1235 1732 1294 ger-

79 1327 142 1372 :ea
166 1328 225 1370 uno
252 1320 366 1370 tantum
393 1312 534 1369 elemento
565 1320 707 1380 constent,
728 1314 778 1372 sed
794 1328 832 1373 ιι
886 1313 1021 1380 minaret,
1046 1312 1075 1368 in
1093 1310 1219 1369 dirersis
1242 1309 1312 1367 locis
1334 1309 1451 1367 dirersa
1469 1309 1650 1380 produceret.
1676 1311 1733 1369 liec

79 1403 124 1460 nti
139 1402 258 1459 nomina
271 1402 445 1472 sortiuntur,
460 1402 534 1459 sicut
548 1411 576 1459 et
589 1402 652 1473 ipsa
673 1402 833 1475 exquibus
887 1409 945 1458 tam
966 1400 1129 1459 necessaria
1147 1399 1265 1457 ridetur
1286 1398 1439 1470 temperies
1466 1398 1503 1456 ad
1532 1399 1734 1470 producendas

79 1493 107 1550 oi
124 1489 299 1548 referuntur.
887 1491 1000 1562 plantas
1018 1503 1109 1562 quam
1123 1488 1160 1547 ad
1188 1487 1401 1547 conservandos
1428 1486 1553 1546 tructus.
1583 1487 1733 1559 Scriptura

79 1581 139 1636 bom
157 1583 298 1636 cicentem.
315 1579 385 1645 Qua
399 1579 495 1637 'terrm
510 1578 649 1637 radicitus
671 1579 830 1650 adherent,
887 1586 985 1637 autem
1010 1578 1045 1636 de
1069 1577 1212 1636 impribus
1235 1575 1349 1634 nullam
1372 1575 1421 1634 hic
1449 1576 1625 1634 mentionem
1653 1576 1732 1636 lacit.

79 1670 195 1726 humore
210 1681 294 1740 aquae
317 1667 414 1725 rivere
436 1676 464 1725 et
480 1681 607 1724 crescere
624 1668 740 1737 habent,
758 1677 833 1728 recte
888 1668 941 1726 Sed
955 1668 991 1725 de
1004 1666 1162 1724 intretuosis
1174 1664 1283 1738 plantis
1307 1663 1337 1721 in
1353 1664 1488 1736 paradiso
1504 1665 1556 1722 uhi
1575 1665 1661 1724 homo
1675 1665 1731 1725 col·

79 1765 131 1816 cta
158 1756 337 1828 dispositioni
361 1764 445 1813 terra
467 1764 495 1814 et
520 1769 605 1828 aqua
628 1757 683 1814 suh
703 1771 762 1815 una
788 1758 834 1816 die
887 1755 1028 1815 locandus
1045 1763 1118 1823 erat,
1144 1752 1260 1811 iructus
1282 1753 1379 1810 suhito
1402 1767 1469 1811 cum
1492 1752 1649 1811 arboribus
1663 1768 1733 1826 pro-

79 1854 193 1919 pautur.
217 1844 382 1902 Notandum
403 1859 482 1913 vero,
499 1853 532 1902 ut
554 1845 729 1918 quibusdam
752 1847 833 1906 ride·
888 1844 957 1903 duci
978 1844 1123 1903 credimus
1148 1851 1294 1916 quantum
1315 1842 1426 1901 homini
1450 1843 1645 1900 necessarium
1659 1849 1734 1903 esset

79 1937 164 1993 xhoc
178 1933 307 1991 manime
321 1932 406 1990 innui
426 1934 572 1992 mundum
596 1947 687 1991 verno
707 1941 834 2004 tempore
888 1935 1008 1992 undeet
1030 1948 1078 1991 eos
1092 1934 1123 1990 in
1152 1933 1250 1991 tructu
1278 1933 1374 1999 retitae
1397 1930 1509 1990 arboris
1537 1939 1734 2007 transgressos

79 2026 190 2093 omani,
211 2023 290 2097 quod
306 2024 351 2079 his
373 2023 528 2105 nascituris
548 2022 583 2080 de
605 2030 683 2080 terra
697 2023 742 2080 rel
766 2037 834 2081 con·
887 2023 977 2081 luisse
1004 2021 1154 2093 Scriptura
1176 2027 1391 2090 commemorat,
1416 2029 1444 2078 et
1458 2029 1629 2080 caeterarum
1645 2022 1734 2081 arho-

79 2116 137 2174 rdls
150 2128 272 2172 vernam
284 2113 448 2184 temperiem
464 2111 657 2170 necessariam
670 2113 832 2170 rideamus.
889 2125 956 2169 rum
971 2111 1085 2169 innotus
1098 2111 1126 2168 ei
1150 2109 1237 2168 luisse
1260 2124 1409 2168 concessos
1429 2109 1460 2168 ιι
1482 2124 1565 2168 esum
1585 2111 1612 2170 ei
1634 2126 1735 2171 neces-

79 2204 193 2263 »coiecto
212 2216 272 2260 noc
296 2201 378 2259 video
398 2216 459 2273 qua
486 2201 599 2259 ratione
622 2201 698 2258 hanc
721 2209 831 2272 tempe-
887 2201 989 2258 sarius.
1012 2199 1093 2257 Nihil
1115 2208 1211 2256 ιιιιιι
1236 2198 1366 2270 impedit,
1392 2198 1417 2256 si
1451 2199 1482 2256 ιι
1505 2198 1626 2257 dirersis
1651 2199 1735 2259 terrla

83 2306 271 2366 qoamnunc
292 2290 469 2361 experimur,
495 2291 524 2346 in
547 2290 760 2348 veremundus
781 2291 835 2349 ha·
888 2304 940 2363 pro
968 2289 1108 2362 qualitate
1129 2301 1230 2346 earum
1255 2302 1289 2344 ac
1312 2286 1427 2345 diversa
1441 2288 1579 2360 temperie
1610 2288 1734 2347 coelidi·

79 2389 173 2443 rossel.
188 2381 248 2438 sole
265 2379 395 2437 nondum
414 2379 538 2449 condito,
556 2393 594 2435 ex
614 2379 701 2450 cujus
715 2380 833 2450 quidem
887 2393 977 2436 rorsae
1000 2378 1105 2450 plantae
1128 2375 1242 2434 tructus
1264 2389 1332 2433 suos
1353 2376 1452 2433 eodem
1472 2384 1596 2448 tempore
1618 2391 1736 2436 conser-

79 2487 104 2529 ,ιι
118 2470 182 2542 ipsa
201 2484 280 2527 nunc
304 2469 335 2526 iit
361 2467 513 2537 temperies
528 2483 536 2538 ;
559 2468 618 2524 imo
639 2468 694 2525 hac
714 2468 760 2525 die
775 2483 835 2541 qua
887 2475 1001 2537 rarcut,
1016 2466 1062 2524 rel
1076 2466 1182 2524 eaedem
1197 2464 1303 2537 planta
1317 2465 1348 2522 in
1363 2463 1422 2521 alia
1438 2472 1516 2522 terra
1530 2479 1599 2523 cum
1620 2465 1731 2537 fructu,

79 2573 139 2618 arra
163 2558 283 2631 protulit
303 2557 437 2629 trigidius
461 2564 573 2628 tempus
600 2556 742 2614 exstitisse
757 2556 835 2614 vide-
889 2558 920 2613 in
935 2555 994 2613 alia
1008 2555 1070 2612 sine
1092 2555 1191 2612 iruetu
1216 2561 1289 2621 imre
1315 2554 1505 2612 consisterent
1519 2554 1611 2612 donec
1626 2563 1734 2629 tempe·

79 2662 140 2708 ram
168 2648 198 2704 ιι
222 2646 395 2704 hiemalibus
423 2645 526 2702 diebus
547 2659 622 2717 quos
646 2646 836 2716 quantulum·
889 2645 947 2703 ries
961 2643 1121 2713 adveniret,
1134 2642 1211 2700 siout
1225 2641 1356 2714 quotidie
1378 2643 1529 2716 contingit,
1550 2658 1617 2701 cum
1632 2645 1736 2704 ridea-

79 2752 105 2795 ιι
132 2735 175 2793 sol
198 2736 283 2792 modo
309 2733 448 2792 caieiacit.
478 2733 559 2792 Unde
580 2748 648 2807 ergo
673 2735 835 2793 secundum
889 2748 956 2791 mus
979 2747 1037 2790 non
1061 2745 1144 2803 aeque
1162 2731 1219 2788 cito
1238 2738 1330 2789 terras
1354 2745 1454 2790 omnes
1479 2732 1736 2807 eosdemgiructus

79 2840 125 2883 am
147 2839 246 2883 rerum
263 2832 339 2881 terra
355 2831 425 2881 tunc
448 2822 613 2895 gerulinare
637 2824 690 2880 ista
712 2823 835 2894 potuerit
891 2822 1069 2881 ministrare.

79 2905 218 2973 nserrare
233 2912 375 2970 nonnulla
398 2919 439 2969 est
455 2911 586 2983 quaestio.
603 2911 657 2969 Sed
680 2912 756 2969 sicut
773 2914 835 2985 jam
924 2913 960 2967 bt
982 2912 1129 2980 nocentem
1153 2924 1253 2966 semen.
1276 2907 1399 2967 Sire'ut
1422 2916 1491 2967 nata
1513 2910 1613 2968 statim
1635 2924 1734 2969 semen

107 3002 295 3062 meminimus
322 3002 351 3057 in
374 3000 431 3057 illis
462 3000 598 3070 operibus
629 3014 680 3057 sex
705 3001 835 3072 priorum
852 2967 874 3024 ⁰
890 3014 978 3058 sunm
994 2999 1155 3058 haberetac
1166 2999 1192 3056 ιι
1206 3000 1244 3056 ad
1255 2998 1455 3056 maturitatem
1471 3000 1658 3071 pervenisset,
1673 3000 1736 3061 slre

79 3107 102 3150 ι
132 3092 192 3150 sola
220 3091 268 3148 [ιιι
296 3090 434 3147 ιοιιιιιι
461 3089 520 3146 rim
557 3096 672 3148 naturae
699 3089 835 3152 obtinuit.
890 3096 923 3148 ut
937 3096 1005 3161 apta
1019 3088 1055 3145 ad
1071 3087 1240 3145 habendum
1255 3101 1352 3145 semen
1367 3094 1524 3145 crearetur.

79 3180 107 3237 lo
128 3179 191 3251 ipsa
213 3180 300 3236 etiam
323 3185 430 3235 natura
452 3177 618 3244 creabatur,
644 3177 700 3234 hoc
720 3185 764 3234 est
792 3177 836 3236 vis
925 3184 961 3238 m
975 3181 1080 3250 liparam
1104 3180 1283 3251 pomiferum.
1312 3176 1371 3234 llos
1397 3185 1439 3234 eat
1460 3178 1577 3237 arbores
1605 3178 1738 3238 iructuo·

79 3282 125 3326 ιιι
147 3267 348 3324 conterebatur
362 3265 420 3322 illis
439 3267 527 3323 rebus
548 3280 613 3336 qnae
628 3273 698 3322 tuuc
713 3265 829 3324 fiebant.
890 3283 947 3336 sas,
976 3269 1035 3327 sire
1062 3268 1160 3326 statim
1190 3283 1258 3327 cnm
1288 3274 1477 3326 nascerentur
1503 3282 1599 3341 poma,
1633 3268 1661 3327 id
1694 3276 1738 3328 est

90 3357 155 3428 ipsa
171 3357 352 3427 postmodum
368 3355 403 3411 ad
425 3354 692 3426 multiplicationem
708 3355 754 3412 sui
775 3356 836 3413 sui·
889 3356 1005 3416 tructus
1032 3372 1101 3416 suos
1128 3355 1292 3423 afferentes,
1330 3355 1392 3413 slve
1426 3370 1484 3414 ιοι
1524 3357 1631 3416 statim.
1661 3357 1738 3417 Solet

79 3456 86 3505 ι
106 3445 150 3504 ιιι
165 3444 202 3501 ad
219 3458 412 3517 quoscunque
427 3442 546 3501 edoctus
562 3443 627 3500 inde
649 3457 835 3515 processuros
890 3446 999 3519 quippe
1013 3460 1131 3518 pomum
1156 3443 1329 3518 generaliter
1343 3458 1395 3516 pro
1409 3444 1487 3503 omni
1512 3444 1625 3505 arboris
1639 3445 1737 3506 tructu

79 3547 193 3606 nquam
215 3533 388 3590 nascituros.
405 3532 527 3604 Quippe,
544 3540 576 3590 ut
596 3533 773 3600 dictumest,
793 3535 837 3591 ni·
891 3535 1026 3608 intelligi.
1274 3606 1277 3611 1

79 3638 124 3683 ιιι
138 3632 275 3680 naturam
291 3622 371 3679 aliud
389 3622 522 3690 dicimus,
543 3621 599 3679 nisi
623 3622 683 3678 vim
706 3623 837 3682 etiacul-
924 3627 1010 3681 iunio
1036 3638 1122 3693 penus
1148 3637 1237 3679 suum
1271 3622 1331 3678 lloe
1352 3627 1395 3679 est
1419 3623 1580 3680 secundum
1606 3625 1736 3684 materie

90 3709 147 3768 illis
161 3709 298 3782 operibus
314 3716 384 3766 tuno
399 3709 545 3777 collatam,
563 3708 639 3764 uodo
653 3708 702 3765 illa
725 3708 838 3767 suillce·
890 3726 950 3769 suaa
974 3719 1121 3781 naturam,
1138 3719 1171 3768 ut
1200 3724 1252 3782 pro
1272 3709 1441 3767 dirersitate
1455 3710 1564 3769 scilicet
1578 3713 1738 3776 herbarum
1799 3708 1802 3716 '

79 3796 300 3856 deideicndum
316 3796 378 3854 haec
401 3810 467 3868 qnae
482 3797 665 3868 postmodum
687 3796 754 3853 iude
768 3811 834 3855 con·
891 3800 934 3858 rel
950 3800 1089 3858 arborum
1113 3799 1208 3870 magis
1222 3811 1313 3870 quam
1339 3804 1497 3870 terrarum,
1521 3801 1651 3860 diversos
1669 3803 1738 3862 alie·

79 3896 127 3946 ιιι.
891 3897 957 3948 rant
983 3888 1107 3957 fructus,
1132 3901 1191 3944 nou
1215 3887 1340 3944 eosdem.
1366 3887 1458 3959 cuius
1483 3902 1592 3960 semen,
1615 3891 1670 3949 hoe
1696 3901 1739 3951 est

79 3984 118 4037 ast
141 3973 271 4033 tortassis
293 3981 321 4032 et
349 3972 491 4031 nonnulla
510 3980 624 4031 naturas
645 3971 718 4030 ratio
742 3973 835 4044 reddi,
891 3978 964 4035 dum
979 3984 1063 4035 terrae
1079 3975 1221 4033 radicitus
1239 3973 1410 4045 adherebit,
1427 3973 1488 4033 vim
1514 3990 1574 4034 sua
1595 3992 1737 4054 propaga·

79 4078 144 4123 :nuo
167 4071 243 4121 terra
268 4063 427 4134 producere
445 4062 501 4118 ista
529 4060 664 4132 potuerit,
692 4061 769 4132 quod
785 4061 838 4119 sci·
892 4068 980 4124 tionis
995 4067 1026 4123 in
1040 4065 1134 4137 seipso
1153 4063 1267 4130 haheat,
1289 4064 1349 4120 sirc
1374 4078 1412 4121 ιι
1440 4065 1549 4123 semiue
1563 4066 1624 4126 sire
1642 4083 1680 4126 ιι
1695 4070 1741 4128 in-

79 4154 120 4211 lla
141 4163 225 4210 terrm
246 4152 360 4209 novitas
383 4152 413 4209 in
438 4150 631 4223 producendis
654 4149 700 4207 ιιι
724 4165 836 4209 ιοιιιι-
893 4154 1018 4212 sectione
1033 4166 1183 4210 ramorum
1199 4150 1244 4209 ιιι
1261 4165 1297 4208 ιι
1317 4150 1509 4226 plantatione.
1525 4154 1561 4212 Et
1575 4163 1644 4213 nota
1658 4158 1738 4230 quod

79 4256 93 4300 s
107 4241 214 4313 plantis
227 4242 304 4299 vires
319 4242 443 4312 majores
466 4238 601 4296 hahuerit
624 4253 714 4310 quam
730 4249 836 4311 postea,
853 4244 876 4300 ll
892 4257 960 4300 cum
989 4242 1040 4311 ait,
1057 4244 1165 4310 lienum
1183 4242 1363 4313 pomiferum,
1393 4241 1429 4299 de
1451 4242 1609 4302 fructuosis
1622 4252 1740 4306 tantum

79 4331 159 4388 xime
190 4330 243 4386 hoc
269 4328 410 4400 accepisse
428 4341 465 4384 ex
495 4328 586 4384 nimia
622 4327 837 4385 humectatione
891 4330 1056 4393 arboribus.
1073 4344 1131 4387 non
1145 4330 1181 4388 de
1198 4329 1397 4402 intructuosis,
1413 4331 1532 4391 ridetur
1544 4333 1639 4394 dicere
1658 4338 1740 4410 quod

79 4431 146 4477 uam
160 4430 307 4490 aquarum
318 4414 667 4473 abundantiaeicontulit
679 4422 838 4487 numquam
893 4425 1080 4478 tuuccreatte
1094 4418 1175 4487 sint;
1203 4423 1232 4475 et
1256 4417 1298 4475 ita
1322 4432 1381 4476 nou
1399 4432 1501 4487 omnes
1529 4428 1599 4480 tunc
1622 4424 1741 4484 arbores

79 4513 247 4580 egerentur,
268 4513 296 4563 et
316 4518 351 4561 ιι
368 4504 462 4561 calore
476 4503 544 4559 solis
556 4502 602 4559 die
622 4504 756 4573 proximo
770 4517 836 4561 con·
892 4514 1004 4567 creatas
1020 4522 1104 4574 cosa,
1123 4506 1173 4564 aed
1199 4506 1342 4579 quasdam
1366 4508 1566 4578 postremique
1588 4511 1623 4569 (ιι
1648 4512 1741 4585 spinis

79 4595 189 4654 dhaec
214 4592 415 4652 conservanda
440 4591 602 4664 proiecisse,
631 4591 684 4664 qui
717 4591 837 4650 iortmse
890 4605 918 4656 et
941 4596 1061 4655 tribulis
1079 4594 1210 4653 creditur
1236 4602 1299 4667 post
1326 4605 1476 4668 peccatum
1499 4599 1528 4656 in
1547 4613 1662 4670 pmnam
1687 4601 1737 4660 ho·

79 4693 125 4743 tus
152 4684 250 4743 statim
271 4682 365 4741 calore
396 4682 443 4739 sui
470 4681 637 4739 universam
672 4683 838 4753 temperiem
892 4684 1028 4744 minisde
1054 4691 1133 4741 terra
1148 4683 1303 4755 productis.
1328 4683 1359 4742 si
1384 4686 1564 4758 quistamcn
1587 4687 1665 4747 dicat
1688 4691 1742 4749 bus

81 4775 114 4833 in
140 4774 241 4847 aliqua
264 4781 412 4831 terrarum
442 4780 533 4844 parte,
560 4786 630 4841 non,
649 4778 682 4829 ut
702 4770 839 4840 arbitror,
892 4788 1010 4848 quoque
1025 4772 1152 4841 arborea,
1169 4785 1235 4843 qum
1249 4785 1329 4829 nunc
1344 4771 1530 4833 infructuosa
1550 4779 1742 4850 comprimo

79 4878 110 4922 ι.
125 4863 284 4935 Nunquam
307 4861 384 4919 euim
399 4861 499 4919 eodem
515 4868 643 4931 tempore
665 4873 765 4916 omnes
793 4872 836 4917 re·
892 4870 1004 4921 creatas
1012 4875 1073 4919 ease
1084 4860 1258 4927 iructuosaa,
1273 4859 1323 4917 sod
1338 4862 1520 4932 postmodum
1545 4879 1598 4937 pro
1621 4875 1741 4941 peccato

79 4952 257 5025 saequmiter
282 4952 375 5010 calent
402 4953 431 5008 et
467 4948 636 5022 irigesouut,
662 4961 714 5005 ιιι
736 4946 836 5005 ecdem
892 4950 1019 5008 hominis
1037 4950 1235 5007 intructuosas
1250 4948 1324 5017 ilcri,
1341 4949 1387 5007 ιιι
1403 4951 1530 5011 ιιιιιιιι
1545 4954 1661 5015 arboris
1677 4958 1740 5018 sire

79 5054 118 5099 ιιι
131 5053 198 5111 quae
218 5040 248 5096 in
262 5040 304 5096 eis
317 5046 387 5097 sunt
414 5044 577 5094 nascuntur
599 5035 645 5093 rel
661 5035 840 5094 revirescunt
892 5053 1012 5112 pomum
1026 5052 1236 5110 quamcunque
1250 5037 1408 5097 utilitatem
1423 5040 1495 5113 ligni
1512 5040 1666 5118 intelligat,
1682 5061 1742 5105 nou

79 5127 138 5186 mni
152 5128 190 5185 ad
205 5129 401 5186 maturitatem
413 5127 526 5184 tructus
541 5125 651 5197 ubique
666 5123 841 5196 perveniunt
891 5127 1053 5185 absurdum
1075 5125 1204 5194 ridetur,
1225 5140 1292 5184 cum
1316 5126 1496 5187 infructuosa
1515 5144 1635 5204 quoque
1660 5134 1741 5208 liqna

79 5218 256 5275 nomnibus
284 5220 369 5275 terris
391 5216 498 5274 eaedem
527 5214 623 5271 herhae
651 5214 697 5272 rel
723 5213 840 5271 arbores
892 5214 1049 5273 nonnullas
1064 5213 1189 5271 habeant
1213 5214 1361 5285 utilitates,
1385 5215 1437 5274 etsi
1462 5216 1591 5278 fructum
1611 5222 1741 5295 aliquem

80 5314 162 5365 ntur.
180 5304 207 5362 Si
223 5298 317 5378 igitur
334 5319 433 5362 omnes
449 5303 606 5361 herbarum
626 5300 673 5359 rel
700 5300 840 5358 arborum
891 5317 950 5360 non
965 5301 1128 5373 producant
1143 5300 1175 5360 in
1189 5315 1281 5360 esum.
1299 5303 1334 5361 m
1347 5304 1418 5375 quia
1432 5319 1492 5365 nou
1506 5314 1550 5366 est
1565 5311 1595 5366 ιι
1616 5324 1737 5371 consuo·

79 5395 162 5454 abac
180 5393 226 5453 die
235 5401 313 5453 terra
331 5392 461 5465 protulit,
480 5399 513 5450 ut
533 5392 564 5450 ln
578 5405 627 5449 sex
646 5389 749 5450 diebus
763 5382 841 5448 Deus
893 5390 993 5450 tudine
1020 5390 1160 5449 sermonis
1181 5397 1214 5449 ut
1237 5404 1361 5465 pomum
1393 5406 1446 5466 pro
1459 5407 1641 5472 quacunque
1660 5400 1740 5459 utili·

96 5490 339 5555 consummasset,
362 5497 459 5555 ncque
472 5480 561 5539 simul
574 5492 665 5539 rema
688 5478 841 5550 temperies
892 5478 1034 5538 tatesiout
1049 5476 1164 5538 tructus
1178 5477 1349 5550 accipiatur,
1366 5479 1429 5542 ldeo
1443 5496 1512 5543 cum
1521 5484 1606 5555 prim
1628 5486 1742 5549 ιιιιιιιιιι
