3804 5962
79 191 85 242 t
797 184 851 244 stc
870 186 914 242 ΕΤ
932 185 1015 244 ΝΟΝ.
1196 172 1199 181 ¹
1696 186 1765 245 titt

94 312 188 384 prima
218 310 291 367 visio
315 309 355 366 ita
381 309 554 368 contexitur.
570 310 652 367 Elin
670 311 764 368 medio
784 310 863 368 simi·
876 310 903 367 A
917 310 972 367 boc
989 318 1097 378 movet,
1111 310 1189 382 quod
1204 324 1263 368 uon
1279 323 1433 369 moenera
1447 311 1496 369 sed
1509 310 1632 383 antiqua
1642 312 1761 371 Petrum

79 403 107 459 lo
131 405 258 471 quatuor
279 397 505 468 animabamur
529 399 629 457 vultus
652 413 755 457 eorum
775 399 861 458 lacies
918 399 1124 471 explanatione
1135 399 1274 456 traditum
1295 399 1367 456 dixi.
1383 401 1481 472 Neque
1495 399 1572 458 enim
1587 400 1658 457 mibi
1682 415 1700 457 a
1719 415 1764 459 nne

79 490 143 547 linis
169 495 196 545 et
225 486 313 544 iacies
336 485 426 544 leonis
444 495 472 544 et
494 488 579 546 iacies
608 489 690 546 vituli
718 497 746 546 et
773 488 860 547 iacies
917 488 979 559 ipso
1000 488 1041 544 ita
1054 489 1161 557 vuum,
1178 487 1227 545 sed
1241 488 1280 545 ita
1296 488 1410 546 abesto
1420 489 1586 560 Augustino
1600 490 1763 560 expositum

78 579 131 635 ilae.
148 578 246 634 Prima
267 576 391 633 bominis
409 576 495 634 iacies
515 578 683 635 Mattbaeum
705 578 859 650 significat,
917 576 1006 634 luisse
1021 577 1192 645 memoravi,
1216 584 1244 634 et
1258 577 1359 648 paucis
1382 577 1481 646 otiam,
1497 578 1575 636 unde
1597 579 1652 636 boe
1678 576 1760 636 altir-

88 666 175 739 quasi
193 665 228 721 de
254 665 371 721 bomine
393 679 515 723 exorsus
544 667 579 723 sit
608 667 733 724 scribere
751 667 858 724 librum
917 671 1018 733 maret,
1033 664 1168 736 adjunxi.

79 756 211 813 erationis
224 754 290 810 iesu
311 753 425 822 Christi,
442 753 493 810 lilii
508 755 611 823 David,
634 755 685 813 dlii
698 756 858 813 Abrabam.
1306 754 1370 814 dv.

78 844 148 900 inda
170 845 309 909 llarcum,
325 843 355 897 in
378 855 437 912 quo
460 857 520 901 vox
534 843 625 901 leonis
648 845 679 901 in
699 858 796 902 eremo
809 859 858 902 ru·
917 842 994 909 Quod
1017 843 1111 898 eadem
1138 845 1230 900 diaria
1258 849 1424 925 tomcapat
1448 860 1531 915 quam
1550 843 1633 916 pedes
1656 846 1765 900 liomiai

79 932 121 988 tis
144 929 274 999 auditur,
295 944 354 988 vox
377 931 528 988 clamantis
552 933 583 990 iu
605 933 739 990 deserto:
760 936 861 989 Parate
1199 920 1321 984 “nimir
1334 921 1476 972 elisium·

79 1021 225 1074 tliomiao
252 1023 339 1074 rectos
370 1021 455 1086 tacite
471 1023 532 1076 cias
547 1023 617 1091 ejus.
645 1023 741 1079 Tertia
763 1022 858 1092 vituli,
951 1021 1121 1076 Eadomilic
1140 1023 1253 1077 ioannis
1277 1025 1397 1094 episcopi
1422 1022 1456 1078 de
1475 1022 1634 1094 proditione
1657 1020 1761 1079 iuda:

93 1105 300 1177 evangelistam
329 1107 502 1163 aiacbaria
525 1108 670 1165 sacerdote
701 1110 860 1179 sumpsisse
918 1111 992 1164 tuac
1007 1109 1076 1164 arbiit
1090 1125 1162 1165 unam
1182 1126 1216 1165 ea
1236 1111 1386 1176 duodecim,
1408 1119 1463 1168 etc.
1495 1117 1570 1172 Ante
1593 1106 1763 1181 proditionis

83 1208 132 1251 um
151 1193 329 1265 praefigurat.
350 1194 459 1262 Quarta
480 1197 619 1252 ioannem
639 1197 857 1268 evangelistam,
915 1204 1039 1268 tempus,
1056 1205 1124 1254 ante
1148 1199 1311 1256 traditionis
1337 1200 1439 1256 boram
1467 1198 1586 1256 accessit
1610 1195 1760 1266 meretrix,

84 1284 240 1355 assumptis
265 1283 367 1353 pennis
388 1285 495 1354 aquilae
507 1285 584 1341 etad
599 1285 702 1342 altiora
720 1287 859 1344 festinans
916 1299 968 1342 vas
987 1286 1166 1344 alabastrum
1195 1287 1333 1345 manibus
1361 1295 1490 1359 portans,
1524 1295 1553 1344 et
1576 1292 1761 1357 unguentum

79 1371 685 1445 erbolieidisputat.Undeetdpocalypsis
700 1375 859 1433 introducit
917 1375 1030 1432 Domini
1065 1376 1152 1448 capiti
1185 1376 1375 1447 supereffudit
1397 1393 1405 1440 ς
1431 1376 1517 1448 paulo
1539 1378 1605 1433 ante
1624 1373 1762 1432 meretrix

79 1469 141 1517 tuor
155 1459 293 1516 animalia
305 1460 390 1530 plena
404 1460 495 1518 oculis
507 1462 606 1519 dicens
621 1466 672 1531 (rv,
683 1464 710 1535 t)
727 1464 860 1520 :Animal
916 1464 1012 1522 subito
1039 1465 1146 1536 pudica
1164 1465 1310 1536 processit,
1335 1473 1363 1522 et
1382 1465 1501 1537 quando
1514 1465 1668 1536 prostituta
1682 1462 1763 1534 lupa·

79 1566 133 1606 tum
155 1551 243 1605 amite
264 1551 345 1617 leoni,
365 1554 392 1605 ct
407 1551 555 1607 secuudum
580 1552 686 1608 animal
708 1554 798 1608 simile
815 1556 859 1608 oi·
916 1566 971 1609 nar
1010 1553 1081 1619 exit,
1123 1559 1193 1609 ωηο
1242 1552 1402 1624 discipulus
1427 1553 1589 1624 gebennam
1629 1550 1760 1608 intravit.

79 1681 83 1700 .
116 1644 142 1694 et
168 1641 280 1694 tertium
303 1640 392 1695 simile
424 1639 537 1708 bomini,
568 1646 595 1696 et
617 1646 747 1711 quartum
772 1645 860 1699 simite
875 1636 897 1691 li
914 1641 1034 1709 Quando
1050 1638 1100 1696 illa
1110 1639 1269 1696 mercedem
1284 1639 1332 1696 sui
1346 1641 1472 1711 corporis
1501 1638 1664 1704 abdicabat.
1689 1646 1759 1694 tunc

79 1728 116 1784 da
129 1730 243 1784 volanti.
256 1727 369 1795 Quibus
387 1728 499 1785 cunctis
524 1730 673 1801 perspicue
687 1731 858 1801 ostenditur,
914 1728 1039 1801 pretium
1064 1728 1196 1800 magistri
1221 1735 1248 1785 et
1262 1728 1416 1800 sanguinis
1445 1727 1619 1800 postulabat.
1639 1726 1761 1794 Quando

79 1825 143 1875 tuor
166 1823 279 1873 tanturn
295 1816 398 1873 debere
410 1818 561 1889 evangelia
580 1819 697 1890 suscipi.
722 1821 771 1875 Ea
790 1835 858 1889 qao-
915 1817 1103 1875 csculabatur
1119 1817 1215 1888 pedes,
1242 1823 1275 1874 ut
1300 1817 1507 1889 susciperetur,
1537 1824 1607 1874 tnnc
1630 1816 1683 1873 iste
1705 1815 1760 1872 lio·

106 1907 163 1962 alio
193 1907 369 1976 pretatione,
400 1922 461 1977 qua
493 1909 532 1963 sic
560 1912 682 1978 incipit:
714 1908 860 1979 imprimis
914 1906 987 1964 mini
1001 1906 1078 1963 labia
1105 1905 1300 1975 osculabatur,
1315 1914 1348 1963 ut
1364 1906 1504 1977 proderet.
1521 1905 1588 1963 ldec
1604 1905 1763 1974 dixiftunc

79 1996 205 2053 erendum
226 2003 278 2063 est,
302 2004 429 2066 quatuor
448 1996 633 2068 evangelista
652 1997 723 2067 qnid
746 1996 861 2069 signid-
914 2010 975 2053 sesa
984 1994 1157 2067 magistrum
1177 1995 1302 2052 doctoris
1316 1994 1450 2063 ostendit,
1471 1994 1523 2067 qni
1550 2000 1578 2052 et
1598 1993 1763 2051 meretrices

84 2127 91 2150 ,
115 2084 267 2141 Mattheus
291 2084 393 2140 taciem
417 2084 553 2151 bominis,
570 2084 662 2142 Lucas
675 2085 771 2153 vituli,
786 2086 860 2142 blar-
914 2085 951 2142 ab
966 2084 1159 2142 obediendum
1183 2083 1336 2140 convolare
1358 2084 1485 2155 perlecit.
1505 2082 1578 2152 Quid
1592 2083 1696 2156 ,igitur
1709 2082 1761 2155 qui

81 2172 180 2241 leonis,
200 2173 323 2229 ioannes
336 2173 445 2245 aquila
460 2189 468 2240 ;
482 2173 622 2231 Dominus
634 2176 716 2231 lesus
729 2173 860 2232 Christus
913 2173 1098 2231 meretricum
1121 2186 1215 2229 mores
1246 2172 1338 2230 voluit
1364 2180 1554 2240 commutare,
1578 2171 1757 2243 discipulum

79 2274 106 2317 m
128 2259 267 2330 implevit,
297 2258 383 2315 bomo
419 2260 575 2328 nascendo,
608 2261 720 2319 vitulus
760 2262 861 2318 immo·
913 2276 971 2319 non
987 2261 1137 2318 retineret
1162 2259 1259 2330 Valde,
1288 2260 1422 2332 inquam,
1446 2267 1474 2317 et
1490 2261 1693 2318 incunctanter
1711 2272 1761 2316 vo

79 2352 110 2417 lo,
128 2347 171 2404 leo
187 2348 374 2419 resurgendo,
397 2348 496 2418 aquila
515 2348 704 2406 ascendendo.
724 2350 858 2418 Augusti
913 2349 967 2406 luit
990 2348 1122 2415 retinere,
1140 2349 1190 2404 sed
1202 2348 1370 2406 necessitate
1389 2349 1622 2407 nolebatbonum
1638 2347 1760 2406 eldcere.

81 2440 120 2492 lie
142 2436 286 2492 concordia
309 2439 549 2506 evangelistarum,
573 2438 620 2493 lib.
636 2440 672 2493 i:
690 2438 771 2496 Unde
789 2438 860 2495 milri
913 2439 1093 2507 Hieronymus
1107 2451 1191 2506 super
1217 2439 1284 2495 Osee
1309 2439 1487 2510 inproloqo:
1509 2437 1577 2494 llsec
1599 2444 1642 2494 est
1656 2434 1762 2493 molier

81 2534 161 2597 ntur,
180 2527 232 2597 qui
258 2541 295 2582 ex
313 2527 481 2597 Apocalypsi
496 2526 547 2583 illa
571 2535 698 2598 quatuor
722 2527 860 2585 animalia
913 2525 1051 2583 meretrix
1072 2532 1100 2581 et
1126 2525 1267 2594 adultera,
1285 2541 1351 2598 quae
1372 2527 1401 2583 in
1417 2525 1575 2598 Evangelio
1603 2525 1688 2597 pedes
1701 2524 1761 2581 Do-

80 2615 277 2687 intelligendos
302 2624 431 2686 quatuor
456 2616 647 2686 evangelistas
681 2615 860 2687 interpretati
915 2615 985 2671 mini
1005 2614 1084 2670 crine
1112 2605 1239 2677 detersit.
1261 2619 1289 2672 et
1317 2614 1504 2672 confessionis
1528 2629 1589 2672 suae
1604 2612 1760 2671 honorarit

79 2712 93 2773 t,
114 2704 294 2775 probabilius
315 2702 425 2775 aliquid
442 2704 596 2761 attendisse
610 2704 662 2773 illi,
679 2704 731 2775 qni
745 2705 860 2761 leonem
915 2713 1085 2776 unguento;
1112 2703 1335 2775 indignantibus
1376 2703 1537 2774 discipulis,
1578 2709 1606 2759 et
1633 2701 1760 2759 maxime

79 2793 203 2856 lattbaeo,
229 2793 375 2849 hominem
390 2793 421 2849 in
441 2793 546 2862 blanco,
562 2793 689 2849 vitulum
713 2793 743 2849 ln
771 2794 857 2862 Luca,
915 2793 1068 2864 proditore,
1084 2793 1162 2865 quod
1190 2807 1248 2848 non
1272 2790 1372 2849 luisset
1390 2791 1551 2857 venditum,
1580 2799 1607 2847 et
1634 2789 1759 2859 pretium

79 2881 144 2938 ilam
158 2883 189 2937 in
211 2883 321 2938 ioanne
349 2881 564 2949 intellexerunt,
581 2895 670 2952 quam
686 2880 726 2937 illi
741 2881 791 2952 qui
807 2882 858 2938 ho·
915 2882 992 2938 illius
1007 2883 1036 2938 in
1052 2882 1222 2938 alimentum
1249 2893 1411 2951 pauperum
1439 2879 1639 2946 distributum,
1665 2877 1760 2935 Domi·

79 2984 121 3026 em
146 2969 289 3036 llattbaeo,
319 2970 449 3041 aquilam
477 2970 583 3038 Marco,
611 2970 736 3026 vitulum
764 2971 858 3037 Luce.
877 2975 971 3033 enus
998 2971 1172 3042 respondet:
1203 2969 1275 3036 Quid
1314 2969 1421 3024 molesti
1442 2969 1506 3024 estis
1542 2969 1605 3023 iuis
1623 2960 1760 3022 mulieri?

79 3072 125 3116 cm
139 3058 245 3114 ioanni
260 3059 434 3116 tribuerunt.
452 3060 492 3116 lie
509 3059 658 3131 principiis
670 3059 747 3116 enim
767 3058 857 3117 libro·
914 3061 988 3132 Opus
999 3061 1097 3116 bouum
1125 3064 1240 3130 operata
1259 3065 1299 3113 est
1329 3060 1360 3113 ia
1376 3072 1418 3112 me
1436 3076 1444 3125 ;
1454 3071 1591 3128 pauperes
1605 3057 1676 3111 euim
1690 3069 1759 3111 sem·

94 3148 254 3218 quamdam
276 3147 473 3218 conjecturam
488 3161 590 3218 capere
615 3147 782 3216 voluerunt,
798 3162 858 3205 non
911 3165 961 3220 per
975 3149 1108 3205 babebitis
1131 3148 1278 3212 oabbmm
1304 3161 1346 3201 me
1369 3150 1459 3201 autem
1478 3160 1533 3200 aaa
1547 3159 1651 3215 seraper
1668 3141 1758 3214 (Joaa.

79 3243 132 3292 iota
161 3234 317 3292 intentione
342 3236 600 3306 evangelistarum,
628 3250 694 3307 quse
722 3243 781 3293 tota
812 3237 858 3293 vel
911 3252 962 3304 ιη,
980 3237 1020 3309 8).
1045 3239 1079 3294 Et
1111 3251 1147 3293 nc
1172 3242 1291 3306 putetur
1318 3234 1380 3292 leve
1407 3233 1564 3304 essequod
1592 3231 1707 3301 lecerat,
1732 3237 1760 3288 et

79 3324 108 3380 is
121 3325 214 3381 luerat
229 3322 448 3394 perscrutanda.
459 3323 549 3380 llulto
558 3324 636 3380 enim
648 3325 859 3396 congruentius
912 3326 1037 3382 nardum
1053 3325 1199 3396 pisticum,
1228 3322 1257 3379 id
1277 3331 1320 3380 est
1344 3328 1526 3393 unguentum
1550 3319 1757 3387 fidelissimum,

88 3413 139 3483 qui
155 3412 268 3483 regiam
282 3410 386 3469 Christi
402 3425 554 3481 personam
567 3412 693 3468 maxime
718 3427 860 3469 commen·
912 3414 1045 3471 adalind
1066 3413 1147 3485 quid,
1164 3427 1222 3469 non
1251 3412 1287 3468 ad
1311 3411 1467 3468 Ecclesiam
1492 3423 1553 3467 esse
1565 3408 1759 3474 tolerandum,

79 3501 230 3565 tironem
253 3501 403 3571 accipitur.
428 3499 510 3567 Quod
533 3507 631 3556 autem
660 3514 711 3571 per
730 3501 858 3558 vitulum
913 3504 963 3559 dat
977 3501 1251 3559 nobisoccasionem
1280 3499 1485 3571 intelligentia,
1503 3508 1532 3555 et
1557 3510 1671 3569 magnac
1694 3495 1760 3553 lidel

79 3602 109 3646 as
127 3589 309 3659 significatus
323 3588 368 3656 sit,
386 3589 481 3644 neutri
497 3587 719 3645 dubitaverunt.
744 3578 869 3647 marcus
913 3590 1033 3660 prumia
1057 3589 1230 3660 repromittit
1258 3588 1285 3645 ei
1310 3588 1436 3645 dicens:
1464 3587 1564 3654 Amen,
1591 3601 1669 3641 amca
1696 3584 1759 3642 dico

79 3692 95 3743 t,
108 3675 158 3746 qui
175 3689 271 3746 neque
285 3676 404 3748 stirpem
420 3675 530 3747 regiam
544 3689 639 3746 neque
654 3677 858 3735 sacerdotalem
912 3679 998 3747 uobis,
1013 3679 1167 3747 ubicunque
1188 3677 1371 3748 predicatum
1381 3676 1476 3745 suerit
1504 3676 1553 3730 boc
1579 3675 1760 3743 Euangeiium

79 3763 274 3835 cognationem
292 3763 338 3820 vel
351 3764 594 3820 consecrationem
619 3776 741 3821 narrare
754 3765 857 3834 voluit,
913 3771 943 3821 ia
956 3767 1134 3834 totomuado,
1147 3766 1252 3821 dicetur
1266 3769 1292 3819 et
1312 3764 1385 3835 quod
1411 3764 1467 3819 aare
1492 3765 1601 3830 fecerit,
1615 3765 1646 3817 ia
1666 3777 1760 3818 metuo

79 3866 166 3909 amen
198 3852 229 3908 in
256 3852 299 3908 eis
327 3860 460 3909 versatus
487 3852 657 3919 ostenditur,
679 3867 745 3924 quar
773 3855 859 3911 bomo
913 3859 984 3911 riam
998 3856 1066 3925 ejus.
1082 3855 1157 3910 idem
1183 3857 1301 3909 Damaso
1315 3853 1431 3908 secundo
1444 3857 1565 3907 tractatu
1578 3867 1670 3922 super.
1685 3852 1759 3908 caa-

79 3941 154 4006 istus,
168 3948 304 4012 operatus
314 3948 367 4008 est,
382 3949 496 3997 tantum
511 3941 635 3999 hominis
648 3942 743 4014 ligura
758 3943 786 3999 in
802 3942 860 3999 illis
913 3947 998 4000 ticum
1012 3946 1200 4000 canticorum:
1227 3943 1370 4012 Loquitur
1383 3939 1587 4012 Evangelinm,
1614 3938 1686 4010 qnia
1710 3951 1759 3994 vc·

79 4037 142 4087 tuor
157 4029 334 4086 animalibus
348 4031 528 4101 significatus
542 4031 667 4087 videtur.
689 4031 764 4087 liedc
778 4047 860 4103 super
913 4033 956 4090 nit
970 4033 1075 4090 mulier
1089 4032 1199 4089 babens
1214 4029 1393 4086 alabastrum
1409 4027 1552 4100 unguenti
1568 4026 1652 4084 nardi
1664 4025 1757 4098 pistici

79 4121 228 4190 cotppsia:
250 4122 286 4174 lit
316 4120 420 4175 animai
438 4122 561 4190 primum
584 4118 673 4175 simiie
693 4121 771 4186 leorti,
804 4130 858 4180 etc.
913 4121 1040 4193 pretiosi,
1067 4120 1145 4192 justo
1173 4119 1221 4175 illa
1250 4118 1406 4189 peccatrix,
1433 4117 1481 4176 sed
1508 4125 1618 4185 sancta,
1637 4116 1672 4173 de
1700 4129 1760 4187 qua

79 4209 236 4264 :animalia
251 4207 406 4264 multitaria
428 4208 665 4279 interpretantur.
691 4210 857 4267 Beatusau-
876 4209 1038 4315 1)[misisti]
1066 4209 1137 4266 mibi
1169 4221 1341 4265 sermonem.
1367 4205 1430 4263 Scio
1465 4205 1573 4278 quippe
1600 4205 1709 4263 Lucam
1724 4206 1759 4261 de

87 4296 269 4369 Augustinus
282 4298 369 4369 juxta
379 4297 509 4353 ordinem
520 4296 587 4353 libri
599 4297 683 4354 istius
693 4298 859 4357 blattboeum
915 4299 1082 4369 peccatrice,
1104 4298 1270 4354 llattbanm
1285 4309 1354 4352 vero
1377 4303 1405 4353 et
1432 4296 1571 4353 ioannem
1587 4303 1614 4352 et
1630 4295 1758 4353 llarcum

79 4400 140 4443 ione
150 4386 218 4443 dicit
228 4386 360 4458 intelligi,
377 4386 427 4458 qui
444 4387 530 4458 regias
544 4386 733 4458 dignitatisin
747 4386 862 4446 Christo
914 4400 972 4442 non
986 4386 1022 4441 de
1037 4392 1194 4455 peccatrrce
1206 4384 1325 4441 dixisse.
1356 4384 1438 4441 Venit
1451 4397 1521 4456 ergo
1536 4399 1594 4440 non
1615 4384 1760 4455 peccatrix

79 4475 180 4544 uptam
204 4478 315 4541 narrat,
336 4474 388 4545 qui
416 4482 444 4531 et
457 4475 527 4531 vicit
543 4475 595 4532 leo
613 4476 649 4532 de
671 4476 750 4533 tribu
775 4477 858 4533 iuda.
914 4473 974 4538 illa,
989 4472 1038 4529 sed
1061 4481 1171 4538 sancta,
1186 4473 1271 4544 cnjus
1283 4486 1388 4529 nomen
1415 4472 1538 4530 loannes
1552 4486 1669 4544 quoquc
1684 4472 1762 4528 inse·

79 4561 137 4618 ilus
160 4563 237 4618 enirn
252 4562 342 4619 leonis
355 4562 440 4629 iuda,
460 4569 488 4618 et
503 4561 532 4617 in
547 4577 616 4633 quo,
644 4572 676 4620 ut
691 4578 742 4621 rex
763 4579 779 4620 a
794 4580 861 4637 rege
914 4563 984 4630 ruit,
1001 4561 1112 4619 babens
1126 4561 1303 4619 alabastrum
1318 4561 1459 4633 unguenti
1475 4561 1603 4632 pretiosi,
1618 4569 1645 4619 et
1659 4560 1762 4619 effudit

79 4651 281 4723 rtur‚allagis
296 4651 444 4718 adoratur,
467 4651 620 4707 ubietiam
646 4666 698 4709 rex
719 4668 784 4709 curn
801 4668 860 4711 ser·
915 4663 1004 4720 super
1017 4658 1104 4721 caput
1123 4649 1199 4706 iesu.
1214 4650 1247 4705 ln
1264 4650 1359 4722 figura
1373 4664 1442 4721 ergo
1471 4649 1563 4716 istius,
1594 4664 1660 4721 quse
1681 4663 1761 4706 nunc

79 4740 216 4796 rationem
230 4739 320 4810 ponit,
335 4753 388 4795 rex
412 4739 530 4810 nuptias
549 4739 607 4795 lilio
623 4740 701 4808 lacit,
728 4748 755 4797 et
770 4742 807 4799 ad
817 4743 861 4799 ul·
916 4736 1055 4812 loquitur,
1082 4739 1186 4792 nardus
1209 4739 1359 4794 meadedit
1385 4738 1497 4794 odorem
1520 4753 1601 4794 suam
1633 4737 1723 4807 (Gaat.
1739 4752 1759 4805 r,

79 4841 120 4883 rm
136 4835 267 4898 segregat
282 4840 350 4884 oves
364 4826 401 4883 ab
416 4827 517 4884 badis.
535 4828 633 4884 Facies
652 4843 721 4886 vero
737 4830 862 4887 bominis
918 4829 973 4898 ll),
998 4828 1047 4885 illa
1060 4828 1159 4898 isuper
1173 4829 1263 4884 Deum
1283 4828 1358 4885 ludit
1373 4835 1567 4900 unguentum.
1591 4827 1666 4884 Beda
1680 4842 1763 4898 super

79 4930 144 4972 cum
160 4917 313 4986 significat,
335 4916 387 4987 qui
403 4916 475 4972 nibil
492 4916 527 4972 de
541 4916 633 4987 regali
652 4923 679 4973 et
693 4917 861 4974 sacerdotali
914 4920 1017 4974 lusam
1046 4917 1107 4986 (vu,
1135 4915 1180 4986 37)
1209 4917 1256 4971 tib.
1274 4918 1331 4974 lll:
1356 4919 1462 4972 dtecce
1487 4918 1594 4984 mulier,
1619 4931 1680 4986 que
1704 4920 1763 4972 mat

79 5004 131 5059 nini
159 5005 286 5074 potentia
315 5004 439 5073 locutus,
460 5011 574 5060 tantum
600 5005 732 5061 bominis
758 5004 862 5063 Cbristi
914 5010 945 5061 ia
991 5007 1105 5060 ciuitate
1131 5007 1280 5075 peccabis,
1324 5013 1378 5062 etc.
1413 5005 1535 5070 Quidam
1558 5005 1661 5062 dicunt
1687 5003 1764 5061 banc

79 5105 97 5146 a
116 5091 286 5162 simpliciter
309 5099 420 5158 narrat,
444 5099 498 5147 etc.
514 5091 588 5146 idem
601 5095 632 5146 ia
647 5094 761 5162 prologo
782 5109 864 5166 capa
915 5094 1044 5153 eamdem
1068 5108 1127 5150 uon
1151 5107 1213 5150 esse
1234 5093 1394 5160 mulierem,
1426 5108 1493 5164 quae
1516 5092 1683 5150 imminente
1704 5082 1762 5149 ¹llo·

79 5184 127 5234 mis
153 5195 210 5234 sua
236 5195 319 5250 super
350 5181 451 5235 Lucam
468 5177 566 5246 :Quod
589 5193 659 5236 vero
679 5181 722 5236 ais
749 5194 864 5239 movere
916 5183 1024 5239 minica
1038 5182 1169 5253 passione
1181 5188 1270 5253 caput
1285 5182 1429 5253 pedesque
1447 5182 1511 5253 eius
1531 5190 1681 5253 unguento
1696 5195 1762 5253 per-

80 5267 172 5334 sdam,
197 5281 290 5338 quare
306 5268 337 5324 in
351 5267 524 5338 Apocalypsi
540 5280 615 5323 nova
630 5269 862 5339 interpretatione
915 5271 1002 5337 ludit,
1017 5272 1088 5343 quia
1101 5270 1162 5326 baec
1174 5267 1309 5341 lacrymis
1338 5269 1440 5327 laverit
1465 5280 1494 5327 et
1510 5271 1590 5327 crine
1602 5271 1686 5342 pedes
1702 5276 1760 5327 ter·

79 5355 186 5412 thaeum
214 5355 298 5425 leoni,
328 5357 456 5413 llarcum
472 5355 583 5412 bomini
600 5357 749 5428 assignare
763 5357 863 5415 volne·
917 5359 990 5415 serit
1003 5367 1031 5416 et
1045 5357 1195 5415 manileste
1216 5359 1363 5430 peccatrix
1387 5358 1557 5430 appelletur,
1586 5360 1622 5417 de
1649 5358 1699 5416 illa
1712 5373 1762 5416 au·

82 5484 90 5512 ,
119 5444 225 5502 intueri
252 5445 422 5513 debuerant,
448 5444 616 5518 quicunque
632 5446 673 5502 illi
693 5455 772 5510 sunt,
791 5461 864 5518 quos
895 5455 976 5506 ‘tem
1007 5446 1081 5506 nibil
1104 5447 1159 5507 tale
1188 5447 1329 5522 scriptum
1353 5448 1400 5516 sit,
1426 5438 1483 5505 'nec
1511 5448 1637 5523 potuerit
1669 5447 1765 5506 statim
