3736 5962
91 110 141 168 aaa
551 107 655 168 alsat
675 111 862 170 aestatim
882 114 956 173 OPP.
975 117 1066 176 eatis
1084 118 1107 175 1.
1129 144 1162 162 ··
1182 113 1372 174 Eeisrola.
1676 186 1681 195 ¹
1788 113 1836 167 ¹²4

88 242 185 294 autem
212 236 333 294 lectione
356 234 414 308 (at)
441 235 578 308 magister
602 237 667 306 ejus
687 234 837 294 anselmus
860 238 971 297 lau-a
1092 244 1187 312 Qualis
1201 243 1339 317 pacifero
1364 255 1480 312 quaene
1494 240 1661 297 sublimiai'ii
1674 253 1752 306 opio.

88 324 228 383 dunensis
263 325 421 382 maximam
455 339 493 381 ex
531 326 704 396 antiquitate
735 326 932 386 auctoritatem
1203 332 1319 403 (lucas.
1336 329 1463 386 Pborsol.
1480 330 1530 387 lib.
1547 344 1587 395 ir,
1603 330 1675 400 135).

90 420 161 472 lunc
179 414 303 471 tenebat.
988 423 1048 479 ileo
1063 422 1155 494 igitur
1175 427 1333 491 comperto,
1358 433 1416 476 non
1442 418 1541 477 multis
1565 418 1668 475 diebus
1690 417 1841 476 inumbra
1864 475 1868 486 ,

125 504 193 561 cia.
209 504 256 560 lli.
284 503 417 570 Quomodo
440 502 602 559 leudunum
623 508 697 558 oepit
716 504 753 559 od
772 508 934 574 magistrum
986 512 1051 583 ejus
1064 512 1172 568 otiosus
1185 509 1274 581 jacui.
1298 507 1440 566 Paulatim
1459 521 1528 565 rere
1549 521 1595 563 me
1607 507 1669 578 jam
1688 506 1791 563 rarius·
1801 506 1839 565 ad
1855 552 1861 569 ,

89 593 257 649 aasetmom.
269 594 425 649 —accessi
437 591 568 663 igiturnd
580 591 775 660 huncsenem,
785 594 832 651 cui
842 596 934 667 magis
986 599 1122 656 lectiones
1138 599 1202 670 ejus
1217 597 1380 664 accedente,
1395 597 1514 669 quidam
1531 604 1601 653 tuuc
1621 598 1696 652 inter
1712 594 1838 666 discipu.
1861 653 1865 667 .

88 681 328 753 longevususus,
345 696 434 752 quani
451 680 599 751 ingenium
615 681 659 736 vol
675 683 813 739 memoria
827 698 932 740 nomeu
987 687 1030 745 los
1043 689 1107 758 ejus
1129 687 1290 745 eminentes
1309 686 1437 756 graviter
1452 683 1480 742 id
1501 683 1640 745 terebant,
1657 683 1742 754 quasi
1763 681 1836 739 tanti
1865 755 1868 762 Ι

89 778 314 841 comparaverat.
336 771 378 826 ad
398 783 483 840 quem
499 769 523 825 si
543 769 609 840 quis
628 770 663 826 de
686 771 786 842 aliqua
801 773 934 843 questio
988 776 1119 848 magistri
1145 781 1325 845 contemptor
1347 774 1453 830 fierem.
1475 772 1597 830 Proinde
1620 772 1701 828 illum
1717 784 1835 843 quoquo
1863 833 1868 846 ¹

89 874 125 916 ne
151 859 326 930 pulsandum
361 858 506 914 accederet
535 859 673 927 incertus,
704 861 815 917 redibat
844 861 934 919 incer·
988 868 1142 923 adversum
1162 880 1208 923 me
1228 863 1351 921 latenter
1373 866 1595 928 commoventes,
1619 861 1717 932 pravis
1735 875 1835 933 sugge

89 949 155 1006 tior.
170 947 305 1004 ilirabilis
319 947 435 1018 quidem
456 954 517 1003 erat
532 947 561 1002 in
585 947 677 1003 oculis
694 951 930 1016 auscultantium,
987 956 1130 1012 stionibus
1150 955 1175 1011 ei
1191 968 1236 1010 me
1259 953 1433 1010 invidiosum
1450 952 1589 1008 lecerunt.
1610 950 1721 1008 Accidit
1737 958 1834 1007 autem
1860 1020 1864 1027 ⁵

89 1036 138 1093 sed
151 1037 251 1093 nullus
266 1037 295 1091 in
316 1044 470 1106 conspectu
490 1036 756 1107 quaestionantium.
776 1040 933 1097 Verborum
987 1044 1114 1117 quadarn
1134 1043 1190 1109 die,
1212 1049 1244 1099 ut
1259 1049 1321 1113 post
1345 1041 1460 1112 aliquas
1482 1041 1693 1096 sententiarum
1710 1038 1837 1095 collatio·
1861 1104 1864 1109 ,

87 1138 174 1181 usum
197 1124 319 1180 habebat
346 1124 517 1191 mirabilem,
548 1126 597 1181 sed
621 1140 708 1182 serisii
734 1128 932 1200 conteinptibi·
987 1147 1047 1200 ιιι,
1067 1147 1119 1188 nos
1133 1132 1277 1188 scholares
1299 1130 1421 1187 invicem
1434 1129 1609 1201 jocaremur.
1631 1128 1684 1185 Ubi
1707 1141 1774 1184 cum
1791 1141 1836 1185 me

88 1212 154 1279 lem,
180 1221 207 1268 et
234 1213 344 1270 ratione
370 1226 507 1269 vacuum.
536 1213 607 1270 cum
635 1215 731 1287 iguem
755 1219 930 1289 accenderet,
987 1221 1106 1291 quidam
1122 1219 1219 1275 animo
1235 1217 1404 1275 intentantis
1416 1216 1660 1288 interrogavisset,
1676 1216 1746 1288 quid
1765 1214 1836 1271 inihi

87 1301 206 1358 domum
228 1316 310 1359 suain
334 1303 413 1358 iumo
438 1302 583 1372 implebat,
600 1318 657 1360 non
680 1304 744 1362 luce
759 1306 930 1364 illustrabat.
986 1307 1022 1364 de
1037 1307 1202 1364 divinorum
1219 1306 1339 1363 lectione
1361 1306 1501 1363 librorum
1519 1305 1677 1371 rideretur,
1697 1304 1748 1376 qui
1768 1317 1838 1361 uon·

86 1391 183 1450 arbor
196 1391 260 1462 ejus
274 1399 333 1448 tota
352 1392 382 1448 in
407 1391 481 1448 loliis
501 1392 706 1463 aspicientibus
725 1408 742 1450 a
764 1395 848 1468 longe
867 1411 933 1453 con·
986 1396 1056 1452 dum
1082 1394 1137 1451 nisi
1162 1395 1192 1450 in
1213 1393 1339 1465 physicis
1353 1392 1533 1461 studueram,
1557 1391 1691 1462 respondi
1712 1391 1837 1448 saluber·

87 1479 188 1549 spicua
206 1479 371 1549 videbatur,
395 1481 444 1536 sed
470 1481 747 1553 propinquantibus,
769 1484 932 1558 etdiligen-
987 1485 1094 1542 rimum
1123 1483 1240 1556 quidem
1270 1483 1360 1553 hujus
1386 1481 1516 1540 lectionis
1542 1495 1604 1537 esse
1628 1480 1757 1537 studium
1785 1479 1837 1536 ubi

87 1568 146 1625 tius
162 1569 342 1626 intuentibus
366 1569 546 1626 infructuosa
565 1570 771 1640 reperiebatur.
788 1573 830 1629 ad
857 1575 931 1632 banc
985 1579 1065 1637 salus
1084 1578 1188 1636 animae
1202 1579 1395 1651 cognoscitur,
1416 1577 1465 1635 sed
1487 1591 1532 1633 inc
1555 1576 1739 1632 inchemenrer
1753 1573 1837 1629 mira.

87 1656 186 1728 itaque
207 1672 272 1713 cum
295 1659 476 1715 accessissem
504 1666 536 1715 ut
564 1657 691 1716 fructum
721 1659 788 1718 inde
817 1663 930 1736 collige·
985 1668 1021 1736 ri,
1048 1668 1126 1739 quod
1163 1668 1208 1724 tiis
1235 1669 1286 1739 qui
1315 1666 1432 1725 litterati
1466 1672 1543 1732 suut,
1580 1664 1617 1721 ad
1643 1663 1835 1734 expositiones

88 1759 159 1813 rem,
175 1746 349 1818 deprehendi
365 1747 442 1804 illam
463 1762 524 1804 esse
547 1747 698 1810 ficulneam
713 1753 760 1808 cui
784 1752 933 1812 maledixit
987 1767 1153 1815 sanctorum
1189 1756 1399 1828 intelligendas,
1428 1755 1491 1825 ipsa
1522 1766 1621 1811 eorum
1653 1751 1760 1823 scripta
1786 1751 1833 1807 ιιι

87 1835 228 1892 Dominus
247 1837 355 1907 (Mottb.
380 1852 439 1901 irai,
466 1839 511 1908 ¹93
537 1840 632 1904 (More.
656 1852 697 1907 xi,
716 1840 770 1909 tt),
787 1855 838 1898 seu
853 1842 931 1900 illam
986 1843 1086 1915 glossae
1113 1856 1172 1899 nou
1193 1842 1349 1908 sufficiant,
1376 1848 1409 1898 ut
1437 1841 1493 1898 alio
1515 1839 1622 1897 scilicet
1647 1853 1706 1896 uon
1728 1845 1832 1910 egeant

87 1917 211 1981 valerem
229 1939 380 1996 quercum,
405 1926 452 1984 ciii
474 1925 639 1998 Pompeium
660 1928 795 1986 Lucanus
812 1945 931 2003 compa·
985 1931 1149 2003 magisterio
1171 1931 1222 2002 [ol.
1255 1930 1414 2003 magistroi.
1449 1929 1602 1986 irridentes
1636 1927 1755 1999 plurimi
1777 1926 1830 1998 qui

87 2019 143 2082 121·
158 2014 255 2073 dicens
276 2030 283 2071 :
984 2021 1116 2090 aderant,
1136 2034 1172 2076 an
1199 2021 1253 2077 hoc
1279 2034 1332 2093 ego
1356 2033 1467 2091 possem
1486 2025 1514 2075 et
1536 2016 1654 2089 aggredi
1675 2029 1831 2087 praesume·

231 2141 268 2160 ..
291 2145 297 2160 .
320 2147 327 2160 .
347 2109 403 2160 ιιιι
416 2108 510 2173 magni
522 2108 641 2163 nominis
651 2108 759 2177 umbro,
983 2124 1055 2180 rem,
1085 2108 1290 2183 requisierunt.
1315 2107 1461 2181 Respondi
1482 2121 1528 2164 me
1555 2106 1585 2164 id
1608 2106 1632 2163 si
1662 2104 1831 2162 veliemen-

680 2258 838 2320 aNbREAE
856 2262 1084 2332 Qushcsraitt
1102 2262 1220 2322 NOTAE.

86 2381 164 2464 iebr.
197 2382 429 2440 anniversarium
456 2384 603 2443 vuillelmi
628 2386 846 2445 catalaunensis
874 2391 931 2463 epi·
984 2390 1050 2458 bus,
1081 2389 1185 2447 deiude
1211 2401 1262 2459 per
1290 2386 1415 2444 familias
1439 2400 1474 2443 ao
1500 2385 1609 2450 denies,
1635 2383 1671 2439 ad
1694 2381 1829 2440 ultimum

87 2468 176 2525 SPPPt.
191 2460 219 2510 et
234 2455 321 2510 nostri
338 2456 478 2513 canonici.
496 2477 510 2509 ι
984 2460 1151 2533 singillatim
1167 2474 1218 2530 per
1231 2460 1318 2516 viros.
1345 2460 1440 2514 instar
1456 2456 1545 2528 hujiis
1567 2465 1625 2513 tam
1640 2453 1754 2510 subtilis
1770 2467 1831 2524 per·

114 2525 181 2596 ·(ιι)
216 2526 349 2593 Magister
352 2566 405 2582 .....
441 2529 585 2584 aiiielmes
617 2531 865 2587 leudenensis...
895 2563 929 2574 -
984 2532 1150 2604 quisitionis
1167 2531 1290 2587 consulit
1315 2530 1451 2598 magister
1464 2528 1628 2606 ausclniiis,
1645 2535 1677 2582 ut
1700 2524 1772 2581 tanti
1786 2524 1829 2581 ia·

86 2595 188 2653 Plures
203 2600 301 2652 eodem
320 2611 405 2668 prope
429 2607 554 2670 tempore
574 2601 701 2657 anselmi
724 2603 930 2661 laudunenses
984 2604 1090 2660 cineris
1118 2609 1219 2658 auctor
1240 2600 1348 2672 judicio
1376 2613 1460 2670 aquae
1489 2612 1540 2671 per
1563 2605 1716 2663 urreretur,
1739 2610 1773 2652 ac
1795 2596 1831 2652 de

86 2667 215 2724 luerunt.
254 2667 378 2725 ilistoria
408 2683 534 2742 namque
557 2673 773 2730 restaurationis
804 2675 929 2732 ecclesiae
947 2711 968 2766 C
984 2674 1108 2745 singtilis
1127 2674 1206 2729 urbis
1232 2670 1376 2742 parochiis
1405 2685 1482 2727 unus
1512 2613 1557 2725 in?

1553 2682 1605 2724 aiis
1634 2680 1771 2723 innocens
1800 2681 1829 2723 in

87 2737 325 2795 laudunensisfl
344 2743 481 2798 canonico
507 2743 632 2812 quodam
652 2745 780 2812 ejusdem
805 2745 930 2802 ecclesiae
985 2759 1053 2801 vase
1067 2759 1152 2815 aquae
1166 2743 1321 2799 benedicite
1339 2741 1444 2812 repleto
1463 2748 1625 2810 poneretur,
1645 2747 1673 2794 et
1691 2751 1830 2819 quacun·

87 2810 258 2880 conscripta,
280 2811 409 2868 meminit
433 2813 557 2868 ansetmi
581 2813 679 2869 Sancti
696 2815 835 2871 vincentii
856 2817 930 2873 lau-
985 2829 1043 2887 que
1067 2814 1203 2885 parochia
1226 2823 1301 2870 sorte
1325 2811 1479 2883 culpabilis
1503 2810 1688 2883 repetirerur,
1711 2809 1746 2864 de
1767 2823 1830 2864 sin-

87 2879 225 2937 dunensis
243 2880 365 2950 abbatis,
380 2883 430 2952 qui
455 2901 468 2932 i
491 2896 556 2939 cum
572 2885 701 2940 eoenobio
715 2899 768 2940 sue
784 2886 840 2942 iere
855 2887 931 2943 deci·
986 2888 1064 2957 gulis
1092 2884 1225 2942 domibus
1254 2884 1383 2955 ejusdem
1406 2883 1550 2952 parochie
1578 2894 1656 2937 unus
1683 2879 1779 2935 inians
1801 2881 1831 2935 iu

87 2950 143 3009 mis
167 2959 195 3008 et
215 2952 342 3020 septimis
367 2952 451 3008 annis
480 2953 650 3021 pratuissei,
677 2963 706 3010 et
737 2968 789 3024 pro
809 2956 932 3013 utilitate
986 2970 1065 3027 aqua
1087 2965 1253 3027 poneretur,
1274 2962 1301 3010 et
1325 2967 1510 3025 quacunque
1531 2953 1634 3009 domus
1656 2948 1832 3020 deprehensa

87 3021 214 3091 ejusdem
235 3022 358 3078 cenobii
383 3023 499 3079 hemam
520 3024 664 3095 proiectus
685 3024 828 3090 luisset,a
853 3026 933 3084 cleri·
986 3027 1096 3089 luisset,
1122 3039 1221 3082 omues
1237 3025 1290 3080 viri
1320 3024 1365 3081 vel
1386 3023 1499 3081 laminae
1515 3023 1551 3079 ad
1569 3036 1632 3078 eam
1657 3021 1831 3089 pertinentes

87 3094 129 3149 cis
163 3091 403 3160 Tornaiiensibus,
428 3095 480 3163 qui
501 3096 563 3166 jam
590 3096 812 3167 quadringentis
848 3102 932 3154 aunis
984 3099 1093 3170 judicio
1115 3110 1200 3168 aquae
1221 3109 1251 3152 se
1272 3109 1396 3166 purgare
1417 3090 1830 3165 cogerentur.»iinueeipa-

89 3162 204 3242 proprio
230 3163 363 3233 episcopo
387 3174 550 3231 caruerant,
580 3166 706 3223 mirabili
729 3175 844 3235 eventu,
875 3170 931 3225 Deo
986 3176 1026 3226 tet
1050 3170 1130 3225 huuc
1149 3168 1337 3238 posteriorem
1360 3165 1525 3223 anselmum
1548 3163 1631 3220 illum
1654 3162 1750 3232 ipsum
1769 3175 1831 3218 osse

88 3235 249 3313 ordinante,
267 3233 305 3289 ibi
331 3244 462 3304 repertus
476 3236 505 3292 in
525 3237 690 3307 episcopum
711 3237 819 3295 electus
833 3247 884 3302 est,
904 3247 932 3296 ιι
986 3242 1156 3310 magistrum
1177 3237 1343 3294 anselmum
1368 3237 1597 3301 laudunensem,
1617 3247 1704 3314 quem
1730 3232 1831 3289 Petrus

88 3303 242 3384 adommo
266 3317 340 3374 papa
363 3306 492 3376 Eiigenio
514 3309 621 3364 invitus
648 3316 675 3364 ot
695 3309 841 3366 reluctans
864 3310 930 3367 obe·
985 3310 1157 3367 Abalardus
1175 3310 1244 3379 dicit
1265 3316 1334 3364 tuuc
1356 3307 1513 3363 maximam
1528 3319 1564 3361 ex
1584 3311 1756 3384 antiquitate
1775 3317 1831 3360 au·

88 3374 203 3454 dientem
218 3375 336 3432 vinculo
349 3378 529 3446 constrictus,
539 3378 667 3449 pontifex
679 3389 864 3437 consecratus
878 3390 931 3447 est,
987 3382 1145 3439 ctoritatcm
1167 3379 1303 3437 tenuisse.
1325 3378 1391 3434 Fuit
1412 3385 1508 3433 autem
1527 3376 1601 3432 idom
1625 3387 1782 3456 canonieus
1803 3381 1830 3431 et

88 3457 188 3514 sicque
198 3458 248 3515 per
259 3460 326 3502 euin
337 3446 508 3505 tornacensi
526 3449 659 3506 Ecclesia
674 3450 794 3520 antiqua
806 3451 932 3522 dignitas
986 3453 1114 3509 decanus
1139 3449 1272 3507 Ecclesia
1291 3448 1503 3513 laudunensis,
1532 3461 1591 3502 non
1614 3458 1774 3516 episcopus,
1798 3453 1831 3502 ut

89 3516 221 3572 restituta
239 3529 316 3572 anno
330 3517 366 3573 ab
382 3517 580 3577 incarnatione
597 3520 707 3576 Domini
731 3522 805 3576 ιιιὸ.
823 3543 833 3570 i
853 3520 933 3592 [vide
987 3523 1104 3593 quidam
1142 3521 1303 3577 inconsulte
1334 3519 1402 3576 satis
1430 3518 1616 3588 scripserunt.
1649 3514 1731 3582 Quod
1764 3524 1831 3573 ante

88 3588 239 3655 Pati-oloq,
267 3596 334 3643 tom.
360 3589 452 3657 clvi,
469 3591 523 3647 cul.
546 3593 613 3647 4003
629 3598 656 3647 ιι
677 3605 737 3663 seq.
767 3592 857 3666 Epir]
878 3593 932 3650 lie
987 3607 1086 3650 omnes
1111 3591 1156 3648 rel
1181 3592 1286 3647 citatus
1308 3591 1368 3661 jam
1395 3590 1517 3658 scriptor
1544 3588 1625 3644 docet
1645 3586 1690 3643 his
1710 3587 1828 3642 verbis:

89 3656 173 3713 minii
187 3666 214 3714 et
242 3659 370 3715 anselmi
394 3660 512 3717 alterius
535 3661 717 3733 antiquioris,
744 3673 933 3735 cognomento
988 3684 1002 3712 e
1021 3663 1072 3721 Vir
1095 3663 1325 3732 sapientissimus
1343 3660 1481 3732 magister
1502 3657 1656 3716 anselmus
1674 3663 1744 3714 tunc
1761 3663 1830 3714 tcm-

89 3727 192 3796 Beessi,
211 3750 235 3810 .“
252 3729 303 3800 qui
322 3745 352 3787 se
370 3729 533 3789 simulando
557 3732 721 3804 religiosum
745 3748 802 3791 non
828 3749 931 3805 parum
986 3734 1066 3808 poris
1093 3733 1226 3790 Ecclesiae
1254 3744 1358 3789 nostrae
1382 3730 1540 3788 canonicus
1558 3737 1590 3811 'ot
1613 3729 1750 3794 decanus,
1780 3741 1831 3809 ιιι

89 3799 276 3882 ιιιιοιιιιιιι
289 3801 462 3859 laudabatur
475 3812 502 3861 et
519 3804 725 3861 honorabatur.
743 3806 821 3862 Unde
837 3815 864 3863 et
882 3819 933 3877 pro
988 3814 1079 3862 totuin
1094 3819 1165 3875 pene
1179 3806 1278 3860 orbem
1300 3804 1446 3864 latinum,
1466 3801 1591 3882 scientiae
1609 3806 1638 3855 et
1659 3798 1831 3881 eloquentiae

89 3872 227 3942 religione
263 3886 316 3927 sua
343 3873 497 3930 thesaurus
524 3874 649 3932 ecciesiae
677 3874 879 3935 laudunensis
907 3876 933 3933 ei
987 3891 1047 3934 sua
1062 3876 1138 3933 lama
1152 3874 1327 3931 notissimus.
1344 3894 1358 3923 ι
1375 3871 1539 3942 llabuitque
1557 3878 1632 3927 iuter
1647 3869 1718 3926 alios
1731 3870 1830 3950 lectio·

90 3943 252 3998 servandus
277 3943 400 4002 traditus
420 3952 462 4001 est
484 3960 550 4002 cum
575 3946 639 4003 aliis
663 3947 842 4010 custodibus,
860 3962 930 4018 quo·
987 3962 1058 4004 uum
1079 3959 1200 4003 suarum
1235 3945 1382 4002 auditores
1404 3952 1431 4000 et
1450 3942 1615 4011 discipulos.
1640 3954 1707 3997 cum
1734 3953 1830 4011 magi-

89 4014 169 4069 niam
184 4014 305 4085 antiqua
323 4017 501 4073 consuetudo
519 4025 581 4074 erat
592 4017 721 4086 ejusdem
742 4019 886 4085 ccclesiae,
900 4003 1080 4074 ut⁰strum
1118 4014 1303 4072 Guillelmum
1339 4015 1374 4071 de
1409 4013 1562 4085 campellis
1596 4010 1831 4093 archidiaconum

90 4092 196 4154 septem
231 4086 399 4143 custodibus
425 4089 484 4156 ipse
516 4089 668 4145 thesaurus
694 4090 931 4153 committeretur,
987 4086 1120 4145 Ecclesia
1165 4086 1327 4150 Parisiacre,
1363 4085 1398 4141 de
1430 4098 1488 4156 quo
1524 4091 1672 4164 superius,
1714 4082 1830 4138 Petrum

113 4168 216 4210 uorum
232 4165 359 4226 quatuor
373 4157 566 4225 ecclesiastici,
585 4168 723 4215 trassero
741 4169 836 4217 essem
856 4159 930 4216 laici.
988 4168 1118 4216 nostrum
1141 4156 1337 4225 abaelardum,
1387 4155 1417 4211 ui
1446 4156 1501 4211 tuit
1525 4162 1552 4211 et
1580 4168 1638 4224 ipse
1661 4159 1756 4223 postea
1774 4165 1832 4208 ma·

127 4225 154 4292 d,
173 4232 204 4282 ut
232 4241 268 4283 ex
292 4227 347 4285 tine
372 4229 474 4297 patuit,
503 4230 585 4301 louge
608 4229 765 4286 alluserat
795 4230 824 4286 in
849 4231 933 4286 corde
988 4231 1075 4302 gister
1097 4228 1308 4293 celeberrimus,
1339 4170 1503 4283 ansericum
1532 4225 1710 4291 lismensem,
1733 4222 1832 4305 etlo-

90 4310 179 4366 quam
203 4297 332 4354 homines
347 4298 474 4356 viderent
488 4300 518 4356 iu
542 4300 622 4356 tacie.
639 4299 741 4356 Videris
759 4302 835 4356 enini
854 4301 933 4357 mul·
987 4300 1092 4358 tullum
1114 4299 1321 4357 Novariensem
1351 4297 1412 4353 sive
1436 4296 1639 4362 lombardum,
1664 4296 1699 4351 de
1725 4293 1833 4365 quibus

91 4376 152 4424 tum
175 4367 231 4424 sibi
260 4369 296 4425 ab
319 4372 455 4427 omuibus
479 4370 556 4427 credi
584 4384 620 4427 ex
645 4384 718 4427 auro
740 4380 768 4427 et
790 4371 933 4442 lapidibus
988 4379 1097 4442 postea,
1124 4378 1185 4427 tum
1215 4371 1359 4441 precipue
1384 4367 1568 4424 Guillelmum
1597 4364 1832 4423 cantuariensem

92 4439 222 4508 pretiosis
244 4440 354 4510 quibus
372 4455 482 4504 cruces,
508 4441 586 4498 iestis
608 4441 710 4498 diebus
731 4455 819 4511 super
842 4443 934 4499 altare
987 4442 1243 4512 archiepiscopum.
1266 4441 1325 4496 lloc
1344 4440 1422 4495 euim
1446 4446 1566 4495 testatur
1587 4437 1673 4518 etiam
1698 4433 1833 4506 praelatus

90 4511 240 4580 ponende,
255 4511 371 4568 fueraut
389 4518 504 4581 opertae,
521 4527 578 4568 neu
593 4513 729 4584 exiguam
746 4523 852 4582 partem
875 4514 933 4569 ιιι·
987 4514 1121 4571 Ecclesiae
1147 4512 1346 4568 laudunensis
1374 4509 1527 4565 historicus
1547 4522 1614 4564 cum
1639 4514 1679 4562 ait
1704 4521 1711 4563 ι
1743 4530 1757 4553 α
1775 4503 1833 4586 Nos

90 4580 142 4636 tim
156 4581 319 4652 discerpens
333 4582 445 4639 aurifici
465 4583 580 4639 cuidam
604 4583 747 4640 vendendi
768 4597 857 4640 caiisa
878 4593 933 4640 tra·
988 4584 1085 4655 itaque
1099 4590 1247 4651 assumpto
1271 4580 1394 4638 dominae
1415 4588 1520 4636 nostrae
1535 4579 1639 4635 icretre
1660 4585 1748 4648 atque
1765 4577 1832 4658 reli·

90 4651 201 4707 didit.»
227 4652 355 4723 benique
379 4662 408 4709 et
432 4653 548 4709 tertium
574 4653 738 4710 anselmum
763 4655 933 4710 laudunen·
987 4657 1074 4726 auiis,
1094 4653 1279 4712 cantuariam
1297 4651 1440 4717 venimus,
1457 4650 1506 4707 ubi
1524 4657 1595 4706 tunc
1618 4657 1680 4705 erat
1694 4648 1833 4717 archiepi-

90 4737 148 4779 sem
165 4733 315 4787 memorat,
331 4724 381 4793 qui
401 4737 489 4792 super
509 4724 563 4780 boc
578 4726 704 4781 thesauri
722 4726 797 4782 lurto
810 4729 869 4795 jam
886 4728 933 4781 de·
988 4740 1093 4796 scopus
1115 4724 1252 4781 domiuus
1272 4722 1433 4779 Willclmus
1456 4722 1539 4778 uobis
1565 4722 1742 4787 notissimus,
1761 4732 1833 4800 quo3

89 4801 163 4850 tecto
183 4794 332 4850 consultus
353 4801 428 4849 esta
451 4792 711 4865 reliquisecclesiae
736 4796 934 4853 laudunensis
988 4797 1066 4853 uiain
1090 4795 1265 4866 jamdudum
1293 4806 1344 4864 pro
1381 4793 1527 4849 audienda
1557 4790 1676 4848 lectione
1704 4797 1834 4860 magistri

88 4863 245 4927 canonicis,
264 4870 292 4919 et
319 4877 337 4919 a
364 4865 487 4929 ciuibus,
511 4875 649 4934 tanquam
679 4867 759 4923 urbis
782 4868 870 4924 totius
894 4867 934 4923 lu·
987 4866 1115 4924 anselmi
1139 4863 1315 4922 laudunum
1340 4859 1713 4947 petensmiiltisdiebusin
1731 4864 1834 4941 episce3

89 4942 218 4991 cernaet
244 4935 353 4992 lumen.
379 4934 425 4993 Sic
447 4938 522 4993 euim
548 4936 621 4992 idem
636 4944 715 4993 actor
735 4938 770 4993 de
783 4952 817 4994 eo
836 4938 933 5009 luqui—
989 4940 1016 5009 pi
1032 4938 1116 4994 domo
1138 4942 1293 5002 manserat,
1309 4934 1408 5007 ibique
1429 4934 1503 4990 tilios
1523 4932 1648 5000 hadultl,
1669 4931 1832 4987 cancellarii

90 5014 139 5063 ¹1¹¹
151 5004 234 5084 [Vide
252 5007 300 5060 '¹⁶¹'
320 5021 416 5077 witra.
444 5008 497 5064 ool.
521 5007 619 5079 ioii]:
639 5030 650 5057 ι
674 5008 807 5064 Protinus
821 5022 901 5079 ergo,
918 5028 932 5057 »
989 5009 1065 5080 regis
1077 5007 1248 5079 anglorum,
1264 5005 1410 5063 docuerat.
1430 5026 1439 5053 ι
1457 5005 1500 5061 cx
1515 5003 1625 5075 quibus
1638 5002 1735 5083 verbis
1751 5001 1834 5082 colti7

89 5077 185 5146 inquit
204 5097 218 5126 «
235 5079 376 5147 generalis
393 5085 552 5136 conventus
564 5078 766 5135 canonicarum
783 5086 811 5135 et
824 5080 933 5136 civium
989 5094 1055 5151 gere
1078 5087 1121 5135 est
1148 5078 1368 5137 laudunensem
1387 5073 1535 5133 ecetesiam
1556 5083 1627 5131 tuuc
1647 5075 1735 5129 luisse
1750 5085 1834 5144 qnasi

89 5153 276 5227 conrecatur,
300 5149 370 5219 quid
392 5164 465 5219 opus
489 5150 525 5205 sit
547 5150 620 5207 iacto
643 5150 807 5213 discutitur,
825 5157 853 5207 et
876 5162 934 5219 prae
989 5163 1126 5276 maguum
1152 5149 1283 5220 undique
1307 5145 1501 5229 studiosorum
1521 5151 1712 5226 conventum
1737 5156 1836 5214 quase

88 5218 225 5274 omnibus
249 5219 386 5290 magister
408 5221 573 5287 anselinus,
599 5230 668 5280 tunc
692 5220 828 5291 temporis
848 5221 934 5277 totius
991 5219 1089 5277 mutis
1104 5220 1226 5276 urbibus
1243 5216 1454 5289 etregiouibus
1475 5224 1614 5287 magistro
1637 5215 1677 5271 tlli
1698 5214 1836 5274 anselmo

88 5288 172 5345 urbis
195 5289 323 5354 lucerna,
350 5292 520 5349 consulitur.
537 5294 595 5357 lile,
613 5300 645 5350 ut
667 5292 773 5348 divinae
797 5292 866 5363 legis
886 5305 932 5361 pe·
987 5289 1143 5361 discipulos
1157 5290 1294 5348 dooirtua
1308 5287 1428 5344 celebris
1443 5286 1519 5367 lama
1539 5285 1737 5343 contrahebat.
1754 5283 1836 5367 Quod

89 5358 255 5427 ritissimiis,
271 5360 408 5417 continuo
431 5363 525 5419 iosuae
549 5364 666 5434 replicat
687 5363 933 5432 historiamque
987 5371 1082 5419 autem
1104 5374 1180 5418 anuo
1196 5358 1356 5421 decesserit.
1380 5364 1412 5439 ιι,
1429 5356 1479 5413 ιιι
1499 5357 1630 5438 sepultus
1651 5355 1747 5423 iuerlt,
1762 5357 1837 5437 dice·

89 5430 295 5489 modoecilicet
317 5432 429 5489 lurtum
459 5435 489 5490 iu
509 5435 633 5501 iericho,
650 5435 731 5492 nullo
755 5435 872 5499 sciente,
890 5432 932 5489 la·
988 5441 1037 5490 tur
1058 5431 1144 5488 inira.
1169 5461 1203 5473 -
1232 5430 1304 5489 Vide
1327 5428 1463 5489 Notitiam
1492 5428 1620 5485 anselmi
1635 5427 1837 5484 laudunensis

89 5508 168 5558 ctum
184 5501 324 5561 Dominus
341 5503 427 5574 iussit
448 5511 523 5561 sorte
547 5504 687 5576 perquiri,
707 5505 800 5576 primo
818 5516 869 5574 per
885 5503 933 5560 tri·
987 5502 1322 5574 ιιιιιιιιιιιιιιιιιιιιι,
1337 5498 1508 5569 Pauotogia
1523 5506 1543 5554 t.
1561 5497 1756 5567 clathcmr.
