<?xml version="1.0" encoding="UTF-8"?>
<!DOCTYPE html PUBLIC "-//W3C//DTD XHTML 1.0 Transitional//EN"
    "http://www.w3.org/TR/xhtml1/DTD/xhtml1-transitional.dtd">
<html xmlns="http://www.w3.org/1999/xhtml" xml:lang="en" lang="en">
 <head>
  <title>
</title>
<meta http-equiv="Content-Type" content="text/html;charset=utf-8" />
  <meta name='ocr-system' content='tesseract 3.04.00' />
  <meta name='ocr-capabilities' content='ocr_page ocr_carea ocr_par ocr_line ocrx_word'/>
</head>
<body>
  <div class='ocr_page' id='page_1' title='image "./patrologiaecurs53unkngoog/patrologiaecurs53unkngoog_0050.png"; bbox 0 0 3804 5962; ppageno 0'>
   <div class='ocr_carea' id='block_1_1' title="bbox 101 102 1844 171">
    <p class='ocr_par' dir='ltr' id='par_1_1' title="bbox 101 102 1844 171">
     <span class='ocr_line' id='line_1_1' title="bbox 101 102 1844 171; baseline 0.008 -14"><span class='ocrx_word' id='word_1_1' title='bbox 101 102 129 157; x_wconf 80' lang='grc' dir='ltr'><strong><em>ιι</em></strong></span> <span class='ocrx_word' id='word_1_2' title='bbox 734 104 915 163; x_wconf 76' lang='lat' dir='ltr'>PRAEFA&#39;I&#39;IO</span> <span class='ocrx_word' id='word_1_3' title='bbox 933 105 1186 167; x_wconf 65' lang='lat' dir='ltr'><strong><em>monccnrtca.</em></strong></span> <span class='ocrx_word' id='word_1_4' title='bbox 1806 115 1844 171; x_wconf 72' lang='lat' dir='ltr'><strong><em>id</em></strong></span> 
     </span>
    </p>
   </div>
   <div class='ocr_carea' id='block_1_2' title="bbox 96 225 1858 5701">
    <p class='ocr_par' dir='ltr' id='par_1_2' title="bbox 96 225 1858 5701">
     <span class='ocr_line' id='line_1_2' title="bbox 100 225 1839 356; baseline 0.008 -73"><span class='ocrx_word' id='word_1_5' title='bbox 100 237 209 307; x_wconf 30' lang='lat' dir='ltr'><strong><em>musas·</em></strong></span> <span class='ocrx_word' id='word_1_6' title='bbox 221 225 281 283; x_wconf 82' lang='lat' dir='ltr'><strong><em>Deo</em></strong></span> <span class='ocrx_word' id='word_1_7' title='bbox 295 239 382 300; x_wconf 82' lang='lat' dir='ltr'><strong><em>agere</em></strong></span> <span class='ocrx_word' id='word_1_8' title='bbox 392 228 506 356; x_wconf 47' lang='lat' dir='ltr'><strong><em>gratias</em></strong></span> <span class='ocrx_word' id='word_1_9' title='bbox 517 229 664 310; x_wconf 79' lang='lat' dir='ltr'><strong><em>debemus,</em></strong></span> <span class='ocrx_word' id='word_1_10' title='bbox 680 243 734 287; x_wconf 88' lang='lat' dir='ltr'><strong><em>neo</em></strong></span> <span class='ocrx_word' id='word_1_11' title='bbox 747 244 880 302; x_wconf 85' lang='lat' dir='ltr'><strong><em>nnqrram</em></strong></span> <span class='ocrx_word' id='word_1_12' title='bbox 892 231 940 288; x_wconf 90' lang='lat' dir='ltr'><strong><em>in·</em></strong></span> <span class='ocrx_word' id='word_1_13' title='bbox 955 233 980 287; x_wconf 80' lang='lat' dir='ltr'><strong><em>a</em></strong></span> <span class='ocrx_word' id='word_1_14' title='bbox 994 238 1046 302; x_wconf 88' lang='lat' dir='ltr'><strong><em>ret,</em></strong></span> <span class='ocrx_word' id='word_1_15' title='bbox 1061 235 1264 305; x_wconf 70' lang='lat' dir='ltr'><strong><em>mammemque</em></strong></span> <span class='ocrx_word' id='word_1_16' title='bbox 1278 240 1342 307; x_wconf 79' lang='lat' dir='ltr'><strong><em>post</em></strong></span> <span class='ocrx_word' id='word_1_17' title='bbox 1359 249 1388 291; x_wconf 86' lang='lat' dir='ltr'><strong><em>se</em></strong></span> <span class='ocrx_word' id='word_1_18' title='bbox 1401 236 1536 292; x_wconf 79' lang='lat' dir='ltr'><strong><em>coetuum</em></strong></span> <span class='ocrx_word' id='word_1_19' title='bbox 1557 237 1761 295; x_wconf 79' lang='lat' dir='ltr'><strong><em>muttitudtiun</em></strong></span> <span class='ocrx_word' id='word_1_20' title='bbox 1781 244 1839 297; x_wconf 80' lang='lat' dir='ltr'><strong><em>tru-</em></strong></span> 
     </span>
     <span class='ocr_line' id='line_1_3' title="bbox 101 300 1841 374; baseline 0.008 -20"><span class='ocrx_word' id='word_1_21' title='bbox 101 305 310 367; x_wconf 84' lang='lat' dir='ltr'><strong><em>termorrturas,</em></strong></span> <span class='ocrx_word' id='word_1_22' title='bbox 332 313 391 370; x_wconf 87' lang='lat' dir='ltr'><strong><em>quo</em></strong></span> <span class='ocrx_word' id='word_1_23' title='bbox 426 308 542 371; x_wconf 90' lang='lat' dir='ltr'><strong><em>propter</em></strong></span> <span class='ocrx_word' id='word_1_24' title='bbox 568 300 632 358; x_wconf 89' lang='lat' dir='ltr'><strong><em>riias</em></strong></span> <span class='ocrx_word' id='word_1_25' title='bbox 658 300 845 359; x_wconf 82' lang='lat' dir='ltr'><strong><em>senonenseis</em></strong></span> <span class='ocrx_word' id='word_1_26' title='bbox 870 310 939 360; x_wconf 87' lang='lat' dir='ltr'><strong><em>tem</em></strong></span> <span class='ocrx_word' id='word_1_27' title='bbox 997 307 1080 373; x_wconf 83' lang='lat' dir='ltr'><strong><em>beret,</em></strong></span> <span class='ocrx_word' id='word_1_28' title='bbox 1104 305 1212 361; x_wconf 88' lang='lat' dir='ltr'><strong><em>sedente</em></strong></span> <span class='ocrx_word' id='word_1_29' title='bbox 1232 309 1264 361; x_wconf 87' lang='lat' dir='ltr'><strong><em>iu</em></strong></span> <span class='ocrx_word' id='word_1_30' title='bbox 1281 307 1348 362; x_wconf 86' lang='lat' dir='ltr'><strong><em>urbe</em></strong></span> <span class='ocrx_word' id='word_1_31' title='bbox 1370 308 1454 362; x_wconf 78' lang='grc' dir='ltr'>ιιοιι</span> <span class='ocrx_word' id='word_1_32' title='bbox 1477 310 1641 374; x_wconf 86' lang='lat' dir='ltr'><strong><em>innocentio,</em></strong></span> <span class='ocrx_word' id='word_1_33' title='bbox 1671 312 1702 365; x_wconf 87' lang='lat' dir='ltr'><strong><em>in</em></strong></span> <span class='ocrx_word' id='word_1_34' title='bbox 1722 311 1841 368; x_wconf 68' lang='lat' dir='ltr'><strong><em>munda</em></strong></span> 
     </span>
     <span class='ocr_line' id='line_1_4' title="bbox 99 368 1840 452; baseline 0.009 -29"><span class='ocrx_word' id='word_1_35' title='bbox 99 375 215 440; x_wconf 72' lang='grc' dir='ltr'>ιιιιιιιι</span> <span class='ocrx_word' id='word_1_36' title='bbox 229 368 391 449; x_wconf 76' lang='lat' dir='ltr'><strong><em>turbasque</em></strong></span> <span class='ocrx_word' id='word_1_37' title='bbox 407 371 538 442; x_wconf 83' lang='lat' dir='ltr'><strong><em>undique</em></strong></span> <span class='ocrx_word' id='word_1_38' title='bbox 552 379 674 439; x_wconf 83' lang='lat' dir='ltr'><strong><em>exortas,</em></strong></span> <span class='ocrx_word' id='word_1_39' title='bbox 691 381 719 430; x_wconf 88' lang='lat' dir='ltr'><strong><em>et</em></strong></span> <span class='ocrx_word' id='word_1_40' title='bbox 730 373 943 431; x_wconf 72' lang='lat' dir='ltr'>invocationem</span> <span class='ocrx_word' id='word_1_41' title='bbox 996 392 1060 432; x_wconf 85' lang='lat' dir='ltr'><strong><em>aare</em></strong></span> <span class='ocrx_word' id='word_1_42' title='bbox 1087 377 1223 432; x_wconf 83' lang='lat' dir='ltr'><strong><em>Ludouioo</em></strong></span> <span class='ocrx_word' id='word_1_43' title='bbox 1246 380 1396 447; x_wconf 84' lang='lat' dir='ltr'><strong><em>superioris</em></strong></span> <span class='ocrx_word' id='word_1_44' title='bbox 1419 379 1549 435; x_wconf 84' lang='lat' dir='ltr'><strong><em>Ludoaici</em></strong></span> <span class='ocrx_word' id='word_1_45' title='bbox 1569 382 1626 452; x_wconf 80' lang='lat' dir='ltr'><strong><em>filio</em></strong></span> <span class='ocrx_word' id='word_1_46' title='bbox 1648 386 1790 449; x_wconf 69' lang='lat' dir='ltr'><strong><em>regnante,</em></strong></span> <span class='ocrx_word' id='word_1_47' title='bbox 1805 384 1840 439; x_wconf 90' lang='lat' dir='ltr'><strong><em>ab</em></strong></span> 
     </span>
     <span class='ocr_line' id='line_1_5' title="bbox 98 438 1843 518; baseline 0.008 -23"><span class='ocrx_word' id='word_1_48' title='bbox 98 438 254 496; x_wconf 80' lang='lat' dir='ltr'><strong><em>tribunalis</em></strong></span> <span class='ocrx_word' id='word_1_49' title='bbox 269 441 429 510; x_wconf 88' lang='lat' dir='ltr'><strong><em>apostotici,</em></strong></span> <span class='ocrx_word' id='word_1_50' title='bbox 447 457 506 498; x_wconf 90' lang='lat' dir='ltr'><strong><em>non</em></strong></span> <span class='ocrx_word' id='word_1_51' title='bbox 526 450 568 499; x_wconf 93' lang='lat' dir='ltr'><strong><em>est</em></strong></span> <span class='ocrx_word' id='word_1_52' title='bbox 585 444 669 500; x_wconf 84' lang='lat' dir='ltr'><strong><em>vaide</em></strong></span> <span class='ocrx_word' id='word_1_53' title='bbox 687 458 782 514; x_wconf 85' lang='lat' dir='ltr'><strong><em>neque</em></strong></span> <span class='ocrx_word' id='word_1_54' title='bbox 796 444 847 501; x_wconf 90' lang='lat' dir='ltr'><strong><em>diu</em></strong></span> <span class='ocrx_word' id='word_1_55' title='bbox 872 445 944 515; x_wconf 91' lang='lat' dir='ltr'><strong><em>peri·</em></strong></span> <span class='ocrx_word' id='word_1_56' title='bbox 998 449 1131 518; x_wconf 82' lang='lat' dir='ltr'><strong><em>episcopis</em></strong></span> <span class='ocrx_word' id='word_1_57' title='bbox 1155 447 1305 514; x_wconf 77' lang='lat' dir='ltr'><strong><em>abbateque</em></strong></span> <span class='ocrx_word' id='word_1_58' title='bbox 1328 450 1468 504; x_wconf 77' lang='lat' dir='ltr'><strong><em>conrardo</em></strong></span> <span class='ocrx_word' id='word_1_59' title='bbox 1489 451 1576 505; x_wconf 91' lang='lat' dir='ltr'><strong><em>denuo</em></strong></span> <span class='ocrx_word' id='word_1_60' title='bbox 1608 452 1645 506; x_wconf 91' lang='lat' dir='ltr'><strong><em>ad</em></strong></span> <span class='ocrx_word' id='word_1_61' title='bbox 1669 454 1843 510; x_wconf 63' lang='lat' dir='ltr'><strong><em>audentiam</em></strong></span> 
     </span>
     <span class='ocr_line' id='line_1_6' title="bbox 98 511 1846 594; baseline 0.008 -27"><span class='ocrx_word' id='word_1_62' title='bbox 98 511 190 567; x_wconf 86' lang='lat' dir='ltr'><strong><em>elitata</em></strong></span> <span class='ocrx_word' id='word_1_63' title='bbox 208 511 243 566; x_wconf 87' lang='lat' dir='ltr'><strong><em>i).</em></strong></span> <span class='ocrx_word' id='word_1_64' title='bbox 258 512 335 568; x_wconf 89' lang='lat' dir='ltr'><strong><em>Petri</em></strong></span> <span class='ocrx_word' id='word_1_65' title='bbox 355 513 503 580; x_wconf 86' lang='lat' dir='ltr'><strong><em>navicula,</em></strong></span> <span class='ocrx_word' id='word_1_66' title='bbox 520 528 585 584; x_wconf 72' lang='lat' dir='ltr'><strong><em>onae</em></strong></span> <span class='ocrx_word' id='word_1_67' title='bbox 600 515 942 587; x_wconf 88' lang='lat' dir='ltr'><strong><em>serenamtrauquiitita·</em></strong></span> <span class='ocrx_word' id='word_1_68' title='bbox 999 518 1074 587; x_wconf 82' lang='lat' dir='ltr'><strong><em>apud</em></strong></span> <span class='ocrx_word' id='word_1_69' title='bbox 1099 520 1221 575; x_wconf 88' lang='lat' dir='ltr'><strong><em>Senonas</em></strong></span> <span class='ocrx_word' id='word_1_70' title='bbox 1250 526 1387 588; x_wconf 79' lang='lat' dir='ltr'><strong><em>moratur,</em></strong></span> <span class='ocrx_word' id='word_1_71' title='bbox 1412 522 1590 589; x_wconf 82' lang='lat' dir='ltr'><strong><em>presentibus</em></strong></span> <span class='ocrx_word' id='word_1_72' title='bbox 1618 521 1756 579; x_wconf 84' lang='lat' dir='ltr'><strong><em>Ludooico</em></strong></span> <span class='ocrx_word' id='word_1_73' title='bbox 1781 540 1846 594; x_wconf 81' lang='lat' dir='ltr'><strong><em>repe</em></strong></span> 
     </span>
     <span class='ocr_line' id='line_1_7' title="bbox 98 582 1846 660; baseline 0.006 -21"><span class='ocrx_word' id='word_1_74' title='bbox 98 592 147 639; x_wconf 78' lang='lat' dir='ltr'><strong><em>nm</em></strong></span> <span class='ocrx_word' id='word_1_75' title='bbox 168 582 231 638; x_wconf 90' lang='lat' dir='ltr'><strong><em>cito</em></strong></span> <span class='ocrx_word' id='word_1_76' title='bbox 254 596 306 653; x_wconf 90' lang='lat' dir='ltr'><strong><em>per</em></strong></span> <span class='ocrx_word' id='word_1_77' title='bbox 328 583 539 653; x_wconf 75' lang='lat' dir='ltr'><strong><em>paenitudinem</em></strong></span> <span class='ocrx_word' id='word_1_78' title='bbox 553 584 696 642; x_wconf 82' lang='lat' dir='ltr'><strong><em>Abaiardi</em></strong></span> <span class='ocrx_word' id='word_1_79' title='bbox 721 587 835 656; x_wconf 90' lang='lat' dir='ltr'><strong><em>recepit,</em></strong></span> <span class='ocrx_word' id='word_1_80' title='bbox 853 589 944 643; x_wconf 82' lang='lat' dir='ltr'><strong><em>beus-</em></strong></span> <span class='ocrx_word' id='word_1_81' title='bbox 1000 589 1206 659; x_wconf 80' lang='lat' dir='ltr'><strong><em>rteabatdaqne</em></strong></span> <span class='ocrx_word' id='word_1_82' title='bbox 1233 592 1359 646; x_wconf 86' lang='lat' dir='ltr'><strong><em>Palatina</em></strong></span> <span class='ocrx_word' id='word_1_83' title='bbox 1385 595 1489 660; x_wconf 86' lang='lat' dir='ltr'><strong><em>canite,</em></strong></span> <span class='ocrx_word' id='word_1_84' title='bbox 1509 598 1534 647; x_wconf 89' lang='lat' dir='ltr'><strong><em>et</em></strong></span> <span class='ocrx_word' id='word_1_85' title='bbox 1559 595 1624 647; x_wconf 86' lang='lat' dir='ltr'><strong><em>aliis</em></strong></span> <span class='ocrx_word' id='word_1_86' title='bbox 1643 595 1790 660; x_wconf 89' lang='lat' dir='ltr'><strong><em>nobilibus,</em></strong></span> <span class='ocrx_word' id='word_1_87' title='bbox 1812 597 1846 650; x_wconf 86' lang='lat' dir='ltr'><strong><em>de</em></strong></span> 
     </span>
     <span class='ocr_line' id='line_1_8' title="bbox 98 654 1848 733; baseline 0.007 -25"><span class='ocrx_word' id='word_1_88' title='bbox 98 667 149 731; x_wconf 79' lang='lat' dir='ltr'><strong><em>¹qne</em></strong></span> <span class='ocrx_word' id='word_1_89' title='bbox 166 654 337 709; x_wconf 88' lang='lat' dir='ltr'><strong><em>secundum</em></strong></span> <span class='ocrx_word' id='word_1_90' title='bbox 357 655 566 723; x_wconf 78' lang='lat' dir='ltr'><strong><em>prescientiam</em></strong></span> <span class='ocrx_word' id='word_1_91' title='bbox 587 656 763 725; x_wconf 89' lang='lat' dir='ltr'><strong><em>seculorum,</em></strong></span> <span class='ocrx_word' id='word_1_92' title='bbox 786 657 896 723; x_wconf 92' lang='lat' dir='ltr'><strong><em>omnia,</em></strong></span> <span class='ocrx_word' id='word_1_93' title='bbox 913 665 945 714; x_wconf 93' lang='grc' dir='ltr'><strong><em>ιιι</em></strong></span> <span class='ocrx_word' id='word_1_94' title='bbox 997 660 1100 731; x_wconf 83' lang='lat' dir='ltr'><strong><em>populo</em></strong></span> <span class='ocrx_word' id='word_1_95' title='bbox 1133 662 1294 716; x_wconf 86' lang='lat' dir='ltr'><strong><em>innumeris.</em></strong></span> <span class='ocrx_word' id='word_1_96' title='bbox 1322 662 1372 717; x_wconf 87' lang='lat' dir='ltr'><strong><em>Ubi</em></strong></span> <span class='ocrx_word' id='word_1_97' title='bbox 1395 662 1460 717; x_wconf 90' lang='lat' dir='ltr'><strong><em>dum</em></strong></span> <span class='ocrx_word' id='word_1_98' title='bbox 1490 663 1524 717; x_wconf 90' lang='lat' dir='ltr'><strong><em>de</em></strong></span> <span class='ocrx_word' id='word_1_99' title='bbox 1545 664 1599 733; x_wconf 70' lang='lat' dir='ltr'><strong><em>nde</em></strong></span> <span class='ocrx_word' id='word_1_100' title='bbox 1627 679 1679 719; x_wconf 90' lang='lat' dir='ltr'><strong><em>suu</em></strong></span> <span class='ocrx_word' id='word_1_101' title='bbox 1702 665 1848 722; x_wconf 67' lang='lat' dir='ltr'><strong><em>decutere·</em></strong></span> 
     </span>
     <span class='ocr_line' id='line_1_9' title="bbox 97 724 1846 807; baseline 0.008 -29"><span class='ocrx_word' id='word_1_102' title='bbox 97 724 188 793; x_wconf 78' lang='lat' dir='ltr'><strong><em>inquit</em></strong></span> <span class='ocrx_word' id='word_1_103' title='bbox 204 725 330 779; x_wconf 86' lang='lat' dir='ltr'><strong><em>iiermas</em></strong></span> <span class='ocrx_word' id='word_1_104' title='bbox 343 733 449 793; x_wconf 83' lang='lat' dir='ltr'><strong><em>pastor,</em></strong></span> <span class='ocrx_word' id='word_1_105' title='bbox 469 726 583 782; x_wconf 88' lang='lat' dir='ltr'><strong><em>etiamsi</em></strong></span> <span class='ocrx_word' id='word_1_106' title='bbox 605 742 671 797; x_wconf 77' lang='lat' dir='ltr'><strong><em>quat</em></strong></span> <span class='ocrx_word' id='word_1_107' title='bbox 698 727 821 797; x_wconf 90' lang='lat' dir='ltr'><strong><em>pessima</em></strong></span> <span class='ocrx_word' id='word_1_108' title='bbox 841 737 944 797; x_wconf 89' lang='lat' dir='ltr'><strong><em>essent,</em></strong></span> <span class='ocrx_word' id='word_1_109' title='bbox 1000 738 1056 798; x_wconf 90' lang='lat' dir='ltr'><strong><em>tur,</em></strong></span> <span class='ocrx_word' id='word_1_110' title='bbox 1071 731 1231 786; x_wconf 75' lang='lat' dir='ltr'><strong><em>seditionem</em></strong></span> <span class='ocrx_word' id='word_1_111' title='bbox 1253 735 1349 802; x_wconf 80' lang='lat' dir='ltr'><strong><em>populi</em></strong></span> <span class='ocrx_word' id='word_1_112' title='bbox 1375 737 1482 800; x_wconf 87' lang='lat' dir='ltr'><strong><em>timens,</em></strong></span> <span class='ocrx_word' id='word_1_113' title='bbox 1502 736 1656 803; x_wconf 81' lang='lat' dir='ltr'><strong><em>apostoliae</em></strong></span> <span class='ocrx_word' id='word_1_114' title='bbox 1679 736 1752 792; x_wconf 87' lang='lat' dir='ltr'><strong><em>sedis</em></strong></span> <span class='ocrx_word' id='word_1_115' title='bbox 1770 751 1846 807; x_wconf 81' lang='lat' dir='ltr'><strong><em>pra-</em></strong></span> 
     </span>
     <span class='ocr_line' id='line_1_10' title="bbox 98 793 1847 873; baseline 0.009 -26"><span class='ocrx_word' id='word_1_116' title='bbox 98 797 178 850; x_wconf 75' lang='lat' dir='ltr'><strong><em>vertit</em></strong></span> <span class='ocrx_word' id='word_1_117' title='bbox 188 793 221 849; x_wconf 87' lang='lat' dir='ltr'><strong><em>in</em></strong></span> <span class='ocrx_word' id='word_1_118' title='bbox 239 793 359 850; x_wconf 89' lang='lat' dir='ltr'><strong><em>bonum.</em></strong></span> <span class='ocrx_word' id='word_1_119' title='bbox 379 796 463 861; x_wconf 82' lang='lat' dir='ltr'><strong><em>Quod</em></strong></span> <span class='ocrx_word' id='word_1_120' title='bbox 483 805 515 853; x_wconf 87' lang='grc' dir='ltr'><strong><em>ιιι</em></strong></span> <span class='ocrx_word' id='word_1_121' title='bbox 531 797 643 854; x_wconf 86' lang='lat' dir='ltr'><strong><em>iactiius</em></strong></span> <span class='ocrx_word' id='word_1_122' title='bbox 659 799 828 866; x_wconf 86' lang='lat' dir='ltr'><strong><em>innotescat,</em></strong></span> <span class='ocrx_word' id='word_1_123' title='bbox 846 814 947 871; x_wconf 86' lang='lat' dir='ltr'><strong><em>precor</em></strong></span> <span class='ocrx_word' id='word_1_124' title='bbox 1000 805 1117 858; x_wconf 83' lang='lat' dir='ltr'><strong><em>sentiam</em></strong></span> <span class='ocrx_word' id='word_1_125' title='bbox 1141 802 1303 872; x_wconf 80' lang='lat' dir='ltr'><strong><em>appellant.</em></strong></span> <span class='ocrx_word' id='word_1_126' title='bbox 1335 807 1466 873; x_wconf 79' lang='lat' dir='ltr'><strong><em>Episcopi</em></strong></span> <span class='ocrx_word' id='word_1_127' title='bbox 1492 820 1567 868; x_wconf 80' lang='grc' dir='ltr'>ιινο,</span> <span class='ocrx_word' id='word_1_128' title='bbox 1601 808 1683 861; x_wconf 87' lang='lat' dir='ltr'><strong><em>simul</em></strong></span> <span class='ocrx_word' id='word_1_129' title='bbox 1714 810 1740 862; x_wconf 87' lang='lat' dir='ltr'><strong><em>ei</em></strong></span> <span class='ocrx_word' id='word_1_130' title='bbox 1762 808 1847 863; x_wconf 82' lang='lat' dir='ltr'><strong><em>abbat</em></strong></span> 
     </span>
     <span class='ocr_line' id='line_1_11' title="bbox 96 864 1847 946; baseline 0.009 -28"><span class='ocrx_word' id='word_1_131' title='bbox 96 864 211 934; x_wconf 77' lang='lat' dir='ltr'><strong><em>rosum</em></strong></span> <span class='ocrx_word' id='word_1_132' title='bbox 229 867 397 922; x_wconf 88' lang='lat' dir='ltr'><strong><em>testimonia</em></strong></span> <span class='ocrx_word' id='word_1_133' title='bbox 421 868 450 923; x_wconf 94' lang='lat' dir='ltr'><strong><em>in</em></strong></span> <span class='ocrx_word' id='word_1_134' title='bbox 469 867 652 925; x_wconf 72' lang='lat' dir='ltr'><strong><em>abaelardum</em></strong></span> <span class='ocrx_word' id='word_1_135' title='bbox 675 870 806 925; x_wconf 90' lang='lat' dir='ltr'><strong><em>audistis.</em></strong></span> <span class='ocrx_word' id='word_1_136' title='bbox 822 871 947 927; x_wconf 79' lang='lat' dir='ltr'><strong><em>audiatis</em></strong></span> <span class='ocrx_word' id='word_1_137' title='bbox 1000 875 1085 929; x_wconf 89' lang='lat' dir='ltr'><strong><em>missa</em></strong></span> <span class='ocrx_word' id='word_1_138' title='bbox 1112 872 1150 927; x_wconf 90' lang='lat' dir='ltr'><strong><em>od</em></strong></span> <span class='ocrx_word' id='word_1_139' title='bbox 1174 875 1325 929; x_wconf 82' lang='lat' dir='ltr'><strong><em>itomanam</em></strong></span> <span class='ocrx_word' id='word_1_140' title='bbox 1343 877 1491 930; x_wconf 73' lang='lat' dir='ltr'><strong><em>Ecclesiam</em></strong></span> <span class='ocrx_word' id='word_1_141' title='bbox 1514 876 1657 944; x_wconf 76' lang='lat' dir='ltr'><strong><em>legatione,</em></strong></span> <span class='ocrx_word' id='word_1_142' title='bbox 1680 893 1712 932; x_wconf 91' lang='lat' dir='ltr'><strong><em>oc</em></strong></span> <span class='ocrx_word' id='word_1_143' title='bbox 1734 880 1772 933; x_wconf 90' lang='lat' dir='ltr'><strong><em>eis</em></strong></span> <span class='ocrx_word' id='word_1_144' title='bbox 1795 895 1847 946; x_wconf 84' lang='lat' dir='ltr'><strong><em>pro</em></strong></span> 
     </span>
     <span class='ocr_line' id='line_1_12' title="bbox 97 935 1848 1019; baseline 0.008 -29"><span class='ocrx_word' id='word_1_145' title='bbox 97 935 181 990; x_wconf 82' lang='lat' dir='ltr'><strong><em>etiam</em></strong></span> <span class='ocrx_word' id='word_1_146' title='bbox 211 938 405 994; x_wconf 74' lang='lat' dir='ltr'><strong><em>auctoritates</em></strong></span> <span class='ocrx_word' id='word_1_147' title='bbox 425 938 597 1009; x_wconf 72' lang='lat' dir='ltr'>alogiorum,</span> <span class='ocrx_word' id='word_1_148' title='bbox 611 948 638 996; x_wconf 91' lang='grc' dir='ltr'><strong><em>ιι</em></strong></span> <span class='ocrx_word' id='word_1_149' title='bbox 650 940 762 1011; x_wconf 88' lang='lat' dir='ltr'><strong><em>judicia</em></strong></span> <span class='ocrx_word' id='word_1_150' title='bbox 776 940 946 999; x_wconf 87' lang='lat' dir='ltr'><strong><em>benevolen-</em></strong></span> <span class='ocrx_word' id='word_1_151' title='bbox 1002 945 1100 1014; x_wconf 82' lang='lat' dir='ltr'><strong><em>quibus</em></strong></span> <span class='ocrx_word' id='word_1_152' title='bbox 1124 945 1304 1014; x_wconf 79' lang='lat' dir='ltr'><strong><em>impetebatur</em></strong></span> <span class='ocrx_word' id='word_1_153' title='bbox 1332 948 1470 1014; x_wconf 78' lang='lat' dir='ltr'><strong><em>capitulis,</em></strong></span> <span class='ocrx_word' id='word_1_154' title='bbox 1491 946 1674 1002; x_wconf 75' lang='lat' dir='ltr'><strong><em>damnationis</em></strong></span> <span class='ocrx_word' id='word_1_155' title='bbox 1700 948 1759 1019; x_wconf 79' lang='lat' dir='ltr'><strong><em>ejus</em></strong></span> <span class='ocrx_word' id='word_1_156' title='bbox 1787 962 1848 1003; x_wconf 88' lang='lat' dir='ltr'><strong><em>sen·</em></strong></span> 
     </span>
     <span class='ocr_line' id='line_1_13' title="bbox 99 1006 1848 1087; baseline 0.008 -27"><span class='ocrx_word' id='word_1_157' title='bbox 99 1007 141 1061; x_wconf 77' lang='lat' dir='ltr'><strong><em>tire</em></strong></span> <span class='ocrx_word' id='word_1_158' title='bbox 164 1006 303 1064; x_wconf 83' lang='lat' dir='ltr'><strong><em>virorum</em></strong></span> <span class='ocrx_word' id='word_1_159' title='bbox 332 1022 515 1066; x_wconf 89' lang='lat' dir='ltr'><strong><em>summorum</em></strong></span> <span class='ocrx_word' id='word_1_160' title='bbox 542 1010 620 1066; x_wconf 87' lang='lat' dir='ltr'><strong><em>illins</em></strong></span> <span class='ocrx_word' id='word_1_161' title='bbox 639 1018 667 1067; x_wconf 91' lang='lat' dir='ltr'><strong><em>et</em></strong></span> <span class='ocrx_word' id='word_1_162' title='bbox 682 1011 831 1081; x_wconf 73' lang='lat' dir='ltr'><strong><em>mouentis</em></strong></span> <span class='ocrx_word' id='word_1_163' title='bbox 857 1012 947 1067; x_wconf 87' lang='grc' dir='ltr'>ιιιιιιι</span> <span class='ocrx_word' id='word_1_164' title='bbox 1002 1018 1116 1071; x_wconf 78' lang='lat' dir='ltr'><strong><em>nntium</em></strong></span> <span class='ocrx_word' id='word_1_165' title='bbox 1145 1017 1175 1069; x_wconf 92' lang='lat' dir='ltr'><strong><em>in</em></strong></span> <span class='ocrx_word' id='word_1_166' title='bbox 1195 1017 1294 1071; x_wconf 86' lang='lat' dir='ltr'><strong><em>littaris</em></strong></span> <span class='ocrx_word' id='word_1_167' title='bbox 1320 1021 1536 1085; x_wconf 80' lang='lat' dir='ltr'><strong><em>reportaverunt,</em></strong></span> <span class='ocrx_word' id='word_1_168' title='bbox 1566 1033 1682 1085; x_wconf 68' lang='lat' dir='ltr'><strong><em>marum</em></strong></span> <span class='ocrx_word' id='word_1_169' title='bbox 1707 1021 1848 1087; x_wconf 75' lang='lat' dir='ltr'><strong><em>asennaa</em></strong></span> 
     </span>
     <span class='ocr_line' id='line_1_14' title="bbox 100 1077 1848 1152; baseline 0.009 -22"><span class='ocrx_word' id='word_1_170' title='bbox 100 1091 149 1145; x_wconf 90' lang='lat' dir='ltr'><strong><em>pro</em></strong></span> <span class='ocrx_word' id='word_1_171' title='bbox 163 1077 237 1147; x_wconf 81' lang='lat' dir='ltr'><strong><em>ejus</em></strong></span> <span class='ocrx_word' id='word_1_172' title='bbox 257 1079 470 1147; x_wconf 78' lang='lat' dir='ltr'><strong><em>emendatione,</em></strong></span> <span class='ocrx_word' id='word_1_173' title='bbox 498 1081 680 1152; x_wconf 82' lang='lat' dir='ltr'><strong><em>purgatione,</em></strong></span> <span class='ocrx_word' id='word_1_174' title='bbox 706 1082 750 1138; x_wconf 87' lang='lat' dir='ltr'><strong><em>vei</em></strong></span> <span class='ocrx_word' id='word_1_175' title='bbox 775 1081 948 1138; x_wconf 88' lang='lat' dir='ltr'><strong><em>innocentia.</em></strong></span> <span class='ocrx_word' id='word_1_176' title='bbox 1003 1087 1050 1141; x_wconf 83' lang='lat' dir='ltr'><strong><em>tae</em></strong></span> <span class='ocrx_word' id='word_1_177' title='bbox 1064 1089 1114 1149; x_wconf 89' lang='lat' dir='ltr'><strong><em>est,</em></strong></span> <span class='ocrx_word' id='word_1_178' title='bbox 1140 1086 1384 1142; x_wconf 88' lang='lat' dir='ltr'><strong><em>reverendissimo</em></strong></span> <span class='ocrx_word' id='word_1_179' title='bbox 1406 1087 1523 1142; x_wconf 91' lang='lat' dir='ltr'><strong><em>domino</em></strong></span> <span class='ocrx_word' id='word_1_180' title='bbox 1548 1094 1576 1142; x_wconf 91' lang='lat' dir='ltr'><strong><em>et</em></strong></span> <span class='ocrx_word' id='word_1_181' title='bbox 1590 1088 1775 1146; x_wconf 86' lang='lat' dir='ltr'><strong><em>diiectissimo</em></strong></span> <span class='ocrx_word' id='word_1_182' title='bbox 1789 1090 1848 1145; x_wconf 88' lang='lat' dir='ltr'><strong><em>Pa-</em></strong></span> 
     </span>
     <span class='ocr_line' id='line_1_15' title="bbox 98 1148 1848 1227; baseline 0.007 -24"><span class='ocrx_word' id='word_1_183' title='bbox 98 1148 244 1204; x_wconf 78' lang='lat' dir='ltr'><strong><em>Prucedat</em></strong></span> <span class='ocrx_word' id='word_1_184' title='bbox 278 1163 384 1220; x_wconf 81' lang='lat' dir='ltr'><strong><em>agmen</em></strong></span> <span class='ocrx_word' id='word_1_185' title='bbox 415 1152 502 1207; x_wconf 87' lang='lat' dir='ltr'><strong><em>totius</em></strong></span> <span class='ocrx_word' id='word_1_186' title='bbox 533 1152 567 1208; x_wconf 89' lang='lat' dir='ltr'><strong><em>de</em></strong></span> <span class='ocrx_word' id='word_1_187' title='bbox 587 1152 710 1209; x_wconf 88' lang='lat' dir='ltr'><strong><em>uisionis</em></strong></span> <span class='ocrx_word' id='word_1_188' title='bbox 741 1153 874 1223; x_wconf 85' lang='lat' dir='ltr'><strong><em>princeps</em></strong></span> <span class='ocrx_word' id='word_1_189' title='bbox 903 1153 950 1209; x_wconf 90' lang='lat' dir='ltr'><strong><em>iiic</em></strong></span> <span class='ocrx_word' id='word_1_190' title='bbox 1003 1157 1051 1223; x_wconf 89' lang='lat' dir='ltr'><strong><em>tri,</em></strong></span> <span class='ocrx_word' id='word_1_191' title='bbox 1068 1155 1502 1227; x_wconf 84' lang='lat' dir='ltr'><strong><em>iteigratiasummopontifici</em></strong></span> <span class='ocrx_word' id='word_1_192' title='bbox 1519 1158 1765 1226; x_wconf 71' lang='lat' dir='ltr'><strong><em>innocentiaetc.</em></strong></span> <span class='ocrx_word' id='word_1_193' title='bbox 1782 1159 1848 1216; x_wconf 83' lang='lat' dir='ltr'><strong><em>vido</em></strong></span> 
     </span>
     <span class='ocr_line' id='line_1_16' title="bbox 98 1166 1849 1302; baseline 0.006 -27"><span class='ocrx_word' id='word_1_194' title='bbox 98 1218 168 1299; x_wconf 70' lang='lat' dir='ltr'><strong><em>Otito</em></strong></span> <span class='ocrx_word' id='word_1_195' title='bbox 184 1219 331 1300; x_wconf 66' lang='lat' dir='ltr'><strong><em>frisinga</em></strong></span> <span class='ocrx_word' id='word_1_196' title='bbox 347 1221 462 1302; x_wconf 78' lang='lat' dir='ltr'><strong><em>praesui,</em></strong></span> <span class='ocrx_word' id='word_1_197' title='bbox 483 1166 630 1291; x_wconf 61' lang='lat' dir='ltr'><strong><em>quoniam</em></strong></span> <span class='ocrx_word' id='word_1_198' title='bbox 655 1223 852 1281; x_wconf 86' lang='lat' dir='ltr'><strong><em>Cistereiensis</em></strong></span> <span class='ocrx_word' id='word_1_199' title='bbox 866 1224 950 1280; x_wconf 88' lang='lat' dir='ltr'><strong><em>insti·</em></strong></span> <span class='ocrx_word' id='word_1_200' title='bbox 1005 1228 1133 1298; x_wconf 89' lang='lat' dir='ltr'><strong><em>integras</em></strong></span> <span class='ocrx_word' id='word_1_201' title='bbox 1162 1228 1191 1282; x_wconf 90' lang='lat' dir='ltr'><strong><em>in</em></strong></span> <span class='ocrx_word' id='word_1_202' title='bbox 1216 1227 1390 1297; x_wconf 76' lang='lat' dir='ltr'><strong><em>appendice.</em></strong></span> <span class='ocrx_word' id='word_1_203' title='bbox 1413 1228 1582 1296; x_wconf 81' lang='lat' dir='ltr'><strong><em>Rescriptum</em></strong></span> <span class='ocrx_word' id='word_1_204' title='bbox 1604 1244 1665 1283; x_wconf 88' lang='lat' dir='ltr'><strong><em>uera</em></strong></span> <span class='ocrx_word' id='word_1_205' title='bbox 1694 1229 1849 1285; x_wconf 85' lang='lat' dir='ltr'><strong><em>Innocentii</em></strong></span> 
     </span>
     <span class='ocr_line' id='line_1_17' title="bbox 99 1294 1848 1370; baseline 0.005 -25"><span class='ocrx_word' id='word_1_206' title='bbox 99 1297 166 1370; x_wconf 81' lang='grc' dir='ltr'>ιιιιι,</span> <span class='ocrx_word' id='word_1_207' title='bbox 193 1305 249 1360; x_wconf 80' lang='lat' dir='ltr'><strong><em>orn</em></strong></span> <span class='ocrx_word' id='word_1_208' title='bbox 278 1306 415 1362; x_wconf 82' lang='lat' dir='ltr'><strong><em>quamvis</em></strong></span> <span class='ocrx_word' id='word_1_209' title='bbox 430 1294 645 1362; x_wconf 79' lang='lat' dir='ltr'><strong><em>imperatoriam</em></strong></span> <span class='ocrx_word' id='word_1_210' title='bbox 665 1295 793 1365; x_wconf 80' lang='lat' dir='ltr'><strong><em>genesim</em></strong></span> <span class='ocrx_word' id='word_1_211' title='bbox 820 1295 949 1362; x_wconf 87' lang='lat' dir='ltr'><strong><em>baberet,</em></strong></span> <span class='ocrx_word' id='word_1_212' title='bbox 1006 1299 1068 1365; x_wconf 88' lang='lat' dir='ltr'><strong><em>tale,</em></strong></span> <span class='ocrx_word' id='word_1_213' title='bbox 1090 1298 1278 1355; x_wconf 77' lang='lat' dir='ltr'><strong><em>innocentius</em></strong></span> <span class='ocrx_word' id='word_1_214' title='bbox 1300 1297 1451 1367; x_wconf 90' lang='lat' dir='ltr'><strong><em>episcopus</em></strong></span> <span class='ocrx_word' id='word_1_215' title='bbox 1475 1311 1577 1353; x_wconf 86' lang='lat' dir='ltr'><strong><em>servus</em></strong></span> <span class='ocrx_word' id='word_1_216' title='bbox 1604 1313 1754 1356; x_wconf 86' lang='lat' dir='ltr'><strong><em>servornm</em></strong></span> <span class='ocrx_word' id='word_1_217' title='bbox 1787 1299 1848 1367; x_wconf 86' lang='lat' dir='ltr'><strong><em>itei,</em></strong></span> 
     </span>
     <span class='ocr_line' id='line_1_18' title="bbox 101 1363 1849 1436; baseline 0.005 -20"><span class='ocrx_word' id='word_1_218' title='bbox 101 1375 208 1431; x_wconf 79' lang='lat' dir='ltr'><strong><em>primos</em></strong></span> <span class='ocrx_word' id='word_1_219' title='bbox 223 1363 665 1435; x_wconf 81' lang='lat' dir='ltr'><strong><em>annosadoieseennaegitsub</em></strong></span> <span class='ocrx_word' id='word_1_220' title='bbox 680 1366 951 1423; x_wconf 81' lang='lat' dir='ltr'><strong><em>ieruiaii.Bernar·</em></strong></span> <span class='ocrx_word' id='word_1_221' title='bbox 1005 1368 1221 1427; x_wconf 88' lang='lat' dir='ltr'><strong><em>venerabilibus</em></strong></span> <span class='ocrx_word' id='word_1_222' title='bbox 1259 1370 1399 1424; x_wconf 86' lang='lat' dir='ltr'><strong><em>iratribus</em></strong></span> <span class='ocrx_word' id='word_1_223' title='bbox 1424 1368 1546 1424; x_wconf 90' lang='lat' dir='ltr'><strong><em>iienrico</em></strong></span> <span class='ocrx_word' id='word_1_224' title='bbox 1579 1367 1746 1436; x_wconf 86' lang='lat' dir='ltr'><strong><em>Senonensi,</em></strong></span> <span class='ocrx_word' id='word_1_225' title='bbox 1781 1370 1849 1427; x_wconf 78' lang='lat' dir='ltr'><strong><em>itai·</em></strong></span> 
     </span>
     <span class='ocr_line' id='line_1_19' title="bbox 99 1431 1850 1512; baseline 0.006 -25"><span class='ocrx_word' id='word_1_226' title='bbox 99 1431 138 1491; x_wconf 86' lang='lat' dir='ltr'><strong><em>di.</em></strong></span> <span class='ocrx_word' id='word_1_227' title='bbox 152 1440 183 1487; x_wconf 85' lang='lat' dir='ltr'><strong><em>et</em></strong></span> <span class='ocrx_word' id='word_1_228' title='bbox 201 1431 314 1489; x_wconf 87' lang='lat' dir='ltr'><strong><em>Othoni</em></strong></span> <span class='ocrx_word' id='word_1_229' title='bbox 339 1435 573 1492; x_wconf 89' lang='lat' dir='ltr'><strong><em>succenturiatus</em></strong></span> <span class='ocrx_word' id='word_1_230' title='bbox 594 1436 710 1492; x_wconf 88' lang='lat' dir='ltr'><strong><em>accedat</em></strong></span> <span class='ocrx_word' id='word_1_231' title='bbox 734 1437 764 1493; x_wconf 89' lang='lat' dir='ltr'><strong><em>P.</em></strong></span> <span class='ocrx_word' id='word_1_232' title='bbox 793 1437 952 1494; x_wconf 78' lang='lat' dir='ltr'><strong><em>Mauricius</em></strong></span> <span class='ocrx_word' id='word_1_233' title='bbox 1006 1439 1092 1496; x_wconf 87' lang='lat' dir='ltr'><strong><em>naldo</em></strong></span> <span class='ocrx_word' id='word_1_234' title='bbox 1108 1439 1240 1496; x_wconf 79' lang='grc' dir='ltr'>ιιιιιιιιιιι</span> <span class='ocrx_word' id='word_1_235' title='bbox 1255 1438 1486 1509; x_wconf 78' lang='lat' dir='ltr'><strong><em>archiepiscopis,</em></strong></span> <span class='ocrx_word' id='word_1_236' title='bbox 1502 1445 1555 1494; x_wconf 91' lang='lat' dir='ltr'><strong><em>etc.</em></strong></span> <span class='ocrx_word' id='word_1_237' title='bbox 1573 1439 1718 1511; x_wconf 89' lang='lat' dir='ltr'><strong><em>integrum</em></strong></span> <span class='ocrx_word' id='word_1_238' title='bbox 1733 1454 1850 1512; x_wconf 85' lang='lat' dir='ltr'><strong><em>qnoque</em></strong></span> 
     </span>
     <span class='ocr_line' id='line_1_20' title="bbox 102 1503 1339 1581; baseline 0.006 -24"><span class='ocrx_word' id='word_1_239' title='bbox 102 1503 188 1581; x_wconf 83' lang='lat' dir='ltr'><strong><em>abbas</em></strong></span> <span class='ocrx_word' id='word_1_240' title='bbox 208 1517 279 1559; x_wconf 81' lang='lat' dir='ltr'><strong><em>rere</em></strong></span> <span class='ocrx_word' id='word_1_241' title='bbox 303 1506 498 1562; x_wconf 81' lang='lat' dir='ltr'><strong><em>venerandus.</em></strong></span> <span class='ocrx_word' id='word_1_242' title='bbox 521 1507 617 1564; x_wconf 86' lang='lat' dir='ltr'><strong><em>Verba</em></strong></span> <span class='ocrx_word' id='word_1_243' title='bbox 632 1507 723 1578; x_wconf 90' lang='lat' dir='ltr'><strong><em>igitur</em></strong></span> <span class='ocrx_word' id='word_1_244' title='bbox 740 1507 861 1565; x_wconf 86' lang='lat' dir='ltr'><strong><em>Othonis</em></strong></span> <span class='ocrx_word' id='word_1_245' title='bbox 881 1522 918 1565; x_wconf 87' lang='grc' dir='ltr'><strong><em>ιιι</em></strong></span> <span class='ocrx_word' id='word_1_246' title='bbox 941 1523 949 1564; x_wconf 97' lang='grc' dir='ltr'><strong><em>ι</em></strong></span> <span class='ocrx_word' id='word_1_247' title='bbox 967 1517 986 1571; x_wconf 83' lang='grc' dir='ltr'><strong>Β</strong></span> <span class='ocrx_word' id='word_1_248' title='bbox 1006 1526 1036 1568; x_wconf 88' lang='grc' dir='ltr'><strong><em>ιι</em></strong></span> <span class='ocrx_word' id='word_1_249' title='bbox 1060 1509 1122 1567; x_wconf 91' lang='lat' dir='ltr'><strong><em>nire</em></strong></span> <span class='ocrx_word' id='word_1_250' title='bbox 1142 1519 1250 1580; x_wconf 85' lang='lat' dir='ltr'><strong><em>postea,</em></strong></span> <span class='ocrx_word' id='word_1_251' title='bbox 1270 1510 1339 1566; x_wconf 89' lang='lat' dir='ltr'><strong><em>ibid.</em></strong></span> 
     </span>
     <span class='ocr_line' id='line_1_21' title="bbox 102 1526 1852 1650; baseline 0.004 -21"><span class='ocrx_word' id='word_1_252' title='bbox 102 1575 166 1629; x_wconf 77' lang='lat' dir='ltr'><strong><em>bist.</em></strong></span> <span class='ocrx_word' id='word_1_253' title='bbox 189 1574 233 1629; x_wconf 85' lang='lat' dir='ltr'><strong><em>De</em></strong></span> <span class='ocrx_word' id='word_1_254' title='bbox 256 1576 345 1645; x_wconf 90' lang='lat' dir='ltr'><strong><em>gestis</em></strong></span> <span class='ocrx_word' id='word_1_255' title='bbox 364 1576 501 1633; x_wconf 85' lang='lat' dir='ltr'><strong><em>Friderici</em></strong></span> <span class='ocrx_word' id='word_1_256' title='bbox 524 1579 536 1633; x_wconf 96' lang='lat' dir='ltr'><strong><em>i</em></strong></span> <span class='ocrx_word' id='word_1_257' title='bbox 559 1580 593 1634; x_wconf 81' lang='lat' dir='ltr'><strong><em>A.</em></strong></span> <span class='ocrx_word' id='word_1_258' title='bbox 614 1592 678 1647; x_wconf 91' lang='lat' dir='ltr'><strong><em>cap.</em></strong></span> <span class='ocrx_word' id='word_1_259' title='bbox 703 1581 747 1646; x_wconf 82' lang='lat'><strong><em>47,</em></strong></span> <span class='ocrx_word' id='word_1_260' title='bbox 771 1580 816 1642; x_wconf 83' lang='lat' dir='ltr'><strong><em>te,</em></strong></span> <span class='ocrx_word' id='word_1_261' title='bbox 832 1581 877 1648; x_wconf 80' lang='lat' dir='ltr'><strong><em>tt,</em></strong></span> <span class='ocrx_word' id='word_1_262' title='bbox 902 1579 950 1634; x_wconf 89' lang='lat' dir='ltr'><strong><em>iric</em></strong></span> <span class='ocrx_word' id='word_1_263' title='bbox 1039 1526 1070 1639; x_wconf 48' lang='lat' dir='ltr'><strong><em>a.</em></strong></span> <span class='ocrx_word' id='word_1_264' title='bbox 1087 1582 1132 1636; x_wconf 81' lang='lat' dir='ltr'><strong><em>tc.</em></strong></span> <span class='ocrx_word' id='word_1_265' title='bbox 1152 1583 1249 1636; x_wconf 88' lang='lat' dir='ltr'><strong><em>Petrus</em></strong></span> <span class='ocrx_word' id='word_1_266' title='bbox 1265 1581 1468 1636; x_wconf 78' lang='lat' dir='ltr'><strong><em>damnatmnem</em></strong></span> <span class='ocrx_word' id='word_1_267' title='bbox 1482 1582 1525 1635; x_wconf 90' lang='lat' dir='ltr'><strong><em>sui</em></strong></span> <span class='ocrx_word' id='word_1_268' title='bbox 1541 1579 1677 1650; x_wconf 80' lang='lat' dir='ltr'><strong><em>dogmatis</em></strong></span> <span class='ocrx_word' id='word_1_269' title='bbox 1692 1598 1710 1636; x_wconf 88' lang='lat' dir='ltr'><strong><em>a</em></strong></span> <span class='ocrx_word' id='word_1_270' title='bbox 1728 1582 1852 1636; x_wconf 76' lang='lat' dir='ltr'><strong><em>Romam</em></strong></span> 
     </span>
     <span class='ocr_line' id='line_1_22' title="bbox 103 1644 1851 1722; baseline 0.005 -22"><span class='ocrx_word' id='word_1_271' title='bbox 103 1644 326 1702; x_wconf 84' lang='lat' dir='ltr'><strong><em>transcribenda</em></strong></span> <span class='ocrx_word' id='word_1_272' title='bbox 346 1646 459 1716; x_wconf 86' lang='lat' dir='ltr'><strong><em>curavi,</em></strong></span> <span class='ocrx_word' id='word_1_273' title='bbox 495 1648 582 1704; x_wconf 92' lang='lat' dir='ltr'><strong><em>utin</em></strong></span> <span class='ocrx_word' id='word_1_274' title='bbox 610 1648 667 1705; x_wconf 89' lang='lat' dir='ltr'><strong><em>iliis</em></strong></span> <span class='ocrx_word' id='word_1_275' title='bbox 688 1651 753 1720; x_wconf 91' lang='lat' dir='ltr'><strong><em>pius</em></strong></span> <span class='ocrx_word' id='word_1_276' title='bbox 778 1652 814 1707; x_wconf 87' lang='lat' dir='ltr'><strong><em>sit</em></strong></span> <span class='ocrx_word' id='word_1_277' title='bbox 839 1650 950 1722; x_wconf 87' lang='lat' dir='ltr'><strong><em>ponde·</em></strong></span> <span class='ocrx_word' id='word_1_278' title='bbox 1004 1652 1125 1709; x_wconf 73' lang='lat' dir='ltr'><strong><em>Ecclesia</em></strong></span> <span class='ocrx_word' id='word_1_279' title='bbox 1163 1657 1349 1722; x_wconf 68' lang='lat' dir='ltr'><strong><em>connectam</em></strong></span> <span class='ocrx_word' id='word_1_280' title='bbox 1389 1667 1550 1719; x_wconf 81' lang='lat' dir='ltr'><strong><em>cognoscens</em></strong></span> <span class='ocrx_word' id='word_1_281' title='bbox 1596 1653 1633 1707; x_wconf 92' lang='lat' dir='ltr'><strong><em>ad</em></strong></span> <span class='ocrx_word' id='word_1_282' title='bbox 1671 1653 1851 1708; x_wconf 71' lang='lat' dir='ltr'><strong><em>cluniacense</em></strong></span> 
     </span>
     <span class='ocr_line' id='line_1_23' title="bbox 102 1716 1849 1794; baseline -0.001 -15"><span class='ocrx_word' id='word_1_283' title='bbox 102 1716 149 1771; x_wconf 66' lang='lat' dir='ltr'><strong><em>lii·</em></strong></span> <span class='ocrx_word' id='word_1_284' title='bbox 1005 1723 1152 1779; x_wconf 82' lang='lat' dir='ltr'><strong><em>caenobium</em></strong></span> <span class='ocrx_word' id='word_1_285' title='bbox 1167 1724 1327 1789; x_wconf 88' lang='lat' dir='ltr'><strong><em>secontulit‚</em></strong></span> <span class='ocrx_word' id='word_1_286' title='bbox 1344 1723 1539 1794; x_wconf 76' lang='lat' dir='ltr'><strong><em>apologeticum</em></strong></span> <span class='ocrx_word' id='word_1_287' title='bbox 1557 1724 1690 1790; x_wconf 86' lang='lat' dir='ltr'><strong><em>scribens,</em></strong></span> <span class='ocrx_word' id='word_1_288' title='bbox 1704 1723 1849 1792; x_wconf 69' lang='lat' dir='ltr'><strong><em>predulc-</em></strong></span> 
     </span>
     <span class='ocr_line' id='line_1_24' title="bbox 134 1787 1848 1865; baseline 0.004 -22"><span class='ocrx_word' id='word_1_289' title='bbox 134 1787 165 1843; x_wconf 84' lang='lat' dir='ltr'><strong><em>C.</em></strong></span> <span class='ocrx_word' id='word_1_290' title='bbox 182 1787 243 1842; x_wconf 78' lang='lat' dir='ltr'><strong><em>tr:</em></strong></span> <span class='ocrx_word' id='word_1_291' title='bbox 268 1790 338 1844; x_wconf 80' lang='lat' dir='ltr'><strong><em>Erat</em></strong></span> <span class='ocrx_word' id='word_1_292' title='bbox 352 1794 443 1843; x_wconf 89' lang='lat' dir='ltr'><strong><em>autem</em></strong></span> <span class='ocrx_word' id='word_1_293' title='bbox 471 1790 628 1845; x_wconf 86' lang='lat' dir='ltr'><strong><em>Bernardus</em></strong></span> <span class='ocrx_word' id='word_1_294' title='bbox 654 1792 869 1848; x_wconf 71' lang='lat' dir='ltr'><strong><em>claraevallensis</em></strong></span> <span class='ocrx_word' id='word_1_295' title='bbox 902 1791 948 1845; x_wconf 90' lang='lat' dir='ltr'><strong><em>ob·</em></strong></span> <span class='ocrx_word' id='word_1_296' title='bbox 1005 1811 1068 1849; x_wconf 83' lang='lat' dir='ltr'><strong><em>rum</em></strong></span> <span class='ocrx_word' id='word_1_297' title='bbox 1081 1796 1380 1865; x_wconf 75' lang='lat' dir='ltr'><strong><em>carpitulorumpartim</em></strong></span> <span class='ocrx_word' id='word_1_298' title='bbox 1399 1794 1490 1861; x_wconf 69' lang='lat' dir='ltr'><strong><em>verba</em></strong></span> <span class='ocrx_word' id='word_1_299' title='bbox 1511 1809 1545 1848; x_wconf 85' lang='lat' dir='ltr'><strong><em>ec</em></strong></span> <span class='ocrx_word' id='word_1_300' title='bbox 1568 1798 1622 1849; x_wconf 90' lang='lat' dir='ltr'><strong><em>toto</em></strong></span> <span class='ocrx_word' id='word_1_301' title='bbox 1637 1799 1726 1850; x_wconf 89' lang='lat' dir='ltr'><strong><em>aulem</em></strong></span> <span class='ocrx_word' id='word_1_302' title='bbox 1739 1810 1848 1849; x_wconf 77' lang='lat' dir='ltr'><strong><em>acosma</em></strong></span> 
     </span>
     <span class='ocr_line' id='line_1_25' title="bbox 104 1858 1613 1947; baseline 0.007 -36"><span class='ocrx_word' id='word_1_303' title='bbox 104 1858 160 1921; x_wconf 81' lang='lat' dir='ltr'><strong><em>bas,</em></strong></span> <span class='ocrx_word' id='word_1_304' title='bbox 190 1864 250 1912; x_wconf 89' lang='lat' dir='ltr'><strong><em>lam</em></strong></span> <span class='ocrx_word' id='word_1_305' title='bbox 277 1874 312 1913; x_wconf 81' lang='grc' dir='ltr'><strong><em>ιι·</em></strong></span> <span class='ocrx_word' id='word_1_306' title='bbox 332 1859 492 1943; x_wconf 68' lang='lat' dir='ltr'><strong><em>dirutione</em></strong></span> <span class='ocrx_word' id='word_1_307' title='bbox 509 1862 648 1929; x_wconf 80' lang='lat' dir='ltr'><strong><em>religionis</em></strong></span> <span class='ocrx_word' id='word_1_308' title='bbox 672 1865 780 1927; x_wconf 70' lang='lat' dir='ltr'><strong><em>seruam</em></strong></span> <span class='ocrx_word' id='word_1_309' title='bbox 799 1864 951 1930; x_wconf 75' lang='lat' dir='ltr'><strong><em>zelotypus,</em></strong></span> <span class='ocrx_word' id='word_1_310' title='bbox 1006 1881 1120 1931; x_wconf 76' lang='lat' dir='ltr'><strong><em>necans.</em></strong></span> <span class='ocrx_word' id='word_1_311' title='bbox 1352 1936 1357 1947; x_wconf 30' lang='grc' dir='ltr'>Ι</span> <span class='ocrx_word' id='word_1_312' title='bbox 1442 1936 1447 1947; x_wconf 93' lang='lat'><strong><em>.</em></strong></span> <span class='ocrx_word' id='word_1_313' title='bbox 1608 1936 1613 1947; x_wconf 30' lang='grc' dir='ltr'>Ι</span> 
     </span>
     <span class='ocr_line' id='line_1_26' title="bbox 103 1935 1853 2075; baseline 0.005 -22"><span class='ocrx_word' id='word_1_314' title='bbox 103 1944 258 2054; x_wconf 76' lang='lat' dir='ltr'><strong><em>cnm</em></strong></span> <span class='ocrx_word' id='word_1_315' title='bbox 1008 1936 1656 2075; x_wconf 65' lang='lat' dir='ltr'><strong><em>t..ittatritiintentaretur</em></strong></span> <span class='ocrx_word' id='word_1_316' title='bbox 1671 1935 1853 2064; x_wconf 62' lang='lat' dir='ltr'><strong><em>,tiriae</em></strong></span> 
     </span>
     <span class='ocr_line' id='line_1_27' title="bbox 104 2070 1850 2148; baseline 0.006 -25"><span class='ocrx_word' id='word_1_317' title='bbox 104 2070 223 2124; x_wconf 85' lang='lat' dir='ltr'><strong><em>seculari</em></strong></span> <span class='ocrx_word' id='word_1_318' title='bbox 238 2075 378 2139; x_wconf 83' lang='lat' dir='ltr'><strong><em>sapientia</em></strong></span> <span class='ocrx_word' id='word_1_319' title='bbox 405 2075 509 2142; x_wconf 70' lang='lat' dir='ltr'><strong><em>confisi,</em></strong></span> <span class='ocrx_word' id='word_1_320' title='bbox 523 2075 639 2129; x_wconf 90' lang='lat' dir='ltr'><strong><em>nimium</em></strong></span> <span class='ocrx_word' id='word_1_321' title='bbox 661 2075 839 2141; x_wconf 73' lang='lat' dir='ltr'><strong><em>inherebant,</em></strong></span> <span class='ocrx_word' id='word_1_322' title='bbox 855 2074 954 2128; x_wconf 87' lang='lat' dir='ltr'><strong><em>obbor·</em></strong></span> <span class='ocrx_word' id='word_1_323' title='bbox 1008 2078 1045 2133; x_wconf 90' lang='lat' dir='ltr'><strong><em>ab</em></strong></span> <span class='ocrx_word' id='word_1_324' title='bbox 1069 2076 1165 2147; x_wconf 82' lang='lat' dir='ltr'><strong><em>Apelle</em></strong></span> <span class='ocrx_word' id='word_1_325' title='bbox 1180 2085 1207 2133; x_wconf 91' lang='lat' dir='ltr'><strong><em>et</em></strong></span> <span class='ocrx_word' id='word_1_326' title='bbox 1219 2078 1331 2147; x_wconf 82' lang='lat' dir='ltr'><strong><em>tisippo</em></strong></span> <span class='ocrx_word' id='word_1_327' title='bbox 1346 2081 1441 2148; x_wconf 88' lang='lat' dir='ltr'><strong><em>pictus</em></strong></span> <span class='ocrx_word' id='word_1_328' title='bbox 1455 2084 1482 2132; x_wconf 90' lang='lat' dir='ltr'><strong><em>et</em></strong></span> <span class='ocrx_word' id='word_1_329' title='bbox 1498 2077 1593 2141; x_wconf 87' lang='lat' dir='ltr'><strong><em>lictus,</em></strong></span> <span class='ocrx_word' id='word_1_330' title='bbox 1609 2092 1675 2134; x_wconf 93' lang='lat' dir='ltr'><strong><em>cnm</em></strong></span> <span class='ocrx_word' id='word_1_331' title='bbox 1691 2077 1752 2135; x_wconf 84' lang='lat' dir='ltr'><strong><em>suit</em></strong></span> <span class='ocrx_word' id='word_1_332' title='bbox 1762 2077 1850 2134; x_wconf 88' lang='lat' dir='ltr'><strong><em>etiam</em></strong></span> 
     </span>
     <span class='ocr_line' id='line_1_28' title="bbox 104 2143 1853 2215; baseline 0.005 -20"><span class='ocrx_word' id='word_1_333' title='bbox 104 2146 185 2208; x_wconf 87' lang='lat' dir='ltr'><strong><em>reret,</em></strong></span> <span class='ocrx_word' id='word_1_334' title='bbox 201 2145 229 2196; x_wconf 88' lang='lat' dir='ltr'><strong><em>et</em></strong></span> <span class='ocrx_word' id='word_1_335' title='bbox 253 2144 277 2196; x_wconf 88' lang='lat' dir='ltr'><strong><em>si</em></strong></span> <span class='ocrx_word' id='word_1_336' title='bbox 304 2144 450 2213; x_wconf 76' lang='lat' dir='ltr'><strong><em>uunquam</em></strong></span> <span class='ocrx_word' id='word_1_337' title='bbox 474 2147 499 2199; x_wconf 90' lang='lat' dir='ltr'><strong><em>ei</em></strong></span> <span class='ocrx_word' id='word_1_338' title='bbox 517 2145 681 2202; x_wconf 74' lang='lat' dir='ltr'><strong><em>Christianae</em></strong></span> <span class='ocrx_word' id='word_1_339' title='bbox 696 2146 761 2215; x_wconf 71' lang='lat' dir='ltr'><strong><em>adei</em></strong></span> <span class='ocrx_word' id='word_1_340' title='bbox 775 2145 906 2201; x_wconf 86' lang='lat' dir='ltr'><strong><em>obsonum</em></strong></span> <span class='ocrx_word' id='word_1_341' title='bbox 921 2143 955 2199; x_wconf 88' lang='lat' dir='ltr'><strong><em>dc</em></strong></span> <span class='ocrx_word' id='word_1_342' title='bbox 1008 2148 1108 2204; x_wconf 80' lang='lat' dir='ltr'><strong><em>naevis.</em></strong></span> <span class='ocrx_word' id='word_1_343' title='bbox 1137 2149 1281 2205; x_wconf 85' lang='lat' dir='ltr'><strong><em>Habemus</em></strong></span> <span class='ocrx_word' id='word_1_344' title='bbox 1303 2153 1380 2204; x_wconf 85' lang='lat' dir='ltr'><strong><em>enim</em></strong></span> <span class='ocrx_word' id='word_1_345' title='bbox 1413 2147 1528 2205; x_wconf 91' lang='lat' dir='ltr'><strong><em>abbatis</em></strong></span> <span class='ocrx_word' id='word_1_346' title='bbox 1566 2149 1766 2205; x_wconf 76' lang='lat' dir='ltr'><strong><em>cluniacensis</em></strong></span> <span class='ocrx_word' id='word_1_347' title='bbox 1784 2147 1853 2204; x_wconf 85' lang='lat' dir='ltr'><strong><em>treis</em></strong></span> 
     </span>
     <span class='ocr_line' id='line_1_29' title="bbox 107 2211 1853 2290; baseline 0.005 -25"><span class='ocrx_word' id='word_1_348' title='bbox 107 2211 212 2267; x_wconf 86' lang='lat' dir='ltr'><strong><em>talibus</em></strong></span> <span class='ocrx_word' id='word_1_349' title='bbox 247 2212 392 2279; x_wconf 74' lang='lat' dir='ltr'><strong><em>damtur,</em></strong></span> <span class='ocrx_word' id='word_1_350' title='bbox 424 2215 507 2282; x_wconf 75' lang='grc' dir='ltr'>ιιιιιι</span> <span class='ocrx_word' id='word_1_351' title='bbox 531 2232 625 2271; x_wconf 85' lang='lat' dir='ltr'><strong><em>aurem</em></strong></span> <span class='ocrx_word' id='word_1_352' title='bbox 659 2216 798 2286; x_wconf 80' lang='lat' dir='ltr'><strong><em>preberet.</em></strong></span> <span class='ocrx_word' id='word_1_353' title='bbox 829 2218 874 2272; x_wconf 83' lang='lat' dir='ltr'><strong><em>ltu</em></strong></span> <span class='ocrx_word' id='word_1_354' title='bbox 902 2230 954 2280; x_wconf 82' lang='lat' dir='ltr'><strong><em>auo</em></strong></span> <span class='ocrx_word' id='word_1_355' title='bbox 1008 2218 1144 2289; x_wconf 89' lang='lat' dir='ltr'><strong><em>epistolas</em></strong></span> <span class='ocrx_word' id='word_1_356' title='bbox 1158 2220 1221 2290; x_wconf 84' lang='lat' dir='ltr'><strong><em>ejus</em></strong></span> <span class='ocrx_word' id='word_1_357' title='bbox 1244 2220 1381 2289; x_wconf 88' lang='lat' dir='ltr'><strong><em>operibus</em></strong></span> <span class='ocrx_word' id='word_1_358' title='bbox 1406 2219 1538 2287; x_wconf 87' lang='lat' dir='ltr'><strong><em>insertas,</em></strong></span> <span class='ocrx_word' id='word_1_359' title='bbox 1558 2234 1625 2290; x_wconf 75' lang='lat' dir='ltr'><strong><em>quse</em></strong></span> <span class='ocrx_word' id='word_1_360' title='bbox 1651 2233 1739 2289; x_wconf 89' lang='lat' dir='ltr'><strong><em>opera</em></strong></span> <span class='ocrx_word' id='word_1_361' title='bbox 1762 2218 1853 2274; x_wconf 88' lang='lat' dir='ltr'><strong><em>maxi·</em></strong></span> 
     </span>
     <span class='ocr_line' id='line_1_30' title="bbox 108 2285 1854 2361; baseline 0.005 -24"><span class='ocrx_word' id='word_1_362' title='bbox 108 2285 211 2348; x_wconf 76' lang='lat' dir='ltr'><strong><em>{actum</em></strong></span> <span class='ocrx_word' id='word_1_363' title='bbox 225 2290 313 2340; x_wconf 89' lang='lat' dir='ltr'><strong><em>estut</em></strong></span> <span class='ocrx_word' id='word_1_364' title='bbox 327 2287 480 2341; x_wconf 82' lang='lat' dir='ltr'><strong><em>nonnullo</em></strong></span> <span class='ocrx_word' id='word_1_365' title='bbox 504 2293 567 2342; x_wconf 87' lang='lat' dir='ltr'><strong><em>onte</em></strong></span> <span class='ocrx_word' id='word_1_366' title='bbox 583 2287 630 2341; x_wconf 87' lang='lat' dir='ltr'><strong><em>bos</em></strong></span> <span class='ocrx_word' id='word_1_367' title='bbox 654 2287 722 2353; x_wconf 88' lang='lat' dir='ltr'><strong><em>dies,</em></strong></span> <span class='ocrx_word' id='word_1_368' title='bbox 741 2289 800 2356; x_wconf 85' lang='lat' dir='ltr'><strong><em>ipso</em></strong></span> <span class='ocrx_word' id='word_1_369' title='bbox 833 2291 953 2353; x_wconf 78' lang='lat' dir='ltr'><strong><em>auctam,</em></strong></span> <span class='ocrx_word' id='word_1_370' title='bbox 1009 2303 1086 2346; x_wconf 91' lang='lat' dir='ltr'><strong><em>mam</em></strong></span> <span class='ocrx_word' id='word_1_371' title='bbox 1116 2298 1227 2359; x_wconf 90' lang='lat' dir='ltr'><strong><em>partem</em></strong></span> <span class='ocrx_word' id='word_1_372' title='bbox 1249 2291 1402 2347; x_wconf 87' lang='lat' dir='ltr'><strong><em>absolvunt</em></strong></span> <span class='ocrx_word' id='word_1_373' title='bbox 1426 2291 1536 2361; x_wconf 86' lang='lat' dir='ltr'><strong><em>operosi</em></strong></span> <span class='ocrx_word' id='word_1_374' title='bbox 1560 2290 1716 2347; x_wconf 84' lang='lat' dir='ltr'><strong><em>voluminis</em></strong></span> <span class='ocrx_word' id='word_1_375' title='bbox 1747 2287 1854 2357; x_wconf 80' lang='lat' dir='ltr'><strong><em>biblio-</em></strong></span> 
     </span>
     <span class='ocr_line' id='line_1_31' title="bbox 106 2355 1855 2431; baseline 0.004 -23"><span class='ocrx_word' id='word_1_376' title='bbox 106 2357 194 2424; x_wconf 82' lang='lat' dir='ltr'><strong><em>pn&#39;rno</em></strong></span> <span class='ocrx_word' id='word_1_377' title='bbox 219 2355 256 2409; x_wconf 88' lang='lat' dir='ltr'><strong><em>ob</em></strong></span> <span class='ocrx_word' id='word_1_378' title='bbox 279 2358 412 2427; x_wconf 80' lang='lat' dir='ltr'><strong><em>episcopis</em></strong></span> <span class='ocrx_word' id='word_1_379' title='bbox 438 2356 546 2422; x_wconf 81' lang='lat' dir='ltr'><strong><em>Gallie,</em></strong></span> <span class='ocrx_word' id='word_1_380' title='bbox 569 2363 630 2427; x_wconf 86' lang='lat' dir='ltr'><strong><em>post</em></strong></span> <span class='ocrx_word' id='word_1_381' title='bbox 651 2375 668 2413; x_wconf 92' lang='lat' dir='ltr'><strong><em>a</em></strong></span> <span class='ocrx_word' id='word_1_382' title='bbox 689 2360 808 2414; x_wconf 83' lang='lat' dir='ltr'><strong><em>Romano</em></strong></span> <span class='ocrx_word' id='word_1_383' title='bbox 829 2358 956 2427; x_wconf 74' lang='lat' dir='ltr'><strong><em>pontifice</em></strong></span> <span class='ocrx_word' id='word_1_384' title='bbox 1010 2361 1099 2416; x_wconf 83' lang='lat' dir='ltr'><strong><em>tbecae</em></strong></span> <span class='ocrx_word' id='word_1_385' title='bbox 1113 2361 1304 2426; x_wconf 77' lang='lat' dir='ltr'><strong><em>cluniacenae,</em></strong></span> <span class='ocrx_word' id='word_1_386' title='bbox 1321 2375 1413 2431; x_wconf 88' lang='lat' dir='ltr'><strong><em>nuper</em></strong></span> <span class='ocrx_word' id='word_1_387' title='bbox 1428 2375 1446 2416; x_wconf 92' lang='lat' dir='ltr'><strong><em>a</em></strong></span> <span class='ocrx_word' id='word_1_388' title='bbox 1460 2361 1522 2418; x_wconf 89' lang='lat' dir='ltr'><strong><em>viro</em></strong></span> <span class='ocrx_word' id='word_1_389' title='bbox 1537 2361 1618 2418; x_wconf 90' lang='lat' dir='ltr'><strong><em>docto</em></strong></span> <span class='ocrx_word' id='word_1_390' title='bbox 1633 2361 1750 2418; x_wconf 75' lang='lat' dir='ltr'><strong><em>andrea</em></strong></span> <span class='ocrx_word' id='word_1_391' title='bbox 1764 2359 1855 2425; x_wconf 86' lang='lat' dir='ltr'><strong><em>Quer-</em></strong></span> 
     </span>
     <span class='ocr_line' id='line_1_32' title="bbox 109 2425 1853 2503; baseline 0.003 -24"><span class='ocrx_word' id='word_1_392' title='bbox 109 2426 185 2479; x_wconf 79' lang='lat' dir='ltr'><strong><em>retra</em></strong></span> <span class='ocrx_word' id='word_1_393' title='bbox 206 2425 357 2482; x_wconf 71' lang='lat' dir='ltr'><strong><em>abalardo</em></strong></span> <span class='ocrx_word' id='word_1_394' title='bbox 381 2428 521 2483; x_wconf 86' lang='lat' dir='ltr'><strong><em>silentium</em></strong></span> <span class='ocrx_word' id='word_1_395' title='bbox 548 2429 705 2498; x_wconf 86' lang='lat' dir='ltr'><strong><em>inpos-itum</em></strong></span> <span class='ocrx_word' id='word_1_396' title='bbox 732 2430 828 2495; x_wconf 77' lang='lat' dir='ltr'><strong><em>tuerit.</em></strong></span> <span class='ocrx_word' id='word_1_397' title='bbox 858 2430 956 2483; x_wconf 87' lang='lat' dir='ltr'><strong><em>Petrus</em></strong></span> <span class='ocrx_word' id='word_1_398' title='bbox 1010 2440 1110 2488; x_wconf 86' lang='lat' dir='ltr'><strong><em>cetano</em></strong></span> <span class='ocrx_word' id='word_1_399' title='bbox 1124 2431 1248 2489; x_wconf 86' lang='lat' dir='ltr'><strong><em>coiiectse</em></strong></span> <span class='ocrx_word' id='word_1_400' title='bbox 1263 2440 1290 2489; x_wconf 92' lang='lat' dir='ltr'><strong><em>et</em></strong></span> <span class='ocrx_word' id='word_1_401' title='bbox 1308 2434 1401 2501; x_wconf 80' lang='lat' dir='ltr'><strong><em>edita,</em></strong></span> <span class='ocrx_word' id='word_1_402' title='bbox 1422 2445 1440 2487; x_wconf 88' lang='lat' dir='ltr'><strong><em>a</em></strong></span> <span class='ocrx_word' id='word_1_403' title='bbox 1464 2446 1522 2503; x_wconf 87' lang='lat' dir='ltr'><strong><em>qno</em></strong></span> <span class='ocrx_word' id='word_1_404' title='bbox 1542 2432 1630 2488; x_wconf 86' lang='lat' dir='ltr'><strong><em>etiam</em></strong></span> <span class='ocrx_word' id='word_1_405' title='bbox 1651 2445 1696 2488; x_wconf 87' lang='lat' dir='ltr'><strong><em>me</em></strong></span> <span class='ocrx_word' id='word_1_406' title='bbox 1719 2430 1853 2502; x_wconf 76' lang='lat' dir='ltr'><strong><em>adiutum</em></strong></span> 
     </span>
     <span class='ocr_line' id='line_1_33' title="bbox 112 2496 1855 2569; baseline 0.006 -21"><span class='ocrx_word' id='word_1_407' title='bbox 112 2497 207 2551; x_wconf 76' lang='lat' dir='ltr'><strong><em>istaec</em></strong></span> <span class='ocrx_word' id='word_1_408' title='bbox 222 2513 255 2551; x_wconf 88' lang='lat' dir='ltr'><strong><em>ea</em></strong></span> <span class='ocrx_word' id='word_1_409' title='bbox 276 2496 372 2553; x_wconf 81' lang='lat' dir='ltr'><strong><em>Gallia</em></strong></span> <span class='ocrx_word' id='word_1_410' title='bbox 381 2500 536 2569; x_wconf 79' lang='lat' dir='ltr'><strong><em>prouincia,</em></strong></span> <span class='ocrx_word' id='word_1_411' title='bbox 565 2515 625 2568; x_wconf 83' lang='lat' dir='ltr'><strong><em>qua</em></strong></span> <span class='ocrx_word' id='word_1_412' title='bbox 647 2515 718 2555; x_wconf 91' lang='lat' dir='ltr'><strong><em>nunc</em></strong></span> <span class='ocrx_word' id='word_1_413' title='bbox 733 2499 768 2555; x_wconf 89' lang='lat' dir='ltr'><strong><em>ab</em></strong></span> <span class='ocrx_word' id='word_1_414' title='bbox 783 2498 879 2555; x_wconf 88' lang='lat' dir='ltr'><strong><em>incolis</em></strong></span> <span class='ocrx_word' id='word_1_415' title='bbox 893 2499 955 2552; x_wconf 86' lang='lat' dir='ltr'><strong><em>Bri-</em></strong></span> <span class='ocrx_word' id='word_1_416' title='bbox 1011 2502 1039 2558; x_wconf 88' lang='lat' dir='ltr'><strong><em>in</em></strong></span> <span class='ocrx_word' id='word_1_417' title='bbox 1063 2502 1252 2569; x_wconf 83' lang='lat' dir='ltr'><strong><em>conterendis,</em></strong></span> <span class='ocrx_word' id='word_1_418' title='bbox 1279 2502 1466 2559; x_wconf 83' lang='lat' dir='ltr'><strong><em>enrondandis</em></strong></span> <span class='ocrx_word' id='word_1_419' title='bbox 1487 2510 1514 2559; x_wconf 91' lang='lat' dir='ltr'><strong><em>et</em></strong></span> <span class='ocrx_word' id='word_1_420' title='bbox 1540 2502 1657 2559; x_wconf 86' lang='lat' dir='ltr'><strong><em>edendis</em></strong></span> <span class='ocrx_word' id='word_1_421' title='bbox 1686 2500 1730 2559; x_wconf 88' lang='lat' dir='ltr'><strong><em>bis</em></strong></span> <span class='ocrx_word' id='word_1_422' title='bbox 1752 2514 1855 2558; x_wconf 84' lang='lat' dir='ltr'><strong><em>exem·</em></strong></span> 
     </span>
     <span class='ocr_line' id='line_1_34' title="bbox 110 2566 1855 2643; baseline 0.004 -24"><span class='ocrx_word' id='word_1_423' title='bbox 110 2569 208 2622; x_wconf 88' lang='lat' dir='ltr'><strong><em>tannia</em></strong></span> <span class='ocrx_word' id='word_1_424' title='bbox 228 2566 343 2636; x_wconf 89' lang='lat' dir='ltr'><strong><em>dicitur,</em></strong></span> <span class='ocrx_word' id='word_1_425' title='bbox 365 2572 499 2639; x_wconf 82' lang='lat' dir='ltr'><strong><em>originem</em></strong></span> <span class='ocrx_word' id='word_1_426' title='bbox 520 2569 628 2626; x_wconf 84' lang='lat' dir='ltr'><strong><em>trabem</em></strong></span> <span class='ocrx_word' id='word_1_427' title='bbox 653 2572 702 2639; x_wconf 84' lang='lat' dir='ltr'><strong><em>(est</em></strong></span> <span class='ocrx_word' id='word_1_428' title='bbox 724 2575 797 2624; x_wconf 86' lang='lat' dir='ltr'><strong><em>enim</em></strong></span> <span class='ocrx_word' id='word_1_429' title='bbox 819 2569 957 2639; x_wconf 79' lang='grc' dir='ltr'>ρνιιιιιιι</span> <span class='ocrx_word' id='word_1_430' title='bbox 1011 2572 1141 2642; x_wconf 81' lang='lat' dir='ltr'><strong><em>pleribus</em></strong></span> <span class='ocrx_word' id='word_1_431' title='bbox 1156 2587 1213 2629; x_wconf 93' lang='lat' dir='ltr'><strong><em>non</em></strong></span> <span class='ocrx_word' id='word_1_432' title='bbox 1228 2573 1360 2629; x_wconf 88' lang='lat' dir='ltr'><strong><em>diiiiteor.</em></strong></span> <span class='ocrx_word' id='word_1_433' title='bbox 1387 2574 1443 2629; x_wconf 84' lang='lat' dir='ltr'><strong><em>Eas</em></strong></span> <span class='ocrx_word' id='word_1_434' title='bbox 1462 2573 1597 2643; x_wconf 88' lang='lat' dir='ltr'><strong><em>epistolas</em></strong></span> <span class='ocrx_word' id='word_1_435' title='bbox 1625 2571 1697 2642; x_wconf 82' lang='lat' dir='ltr'><strong><em>quia</em></strong></span> <span class='ocrx_word' id='word_1_436' title='bbox 1723 2572 1809 2629; x_wconf 92' lang='lat' dir='ltr'><strong><em>lector</em></strong></span> <span class='ocrx_word' id='word_1_437' title='bbox 1825 2570 1855 2626; x_wconf 91' lang='lat' dir='ltr'><strong><em>in</em></strong></span> 
     </span>
     <span class='ocr_line' id='line_1_35' title="bbox 111 2639 1854 2712; baseline 0.004 -22"><span class='ocrx_word' id='word_1_438' title='bbox 111 2644 184 2691; x_wconf 76' lang='lat' dir='ltr'><strong><em>arra</em></strong></span> <span class='ocrx_word' id='word_1_439' title='bbox 204 2639 364 2694; x_wconf 67' lang='lat' dir='ltr'><strong><em>cuneorum</em></strong></span> <span class='ocrx_word' id='word_1_440' title='bbox 385 2645 466 2695; x_wconf 81' lang='lat' dir='ltr'><strong><em>auno</em></strong></span> <span class='ocrx_word' id='word_1_441' title='bbox 489 2642 601 2708; x_wconf 81' lang='lat' dir='ltr'><strong><em>ingenia</em></strong></span> <span class='ocrx_word' id='word_1_442' title='bbox 629 2643 655 2696; x_wconf 91' lang='lat' dir='ltr'><strong><em>el</em></strong></span> <span class='ocrx_word' id='word_1_443' title='bbox 682 2642 789 2696; x_wconf 85' lang='lat' dir='ltr'><strong><em>ortibus</em></strong></span> <span class='ocrx_word' id='word_1_444' title='bbox 815 2642 957 2711; x_wconf 84' lang='lat' dir='ltr'><strong><em>applicata</em></strong></span> <span class='ocrx_word' id='word_1_445' title='bbox 1011 2643 1173 2712; x_wconf 77' lang='lat' dir='ltr'><strong><em>appendice</em></strong></span> <span class='ocrx_word' id='word_1_446' title='bbox 1204 2643 1287 2700; x_wconf 89' lang='lat' dir='ltr'><strong><em>iaciie</em></strong></span> <span class='ocrx_word' id='word_1_447' title='bbox 1326 2646 1453 2712; x_wconf 84' lang='lat' dir='ltr'><strong><em>reperiet,</em></strong></span> <span class='ocrx_word' id='word_1_448' title='bbox 1489 2657 1547 2699; x_wconf 91' lang='lat' dir='ltr'><strong><em>non</em></strong></span> <span class='ocrx_word' id='word_1_449' title='bbox 1589 2646 1619 2698; x_wconf 90' lang='lat' dir='ltr'><strong><em>in</em></strong></span> <span class='ocrx_word' id='word_1_450' title='bbox 1653 2643 1710 2698; x_wconf 91' lang='lat' dir='ltr'><strong><em>iiiis</em></strong></span> <span class='ocrx_word' id='word_1_451' title='bbox 1749 2643 1854 2699; x_wconf 91' lang='lat' dir='ltr'><strong><em>immo-</em></strong></span> 
     </span>
     <span class='ocr_line' id='line_1_36' title="bbox 111 2708 1855 2783; baseline 0.003 -22"><span class='ocrx_word' id='word_1_452' title='bbox 111 2708 277 2773; x_wconf 82' lang='lat' dir='ltr'><strong><em>labeutium,</em></strong></span> <span class='ocrx_word' id='word_1_453' title='bbox 292 2710 390 2765; x_wconf 85' lang='lat' dir='ltr'><strong><em>sadud</em></strong></span> <span class='ocrx_word' id='word_1_454' title='bbox 404 2713 460 2766; x_wconf 90' lang='lat' dir='ltr'><strong><em>alio</em></strong></span> <span class='ocrx_word' id='word_1_455' title='bbox 480 2714 589 2780; x_wconf 73' lang='lat' dir='ltr'><strong><em>necoda</em></strong></span> <span class='ocrx_word' id='word_1_456' title='bbox 606 2727 673 2781; x_wconf 86' lang='lat' dir='ltr'><strong><em>pene</em></strong></span> <span class='ocrx_word' id='word_1_457' title='bbox 687 2712 848 2768; x_wconf 85' lang='lat' dir='ltr'><strong><em>stolidorum</em></strong></span> <span class='ocrx_word' id='word_1_458' title='bbox 861 2712 954 2777; x_wconf 74' lang='lat' dir='ltr'><strong><em>tuac,</em></strong></span> <span class='ocrx_word' id='word_1_459' title='bbox 1012 2714 1106 2780; x_wconf 90' lang='lat' dir='ltr'><strong><em>rabor,</em></strong></span> <span class='ocrx_word' id='word_1_460' title='bbox 1123 2714 1171 2770; x_wconf 86' lang='lat' dir='ltr'><strong><em>sed</em></strong></span> <span class='ocrx_word' id='word_1_461' title='bbox 1188 2721 1302 2770; x_wconf 91' lang='lat' dir='ltr'><strong><em>tantum</em></strong></span> <span class='ocrx_word' id='word_1_462' title='bbox 1321 2713 1426 2783; x_wconf 82' lang='lat' dir='ltr'><strong><em>digitos</em></strong></span> <span class='ocrx_word' id='word_1_463' title='bbox 1449 2713 1484 2767; x_wconf 88' lang='lat' dir='ltr'><strong><em>ad</em></strong></span> <span class='ocrx_word' id='word_1_464' title='bbox 1511 2712 1615 2768; x_wconf 88' lang='grc' dir='ltr'>ιοιιιιιι</span> <span class='ocrx_word' id='word_1_465' title='bbox 1638 2712 1796 2769; x_wconf 86' lang='lat' dir='ltr'><strong><em>intendam.</em></strong></span> <span class='ocrx_word' id='word_1_466' title='bbox 1821 2713 1855 2767; x_wconf 96' lang='lat' dir='ltr'><strong><em>in</em></strong></span> 
     </span>
     <span class='ocr_line' id='line_1_37' title="bbox 110 2780 1857 2862; baseline 0.002 -29"><span class='ocrx_word' id='word_1_467' title='bbox 110 2780 336 2845; x_wconf 68' lang='lat' dir='ltr'><strong><em>arausicorum</em></strong></span> <span class='ocrx_word' id='word_1_468' title='bbox 354 2783 407 2837; x_wconf 91' lang='lat' dir='ltr'><strong><em>dac</em></strong></span> <span class='ocrx_word' id='word_1_469' title='bbox 431 2784 535 2850; x_wconf 67' lang='lat' dir='ltr'><strong><em>autres</em></strong></span> <span class='ocrx_word' id='word_1_470' title='bbox 554 2783 712 2838; x_wconf 75' lang='lat' dir='ltr'><strong><em>benardus</em></strong></span> <span class='ocrx_word' id='word_1_471' title='bbox 731 2788 757 2838; x_wconf 92' lang='lat' dir='ltr'><strong><em>et</em></strong></span> <span class='ocrx_word' id='word_1_472' title='bbox 778 2782 956 2838; x_wconf 74' lang='lat' dir='ltr'><strong><em>Theodericus</em></strong></span> <span class='ocrx_word' id='word_1_473' title='bbox 973 2805 994 2862; x_wconf 64' lang='grc' dir='ltr'>ρ</span> <span class='ocrx_word' id='word_1_474' title='bbox 1012 2784 1106 2855; x_wconf 90' lang='lat' dir='ltr'><strong><em>prima</em></strong></span> <span class='ocrx_word' id='word_1_475' title='bbox 1128 2783 1279 2855; x_wconf 88' lang='lat' dir='ltr'><strong><em>siquidem.</em></strong></span> <span class='ocrx_word' id='word_1_476' title='bbox 1296 2791 1417 2854; x_wconf 78' lang='lat' dir='ltr'><strong><em>quaeest</em></strong></span> <span class='ocrx_word' id='word_1_477' title='bbox 1438 2783 1473 2838; x_wconf 92' lang='lat' dir='ltr'><strong><em>ad</em></strong></span> <span class='ocrx_word' id='word_1_478' title='bbox 1489 2783 1710 2838; x_wconf 89' lang='lat' dir='ltr'><strong><em>innnocentinm</em></strong></span> <span class='ocrx_word' id='word_1_479' title='bbox 1727 2782 1750 2835; x_wconf 89' lang='lat' dir='ltr'><strong><em>ii</em></strong></span> <span class='ocrx_word' id='word_1_480' title='bbox 1766 2783 1799 2837; x_wconf 87' lang='grc' dir='ltr'><strong><em>Ρ.</em></strong></span> <span class='ocrx_word' id='word_1_481' title='bbox 1814 2780 1857 2837; x_wconf 91' lang='grc' dir='ltr'><strong><em>ιιι</em></strong></span> 
     </span>
     <span class='ocr_line' id='line_1_38' title="bbox 110 2850 1857 2979; baseline 0.002 -76"><span class='ocrx_word' id='word_1_482' title='bbox 110 2852 163 2903; x_wconf 84' lang='lat' dir='ltr'><strong><em>ciri</em></strong></span> <span class='ocrx_word' id='word_1_483' title='bbox 176 2850 365 2923; x_wconf 73' lang='lat' dir='ltr'><strong><em>dmtasina);</em></strong></span> <span class='ocrx_word' id='word_1_484' title='bbox 388 2855 422 2919; x_wconf 82' lang='lat' dir='ltr'><strong><em>ic,</em></strong></span> <span class='ocrx_word' id='word_1_485' title='bbox 439 2858 553 2922; x_wconf 81' lang='lat' dir='ltr'><strong><em>inquam</em></strong></span> <span class='ocrx_word' id='word_1_486' title='bbox 567 2855 722 2909; x_wconf 88' lang='lat' dir='ltr'><strong><em>litterarum</em></strong></span> <span class='ocrx_word' id='word_1_487' title='bbox 744 2853 854 2918; x_wconf 88' lang='lat' dir='ltr'><strong><em>studiis,</em></strong></span> <span class='ocrx_word' id='word_1_488' title='bbox 877 2854 957 2907; x_wconf 88' lang='lat' dir='ltr'><strong><em>aliis·</em></strong></span> <span class='ocrx_word' id='word_1_489' title='bbox 1015 2855 1209 2921; x_wconf 73' lang='lat' dir='ltr'><strong><em>abaelardum,</em></strong></span> <span class='ocrx_word' id='word_1_490' title='bbox 1234 2869 1322 2925; x_wconf 82' lang='lat' dir='ltr'><strong><em>quem</em></strong></span> <span class='ocrx_word' id='word_1_491' title='bbox 1345 2853 1516 2924; x_wconf 88' lang='lat' dir='ltr'><strong><em>magistrum</em></strong></span> <span class='ocrx_word' id='word_1_492' title='bbox 1541 2854 1665 2934; x_wconf 33' lang='lat' dir='ltr'><strong><em>Petrum·</em></strong></span> <span class='ocrx_word' id='word_1_493' title='bbox 1683 2859 1776 2919; x_wconf 85' lang='lat' dir='ltr'><strong><em>vocat,</em></strong></span> <span class='ocrx_word' id='word_1_494' title='bbox 1792 2865 1857 2979; x_wconf 45' lang='lat' dir='ltr'><strong><em>{ra-</em></strong></span> 
     </span>
     <span class='ocr_line' id='line_1_39' title="bbox 111 2922 1853 2995; baseline 0.001 -20"><span class='ocrx_word' id='word_1_495' title='bbox 111 2936 161 2989; x_wconf 73' lang='grc' dir='ltr'><strong><em>ιιι</em></strong></span> <span class='ocrx_word' id='word_1_496' title='bbox 185 2922 297 2989; x_wconf 72' lang='lat' dir='ltr'><strong><em>tuoetds</em></strong></span> <span class='ocrx_word' id='word_1_497' title='bbox 320 2923 354 2977; x_wconf 90' lang='lat' dir='ltr'><strong><em>ab</em></strong></span> <span class='ocrx_word' id='word_1_498' title='bbox 380 2926 491 2979; x_wconf 87' lang='lat' dir='ltr'><strong><em>iruunte</em></strong></span> <span class='ocrx_word' id='word_1_499' title='bbox 513 2929 592 2980; x_wconf 80' lang='lat' dir='ltr'><strong><em>etate</em></strong></span> <span class='ocrx_word' id='word_1_500' title='bbox 609 2924 719 2980; x_wconf 89' lang='lat' dir='ltr'><strong><em>deditus</em></strong></span> <span class='ocrx_word' id='word_1_501' title='bbox 746 2927 814 2993; x_wconf 73' lang='lat' dir='ltr'><strong><em>fuit,</em></strong></span> <span class='ocrx_word' id='word_1_502' title='bbox 841 2923 961 2978; x_wconf 88' lang='lat' dir='ltr'><strong><em>sedtum</em></strong></span> <span class='ocrx_word' id='word_1_503' title='bbox 1014 2934 1112 2982; x_wconf 86' lang='lat' dir='ltr'><strong><em>vatum</em></strong></span> <span class='ocrx_word' id='word_1_504' title='bbox 1127 2924 1546 2995; x_wconf 81' lang='lat' dir='ltr'><strong><em>vexationibnsqucrumdam,</em></strong></span> <span class='ocrx_word' id='word_1_505' title='bbox 1559 2938 1611 2994; x_wconf 84' lang='lat' dir='ltr'><strong><em>qur</em></strong></span> <span class='ocrx_word' id='word_1_506' title='bbox 1625 2923 1782 2979; x_wconf 83' lang='lat' dir='ltr'><strong><em>riitnomen</em></strong></span> <span class='ocrx_word' id='word_1_507' title='bbox 1819 2936 1853 2977; x_wconf 81' lang='lat' dir='ltr'><strong><em>sn-</em></strong></span> 
     </span>
     <span class='ocr_line' id='line_1_40' title="bbox 110 2994 1854 3068; baseline 0.002 -23"><span class='ocrx_word' id='word_1_508' title='bbox 110 3008 258 3060; x_wconf 82' lang='lat' dir='ltr'><strong><em>orropans‚</em></strong></span> <span class='ocrx_word' id='word_1_509' title='bbox 283 3008 384 3063; x_wconf 82' lang='lat' dir='ltr'><strong><em>suoque</em></strong></span> <span class='ocrx_word' id='word_1_510' title='bbox 408 3000 516 3050; x_wconf 86' lang='lat' dir='ltr'><strong><em>tuntum</em></strong></span> <span class='ocrx_word' id='word_1_511' title='bbox 534 2997 644 3063; x_wconf 78' lang='lat' dir='ltr'><strong><em>ingenio</em></strong></span> <span class='ocrx_word' id='word_1_512' title='bbox 665 2995 812 3065; x_wconf 75' lang='lat' dir='ltr'><strong><em>confidem,</em></strong></span> <span class='ocrx_word' id='word_1_513' title='bbox 849 3000 880 3050; x_wconf 87' lang='lat' dir='ltr'><strong><em>ul</em></strong></span> <span class='ocrx_word' id='word_1_514' title='bbox 912 2996 961 3049; x_wconf 81' lang='lat' dir='ltr'><strong><em>cic</em></strong></span> <span class='ocrx_word' id='word_1_515' title='bbox 1015 2997 1108 3062; x_wconf 88' lang='lat' dir='ltr'><strong><em>retici,</em></strong></span> <span class='ocrx_word' id='word_1_516' title='bbox 1135 2997 1211 3068; x_wconf 88' lang='lat' dir='ltr'><strong><em>quad</em></strong></span> <span class='ocrx_word' id='word_1_517' title='bbox 1237 2997 1321 3052; x_wconf 88' lang='lat' dir='ltr'><strong><em>vaide</em></strong></span> <span class='ocrx_word' id='word_1_518' title='bbox 1342 2995 1577 3061; x_wconf 86' lang='lat' dir='ltr'><strong><em>abominabatur,</em></strong></span> <span class='ocrx_word' id='word_1_519' title='bbox 1608 2994 1755 3065; x_wconf 87' lang='lat' dir='ltr'><strong><em>imponere</em></strong></span> <span class='ocrx_word' id='word_1_520' title='bbox 1778 2995 1854 3050; x_wconf 87' lang='lat' dir='ltr'><strong><em>voic-</em></strong></span> 
     </span>
     <span class='ocr_line' id='line_1_41' title="bbox 111 3062 1856 3145; baseline 0.002 -28"><span class='ocrx_word' id='word_1_521' title='bbox 111 3062 148 3117; x_wconf 79' lang='grc' dir='ltr'><strong><em>ιιι</em></strong></span> <span class='ocrx_word' id='word_1_522' title='bbox 166 3063 321 3119; x_wconf 86' lang='lat' dir='ltr'><strong><em>audiendos</em></strong></span> <span class='ocrx_word' id='word_1_523' title='bbox 335 3067 479 3133; x_wconf 72' lang='lat' dir='ltr'><strong><em>manninas</em></strong></span> <span class='ocrx_word' id='word_1_524' title='bbox 494 3066 530 3121; x_wconf 90' lang='lat' dir='ltr'><strong><em>ab</em></strong></span> <span class='ocrx_word' id='word_1_525' title='bbox 551 3066 697 3122; x_wconf 80' lang='lat' dir='ltr'><strong><em>altitudine</em></strong></span> <span class='ocrx_word' id='word_1_526' title='bbox 719 3068 818 3123; x_wconf 84' lang='lat' dir='ltr'><strong><em>mentis</em></strong></span> <span class='ocrx_word' id='word_1_527' title='bbox 831 3081 888 3122; x_wconf 87' lang='lat' dir='ltr'><strong><em>sua</em></strong></span> <span class='ocrx_word' id='word_1_528' title='bbox 912 3066 961 3119; x_wconf 84' lang='lat' dir='ltr'><strong><em>bu·</em></strong></span> <span class='ocrx_word' id='word_1_529' title='bbox 1014 3069 1093 3136; x_wconf 88' lang='lat' dir='ltr'><strong><em>bant,</em></strong></span> <span class='ocrx_word' id='word_1_530' title='bbox 1119 3068 1293 3138; x_wconf 85' lang='lat' dir='ltr'><strong><em>majestatem</em></strong></span> <span class='ocrx_word' id='word_1_531' title='bbox 1319 3065 1504 3145; x_wconf 87' lang='lat' dir='ltr'><strong><em>apostolicam</em></strong></span> <span class='ocrx_word' id='word_1_532' title='bbox 1524 3065 1689 3135; x_wconf 86' lang='lat' dir='ltr'><strong><em>appellasse.</em></strong></span> <span class='ocrx_word' id='word_1_533' title='bbox 1714 3063 1856 3121; x_wconf 73' lang='lat' dir='ltr'><strong><em>abbatem</em></strong></span> 
     </span>
     <span class='ocr_line' id='line_1_42' title="bbox 111 3134 1854 3208; baseline 0.002 -21"><span class='ocrx_word' id='word_1_534' title='bbox 111 3135 240 3189; x_wconf 79' lang='lat' dir='ltr'><strong><em>miliatm</em></strong></span> <span class='ocrx_word' id='word_1_535' title='bbox 262 3135 442 3193; x_wconf 81' lang='lat' dir='ltr'><strong><em>descenderet.</em></strong></span> <span class='ocrx_word' id='word_1_536' title='bbox 467 3137 573 3193; x_wconf 80' lang='lat' dir='ltr'><strong><em>Habuit</em></strong></span> <span class='ocrx_word' id='word_1_537' title='bbox 597 3143 687 3192; x_wconf 77' lang='lat' dir='ltr'><strong><em>tarmen</em></strong></span> <span class='ocrx_word' id='word_1_538' title='bbox 706 3140 798 3208; x_wconf 77' lang='lat' dir='ltr'><strong><em>priano</em></strong></span> <span class='ocrx_word' id='word_1_539' title='bbox 811 3141 957 3207; x_wconf 82' lang='lat' dir='ltr'><strong><em>pracepto-</em></strong></span> <span class='ocrx_word' id='word_1_540' title='bbox 1014 3139 1229 3196; x_wconf 73' lang='lat' dir='ltr'><strong><em>cisterciensem</em></strong></span> <span class='ocrx_word' id='word_1_541' title='bbox 1249 3139 1284 3194; x_wconf 91' lang='lat' dir='ltr'><strong><em>de</em></strong></span> <span class='ocrx_word' id='word_1_542' title='bbox 1308 3151 1376 3207; x_wconf 90' lang='lat' dir='ltr'><strong><em>pace</em></strong></span> <span class='ocrx_word' id='word_1_543' title='bbox 1396 3137 1582 3205; x_wconf 85' lang='lat' dir='ltr'><strong><em>interipsum</em></strong></span> <span class='ocrx_word' id='word_1_544' title='bbox 1603 3143 1631 3191; x_wconf 90' lang='lat' dir='ltr'><strong><em>et</em></strong></span> <span class='ocrx_word' id='word_1_545' title='bbox 1651 3134 1854 3193; x_wconf 80' lang='lat' dir='ltr'><strong><em>claraevallen·</em></strong></span> 
     </span>
     <span class='ocr_line' id='line_1_43' title="bbox 112 3205 1855 3287; baseline 0.002 -30"><span class='ocrx_word' id='word_1_546' title='bbox 112 3220 169 3257; x_wconf 87' lang='lat' dir='ltr'><strong><em>rem</em></strong></span> <span class='ocrx_word' id='word_1_547' title='bbox 185 3205 344 3261; x_wconf 71' lang='lat' dir='ltr'><strong><em>docelinum</em></strong></span> <span class='ocrx_word' id='word_1_548' title='bbox 363 3208 508 3277; x_wconf 75' lang='lat' dir='ltr'><strong><em>rumdam,</em></strong></span> <span class='ocrx_word' id='word_1_549' title='bbox 528 3210 578 3277; x_wconf 79' lang='lat' dir='ltr'><strong><em>qui</em></strong></span> <span class='ocrx_word' id='word_1_550' title='bbox 598 3212 705 3279; x_wconf 83' lang='lat' dir='ltr'><strong><em>primus</em></strong></span> <span class='ocrx_word' id='word_1_551' title='bbox 727 3211 828 3264; x_wconf 87' lang='lat' dir='ltr'><strong><em>nostris</em></strong></span> <span class='ocrx_word' id='word_1_552' title='bbox 856 3213 959 3277; x_wconf 83' lang='lat' dir='ltr'><strong><em>tenrpe·</em></strong></span> <span class='ocrx_word' id='word_1_553' title='bbox 1014 3224 1073 3266; x_wconf 90' lang='lat' dir='ltr'><strong><em>sem</em></strong></span> <span class='ocrx_word' id='word_1_554' title='bbox 1088 3209 1190 3279; x_wconf 87' lang='lat' dir='ltr'><strong><em>egisse,</em></strong></span> <span class='ocrx_word' id='word_1_555' title='bbox 1206 3222 1253 3264; x_wconf 89' lang='lat' dir='ltr'><strong><em>eos</em></strong></span> <span class='ocrx_word' id='word_1_556' title='bbox 1273 3222 1334 3264; x_wconf 88' lang='lat' dir='ltr'><strong><em>esse</em></strong></span> <span class='ocrx_word' id='word_1_557' title='bbox 1359 3206 1515 3286; x_wconf 84' lang='lat' dir='ltr'><strong><em>coiiocutos</em></strong></span> <span class='ocrx_word' id='word_1_558' title='bbox 1537 3206 1651 3263; x_wconf 91' lang='lat' dir='ltr'><strong><em>sancita</em></strong></span> <span class='ocrx_word' id='word_1_559' title='bbox 1673 3220 1723 3287; x_wconf 79' lang='lat' dir='ltr'><strong><em>per</em></strong></span> <span class='ocrx_word' id='word_1_560' title='bbox 1738 3213 1855 3262; x_wconf 89' lang='lat' dir='ltr'><strong><em>mutuos</em></strong></span> 
     </span>
     <span class='ocr_line' id='line_1_44' title="bbox 112 3277 1854 3356; baseline 0.001 -27"><span class='ocrx_word' id='word_1_561' title='bbox 112 3277 190 3329; x_wconf 84' lang='lat' dir='ltr'><strong><em>ribus</em></strong></span> <span class='ocrx_word' id='word_1_562' title='bbox 203 3278 236 3330; x_wconf 90' lang='lat' dir='ltr'><strong><em>in</em></strong></span> <span class='ocrx_word' id='word_1_563' title='bbox 252 3277 339 3346; x_wconf 75' lang='lat' dir='ltr'><strong><em>logico</em></strong></span> <span class='ocrx_word' id='word_1_564' title='bbox 352 3282 514 3335; x_wconf 85' lang='lat' dir='ltr'><strong><em>sententium</em></strong></span> <span class='ocrx_word' id='word_1_565' title='bbox 529 3295 623 3335; x_wconf 88' lang='lat' dir='ltr'><strong><em>cocum</em></strong></span> <span class='ocrx_word' id='word_1_566' title='bbox 645 3282 768 3335; x_wconf 86' lang='lat' dir='ltr'><strong><em>instituit</em></strong></span> <span class='ocrx_word' id='word_1_567' title='bbox 781 3299 792 3335; x_wconf 91' lang='lat'><strong><em>.·</em></strong></span> <span class='ocrx_word' id='word_1_568' title='bbox 805 3286 832 3336; x_wconf 91' lang='lat' dir='ltr'><strong><em>et</em></strong></span> <span class='ocrx_word' id='word_1_569' title='bbox 844 3283 907 3348; x_wconf 82' lang='lat' dir='ltr'><strong><em>post</em></strong></span> <span class='ocrx_word' id='word_1_570' title='bbox 921 3279 958 3333; x_wconf 91' lang='lat' dir='ltr'><strong><em>ad</em></strong></span> <span class='ocrx_word' id='word_1_571' title='bbox 1014 3288 1041 3337; x_wconf 91' lang='lat' dir='ltr'><strong><em>et</em></strong></span> <span class='ocrx_word' id='word_1_572' title='bbox 1050 3279 1192 3336; x_wconf 80' lang='lat' dir='ltr'><strong><em>fraternos</em></strong></span> <span class='ocrx_word' id='word_1_573' title='bbox 1206 3280 1359 3349; x_wconf 85' lang='lat' dir='ltr'><strong><em>ampiexus</em></strong></span> <span class='ocrx_word' id='word_1_574' title='bbox 1374 3278 1511 3346; x_wconf 83' lang='lat' dir='ltr'><strong><em>amicitia,</em></strong></span> <span class='ocrx_word' id='word_1_575' title='bbox 1534 3285 1689 3333; x_wconf 89' lang='lat' dir='ltr'><strong><em>tractatum</em></strong></span> <span class='ocrx_word' id='word_1_576' title='bbox 1710 3283 1784 3333; x_wconf 89' lang='lat' dir='ltr'><strong><em>mter</em></strong></span> <span class='ocrx_word' id='word_1_577' title='bbox 1796 3290 1854 3356; x_wconf 76' lang='lat' dir='ltr'><strong><em>eos,</em></strong></span> 
     </span>
     <span class='ocr_line' id='line_1_45' title="bbox 113 3346 1856 3421; baseline -0.001 -18"><span class='ocrx_word' id='word_1_578' title='bbox 113 3351 291 3418; x_wconf 72' lang='lat' dir='ltr'><strong><em>emaus-imos</em></strong></span> <span class='ocrx_word' id='word_1_579' title='bbox 318 3351 391 3405; x_wconf 89' lang='lat' dir='ltr'><strong><em>ciros</em></strong></span> <span class='ocrx_word' id='word_1_580' title='bbox 416 3350 578 3406; x_wconf 79' lang='lat' dir='ltr'><strong><em>Anselmum</em></strong></span> <span class='ocrx_word' id='word_1_581' title='bbox 598 3351 817 3417; x_wconf 82' lang='lat' dir='ltr'><strong><em>Loetdanensem,</em></strong></span> <span class='ocrx_word' id='word_1_582' title='bbox 838 3349 959 3407; x_wconf 45' lang='lat' dir='ltr'><strong><em>Gattaei*</em></strong></span> <span class='ocrx_word' id='word_1_583' title='bbox 1014 3360 1046 3407; x_wconf 92' lang='lat' dir='ltr'><strong><em>ut</em></strong></span> <span class='ocrx_word' id='word_1_584' title='bbox 1061 3351 1241 3421; x_wconf 88' lang='lat' dir='ltr'><strong><em>postmodum</em></strong></span> <span class='ocrx_word' id='word_1_585' title='bbox 1255 3352 1278 3407; x_wconf 91' lang='lat' dir='ltr'><strong><em>si</em></strong></span> <span class='ocrx_word' id='word_1_586' title='bbox 1304 3364 1369 3421; x_wconf 78' lang='lat' dir='ltr'><strong><em>quar</em></strong></span> <span class='ocrx_word' id='word_1_587' title='bbox 1391 3346 1549 3405; x_wconf 88' lang='lat' dir='ltr'><strong><em>catholicas</em></strong></span> <span class='ocrx_word' id='word_1_588' title='bbox 1567 3348 1665 3405; x_wconf 75' lang='lat' dir='ltr'><strong><em>astreis</em></strong></span> <span class='ocrx_word' id='word_1_589' title='bbox 1683 3346 1856 3403; x_wconf 87' lang='lat' dir='ltr'><strong><em>oliendentta</em></strong></span> 
     </span>
     <span class='ocr_line' id='line_1_46' title="bbox 110 3417 1857 3498; baseline -0.001 -25"><span class='ocrx_word' id='word_1_590' title='bbox 110 3436 183 3473; x_wconf 86' lang='lat' dir='ltr'><strong><em>mum</em></strong></span> <span class='ocrx_word' id='word_1_591' title='bbox 211 3421 417 3488; x_wconf 77' lang='lat' dir='ltr'><strong><em>erempellensem</em></strong></span> <span class='ocrx_word' id='word_1_592' title='bbox 452 3423 599 3479; x_wconf 73' lang='lat' dir='ltr'><strong><em>calamum</em></strong></span> <span class='ocrx_word' id='word_1_593' title='bbox 625 3424 782 3491; x_wconf 80' lang='lat' dir='ltr'><strong><em>episcopum</em></strong></span> <span class='ocrx_word' id='word_1_594' title='bbox 823 3421 956 3488; x_wconf 80' lang='lat' dir='ltr'><strong><em>migrans,</em></strong></span> <span class='ocrx_word' id='word_1_595' title='bbox 1014 3422 1044 3476; x_wconf 91' lang='lat' dir='ltr'><strong><em>in</em></strong></span> <span class='ocrx_word' id='word_1_596' title='bbox 1059 3422 1247 3492; x_wconf 85' lang='lat' dir='ltr'><strong><em>scriptisejus</em></strong></span> <span class='ocrx_word' id='word_1_597' title='bbox 1261 3420 1467 3491; x_wconf 90' lang='lat' dir='ltr'><strong><em>reperirentur,</em></strong></span> <span class='ocrx_word' id='word_1_598' title='bbox 1491 3418 1615 3476; x_wconf 88' lang='lat' dir='ltr'><strong><em>obducta</em></strong></span> <span class='ocrx_word' id='word_1_599' title='bbox 1638 3417 1759 3498; x_wconf 83' lang='lat' dir='ltr'><strong><em>spongia</em></strong></span> <span class='ocrx_word' id='word_1_600' title='bbox 1774 3417 1857 3473; x_wconf 87' lang='lat' dir='ltr'><strong><em>abra·</em></strong></span> 
     </span>
     <span class='ocr_line' id='line_1_47' title="bbox 108 3489 1854 3569; baseline 0.002 -25"><span class='ocrx_word' id='word_1_601' title='bbox 108 3493 286 3561; x_wconf 70' lang='lat' dir='ltr'><strong><em>ipsorumque</em></strong></span> <span class='ocrx_word' id='word_1_602' title='bbox 317 3492 452 3547; x_wconf 77' lang='lat' dir='ltr'><strong><em>anteum</em></strong></span> <span class='ocrx_word' id='word_1_603' title='bbox 473 3492 591 3562; x_wconf 71' lang='lat' dir='ltr'><strong><em>eandm,</em></strong></span> <span class='ocrx_word' id='word_1_604' title='bbox 631 3498 763 3561; x_wconf 84' lang='lat' dir='ltr'><strong><em>tanquam</em></strong></span> <span class='ocrx_word' id='word_1_605' title='bbox 792 3491 958 3547; x_wconf 87' lang='lat' dir='ltr'><strong><em>subtilitatis</em></strong></span> <span class='ocrx_word' id='word_1_606' title='bbox 1013 3492 1160 3548; x_wconf 82' lang='lat' dir='ltr'><strong><em>derantur.</em></strong></span> <span class='ocrx_word' id='word_1_607' title='bbox 1179 3492 1260 3557; x_wconf 84' lang='lat' dir='ltr'><strong><em>Quod</em></strong></span> <span class='ocrx_word' id='word_1_608' title='bbox 1275 3500 1317 3549; x_wconf 91' lang='lat' dir='ltr'><strong><em>est</em></strong></span> <span class='ocrx_word' id='word_1_609' title='bbox 1337 3491 1454 3547; x_wconf 89' lang='lat' dir='ltr'><strong><em>lactum.</em></strong></span> <span class='ocrx_word' id='word_1_610' title='bbox 1471 3490 1592 3561; x_wconf 84' lang='lat' dir='ltr'><strong><em>Ipseque</em></strong></span> <span class='ocrx_word' id='word_1_611' title='bbox 1607 3496 1744 3569; x_wconf 76' lang='lat' dir='ltr'><strong><em>magister</em></strong></span> <span class='ocrx_word' id='word_1_612' title='bbox 1765 3489 1854 3547; x_wconf 79' lang='lat' dir='ltr'><strong><em>aneo</em></strong></span> 
     </span>
     <span class='ocr_line' id='line_1_48' title="bbox 108 3558 1856 3640; baseline 0.001 -25"><span class='ocrx_word' id='word_1_613' title='bbox 108 3564 235 3616; x_wconf 76' lang='lat' dir='ltr'><strong><em>ommino</em></strong></span> <span class='ocrx_word' id='word_1_614' title='bbox 270 3578 385 3617; x_wconf 82' lang='lat' dir='ltr'><strong><em>vacuum</em></strong></span> <span class='ocrx_word' id='word_1_615' title='bbox 407 3563 550 3633; x_wconf 84' lang='lat' dir='ltr'><strong><em>judicans,</em></strong></span> <span class='ocrx_word' id='word_1_616' title='bbox 570 3580 624 3619; x_wconf 77' lang='lat' dir='ltr'><strong><em>raon</em></strong></span> <span class='ocrx_word' id='word_1_617' title='bbox 648 3563 699 3617; x_wconf 88' lang='lat' dir='ltr'><strong><em>diu</em></strong></span> <span class='ocrx_word' id='word_1_618' title='bbox 724 3563 868 3617; x_wconf 88' lang='lat' dir='ltr'><strong><em>sustinuit.</em></strong></span> <span class='ocrx_word' id='word_1_619' title='bbox 890 3563 958 3618; x_wconf 91' lang='lat' dir='ltr'><strong><em>inde</em></strong></span> <span class='ocrx_word' id='word_1_620' title='bbox 1013 3562 1180 3631; x_wconf 83' lang='lat' dir='ltr'><strong><em>inspiratus,</em></strong></span> <span class='ocrx_word' id='word_1_621' title='bbox 1207 3562 1313 3619; x_wconf 90' lang='lat' dir='ltr'><strong><em>relictis</em></strong></span> <span class='ocrx_word' id='word_1_622' title='bbox 1335 3562 1499 3618; x_wconf 85' lang='lat' dir='ltr'><strong><em>scholarum</em></strong></span> <span class='ocrx_word' id='word_1_623' title='bbox 1517 3561 1700 3627; x_wconf 84' lang='lat' dir='ltr'><strong><em>turnnittbus,</em></strong></span> <span class='ocrx_word' id='word_1_624' title='bbox 1727 3573 1760 3640; x_wconf 87' lang='lat' dir='ltr'><strong><em>tn</em></strong></span> <span class='ocrx_word' id='word_1_625' title='bbox 1781 3558 1856 3617; x_wconf 83' lang='lat' dir='ltr'><strong><em>Ciu-</em></strong></span> 
     </span>
     <span class='ocr_line' id='line_1_49' title="bbox 108 3630 1856 3703; baseline -0.001 -16"><span class='ocrx_word' id='word_1_626' title='bbox 108 3635 273 3698; x_wconf 79' lang='lat' dir='ltr'><strong><em>rnapistrunr</em></strong></span> <span class='ocrx_word' id='word_1_627' title='bbox 302 3634 416 3689; x_wconf 86' lang='lat' dir='ltr'><strong><em>induens</em></strong></span> <span class='ocrx_word' id='word_1_628' title='bbox 445 3634 600 3690; x_wconf 74' lang='lat' dir='ltr'><strong><em>Pbanist&#39;os</em></strong></span> <span class='ocrx_word' id='word_1_629' title='bbox 628 3636 713 3699; x_wconf 81' lang='lat' dir='ltr'><strong><em>venit,</em></strong></span> <span class='ocrx_word' id='word_1_630' title='bbox 751 3634 903 3703; x_wconf 86' lang='lat' dir='ltr'><strong><em>plurimum</em></strong></span> <span class='ocrx_word' id='word_1_631' title='bbox 926 3636 958 3687; x_wconf 90' lang='lat' dir='ltr'><strong><em>in</em></strong></span> <span class='ocrx_word' id='word_1_632' title='bbox 1012 3638 1094 3689; x_wconf 88' lang='lat' dir='ltr'><strong><em>niaco</em></strong></span> <span class='ocrx_word' id='word_1_633' title='bbox 1119 3642 1286 3703; x_wconf 86' lang='lat' dir='ltr'><strong><em>perpetuam</em></strong></span> <span class='ocrx_word' id='word_1_634' title='bbox 1303 3634 1482 3689; x_wconf 81' lang='lat' dir='ltr'><strong><em>triansioneur</em></strong></span> <span class='ocrx_word' id='word_1_635' title='bbox 1498 3631 1553 3688; x_wconf 88' lang='lat' dir='ltr'><strong><em>sibi</em></strong></span> <span class='ocrx_word' id='word_1_636' title='bbox 1572 3638 1673 3702; x_wconf 87' lang='lat' dir='ltr'><strong><em>sponte</em></strong></span> <span class='ocrx_word' id='word_1_637' title='bbox 1687 3631 1784 3701; x_wconf 87' lang='lat' dir='ltr'><strong><em>eiegtt.</em></strong></span> <span class='ocrx_word' id='word_1_638' title='bbox 1802 3630 1856 3686; x_wconf 80' lang='lat' dir='ltr'><strong><em>Rc</em></strong></span> 
     </span>
     <span class='ocr_line' id='line_1_50' title="bbox 109 3700 1856 3830; baseline -0.002 -71"><span class='ocrx_word' id='word_1_639' title='bbox 109 3707 297 3759; x_wconf 76' lang='lat' dir='ltr'><strong><em>inventionum</em></strong></span> <span class='ocrx_word' id='word_1_640' title='bbox 320 3705 472 3761; x_wconf 84' lang='lat' dir='ltr'><strong><em>subtilitate</em></strong></span> <span class='ocrx_word' id='word_1_641' title='bbox 496 3721 551 3760; x_wconf 90' lang='lat' dir='ltr'><strong><em>non</em></strong></span> <span class='ocrx_word' id='word_1_642' title='bbox 571 3706 659 3762; x_wconf 90' lang='lat' dir='ltr'><strong><em>solum</em></strong></span> <span class='ocrx_word' id='word_1_643' title='bbox 686 3705 724 3758; x_wconf 91' lang='lat' dir='ltr'><strong><em>ad</em></strong></span> <span class='ocrx_word' id='word_1_644' title='bbox 747 3705 889 3775; x_wconf 74' lang='lat' dir='ltr'><strong><em>filosofiom</em></strong></span> <span class='ocrx_word' id='word_1_645' title='bbox 913 3720 958 3758; x_wconf 89' lang='lat' dir='ltr'><strong><em>ne·</em></strong></span> <span class='ocrx_word' id='word_1_646' title='bbox 1011 3712 1061 3830; x_wconf 54' lang='lat' dir='ltr'><strong><em>gat</em></strong></span> <span class='ocrx_word' id='word_1_647' title='bbox 1087 3705 1184 3774; x_wconf 84' lang='lat' dir='ltr'><strong><em>itaque</em></strong></span> <span class='ocrx_word' id='word_1_648' title='bbox 1208 3710 1264 3759; x_wconf 91' lang='lat' dir='ltr'><strong><em>tarn</em></strong></span> <span class='ocrx_word' id='word_1_649' title='bbox 1299 3719 1334 3760; x_wconf 88' lang='lat' dir='ltr'><strong><em>ert</em></strong></span> <span class='ocrx_word' id='word_1_650' title='bbox 1361 3713 1440 3774; x_wconf 86' lang='lat' dir='ltr'><strong><em>parte</em></strong></span> <span class='ocrx_word' id='word_1_651' title='bbox 1465 3703 1542 3783; x_wconf 80' lang='lat' dir='ltr'><strong><em>Petri</em></strong></span> <span class='ocrx_word' id='word_1_652' title='bbox 1567 3711 1595 3759; x_wconf 88' lang='lat' dir='ltr'><strong><em>ct</em></strong></span> <span class='ocrx_word' id='word_1_653' title='bbox 1620 3700 1856 3782; x_wconf 73' lang='lat' dir='ltr'><strong><em>cluniacensium</em></strong></span> 
     </span>
     <span class='ocr_line' id='line_1_51' title="bbox 107 3773 1855 3845; baseline -0.002 -14"><span class='ocrx_word' id='word_1_654' title='bbox 107 3778 301 3839; x_wconf 75' lang='lat' dir='ltr'><strong><em>suasoriarum,</em></strong></span> <span class='ocrx_word' id='word_1_655' title='bbox 316 3776 364 3830; x_wconf 87' lang='lat' dir='ltr'><strong><em>sed</em></strong></span> <span class='ocrx_word' id='word_1_656' title='bbox 378 3782 468 3845; x_wconf 82' lang='lat' dir='ltr'><strong><em>etpro</em></strong></span> <span class='ocrx_word' id='word_1_657' title='bbox 490 3777 686 3831; x_wconf 83' lang='lat' dir='ltr'><strong><em>commonendis</em></strong></span> <span class='ocrx_word' id='word_1_658' title='bbox 700 3775 738 3829; x_wconf 89' lang='lat' dir='ltr'><strong><em>ad</em></strong></span> <span class='ocrx_word' id='word_1_659' title='bbox 759 3776 833 3843; x_wconf 73' lang='lat' dir='ltr'><strong><em>iocos</em></strong></span> <span class='ocrx_word' id='word_1_660' title='bbox 857 3777 956 3830; x_wconf 89' lang='lat' dir='ltr'><strong><em>animis</em></strong></span> <span class='ocrx_word' id='word_1_661' title='bbox 1024 3781 1145 3841; x_wconf 82' lang='lat' dir='ltr'><strong><em>rutrum,</em></strong></span> <span class='ocrx_word' id='word_1_662' title='bbox 1170 3789 1259 3844; x_wconf 87' lang='lat' dir='ltr'><strong><em>quam</em></strong></span> <span class='ocrx_word' id='word_1_663' title='bbox 1285 3788 1322 3831; x_wconf 83' lang='lat' dir='ltr'><strong><em>ex</em></strong></span> <span class='ocrx_word' id='word_1_664' title='bbox 1345 3789 1409 3840; x_wconf 85' lang='lat' dir='ltr'><strong><em>sua,</em></strong></span> <span class='ocrx_word' id='word_1_665' title='bbox 1432 3781 1464 3830; x_wconf 92' lang='grc' dir='ltr'><strong><em>ιιι</em></strong></span> <span class='ocrx_word' id='word_1_666' title='bbox 1479 3774 1606 3843; x_wconf 80' lang='lat' dir='ltr'><strong><em>reliquos</em></strong></span> <span class='ocrx_word' id='word_1_667' title='bbox 1632 3773 1692 3829; x_wconf 77' lang='lat' dir='ltr'><strong><em>dies</em></strong></span> <span class='ocrx_word' id='word_1_668' title='bbox 1722 3779 1855 3829; x_wconf 86' lang='lat' dir='ltr'><strong><em>senectu-</em></strong></span> 
     </span>
     <span class='ocr_line' id='line_1_52' title="bbox 107 3843 1855 3911; baseline -0.002 -9"><span class='ocrx_word' id='word_1_669' title='bbox 107 3848 249 3902; x_wconf 83' lang='lat' dir='ltr'><strong><em>bominum</em></strong></span> <span class='ocrx_word' id='word_1_670' title='bbox 263 3847 372 3902; x_wconf 87' lang='lat' dir='ltr'><strong><em>utilium</em></strong></span> <span class='ocrx_word' id='word_1_671' title='bbox 385 3849 492 3902; x_wconf 87' lang='lat' dir='ltr'><strong><em>ualens.</em></strong></span> <span class='ocrx_word' id='word_1_672' title='bbox 510 3847 562 3903; x_wconf 86' lang='lat' dir='ltr'><strong><em>ilbi</em></strong></span> <span class='ocrx_word' id='word_1_673' title='bbox 585 3849 724 3903; x_wconf 81' lang='lat' dir='ltr'><strong><em>occasione</em></strong></span> <span class='ocrx_word' id='word_1_674' title='bbox 746 3845 866 3911; x_wconf 78' lang='lat' dir='ltr'><strong><em>quadarn</em></strong></span> <span class='ocrx_word' id='word_1_675' title='bbox 886 3849 956 3901; x_wconf 87' lang='lat' dir='ltr'><strong><em>satis</em></strong></span> <span class='ocrx_word' id='word_1_676' title='bbox 1013 3845 1048 3900; x_wconf 92' lang='grc' dir='ltr'><strong><em>ιιι</em></strong></span> <span class='ocrx_word' id='word_1_677' title='bbox 1062 3859 1121 3901; x_wconf 74' lang='lat' dir='ltr'><strong><em>sure</em></strong></span> <span class='ocrx_word' id='word_1_678' title='bbox 1131 3845 1214 3901; x_wconf 88' lang='lat' dir='ltr'><strong><em>liceat</em></strong></span> <span class='ocrx_word' id='word_1_679' title='bbox 1226 3843 1266 3901; x_wconf 92' lang='lat' dir='ltr'><strong><em>iiii</em></strong></span> <span class='ocrx_word' id='word_1_680' title='bbox 1276 3845 1305 3901; x_wconf 93' lang='lat' dir='ltr'><strong><em>in</em></strong></span> <span class='ocrx_word' id='word_1_681' title='bbox 1317 3844 1454 3902; x_wconf 82' lang='lat' dir='ltr'><strong><em>cluniaco</em></strong></span> <span class='ocrx_word' id='word_1_682' title='bbox 1466 3856 1677 3910; x_wconf 89' lang='lat' dir='ltr'><strong><em>consummare,</em></strong></span> <span class='ocrx_word' id='word_1_683' title='bbox 1690 3851 1717 3899; x_wconf 89' lang='lat' dir='ltr'><strong><em>et</em></strong></span> <span class='ocrx_word' id='word_1_684' title='bbox 1731 3850 1765 3899; x_wconf 90' lang='grc' dir='ltr'><strong><em>ιιι</em></strong></span> <span class='ocrx_word' id='word_1_685' title='bbox 1774 3849 1855 3899; x_wconf 85' lang='lat' dir='ltr'><strong><em>scuto</em></strong></span> 
     </span>
     <span class='ocr_line' id='line_1_53' title="bbox 107 3916 1835 3992; baseline -0.001 -20"><span class='ocrx_word' id='word_1_686' title='bbox 107 3926 174 3972; x_wconf 89' lang='lat' dir='ltr'><strong><em>noto</em></strong></span> <span class='ocrx_word' id='word_1_687' title='bbox 196 3933 253 3972; x_wconf 90' lang='lat' dir='ltr'><strong><em>non</em></strong></span> <span class='ocrx_word' id='word_1_688' title='bbox 271 3917 334 3973; x_wconf 87' lang='lat' dir='ltr'><strong><em>bene</em></strong></span> <span class='ocrx_word' id='word_1_689' title='bbox 352 3924 488 3973; x_wconf 86' lang='lat' dir='ltr'><strong><em>tractatus</em></strong></span> <span class='ocrx_word' id='word_1_690' title='bbox 517 3918 663 3973; x_wconf 86' lang='lat' dir='ltr'><strong><em>monocbus</em></strong></span> <span class='ocrx_word' id='word_1_691' title='bbox 685 3921 715 3971; x_wconf 89' lang='lat' dir='ltr'><strong><em>in</em></strong></span> <span class='ocrx_word' id='word_1_692' title='bbox 730 3918 894 3971; x_wconf 85' lang='lat' dir='ltr'><strong><em>monasterio</em></strong></span> <span class='ocrx_word' id='word_1_693' title='bbox 925 3918 953 3972; x_wconf 83' lang='lat' dir='ltr'><strong><em>s.</em></strong></span> <span class='ocrx_word' id='word_1_694' title='bbox 1011 3916 1359 3985; x_wconf 82' lang='lat' dir='ltr'><strong><em>apostolicaedeiensionis</em></strong></span> <span class='ocrx_word' id='word_1_695' title='bbox 1374 3921 1551 3984; x_wconf 87' lang='lat' dir='ltr'><strong><em>protegatur.</em></strong></span> <span class='ocrx_word' id='word_1_696' title='bbox 1829 3980 1835 3992; x_wconf 28' lang='lat'><strong>³</strong></span> 
     </span>
     <span class='ocr_line' id='line_1_54' title="bbox 105 3982 1856 4063; baseline -0.005 -19"><span class='ocrx_word' id='word_1_697' title='bbox 105 3991 234 4057; x_wconf 79' lang='lat' dir='ltr'><strong><em>Dionysii</em></strong></span> <span class='ocrx_word' id='word_1_698' title='bbox 251 3988 360 4057; x_wconf 71' lang='lat' dir='ltr'><strong><em>effectus</em></strong></span> <span class='ocrx_word' id='word_1_699' title='bbox 375 3992 425 4044; x_wconf 86' lang='lat' dir='ltr'><strong><em>esi.</em></strong></span> <span class='ocrx_word' id='word_1_700' title='bbox 442 3989 485 4043; x_wconf 88' lang='lat' dir='ltr'><strong><em>ibi</em></strong></span> <span class='ocrx_word' id='word_1_701' title='bbox 509 3988 558 4043; x_wconf 90' lang='lat' dir='ltr'><strong><em>diu</em></strong></span> <span class='ocrx_word' id='word_1_702' title='bbox 572 3997 707 4058; x_wconf 82' lang='lat' dir='ltr'><strong><em>noctuque</em></strong></span> <span class='ocrx_word' id='word_1_703' title='bbox 723 3988 829 4042; x_wconf 88' lang='lat' dir='ltr'><strong><em>lectioni</em></strong></span> <span class='ocrx_word' id='word_1_704' title='bbox 850 4003 881 4042; x_wconf 89' lang='lat' dir='ltr'><strong><em>oc</em></strong></span> <span class='ocrx_word' id='word_1_705' title='bbox 899 4003 955 4042; x_wconf 81' lang='lat' dir='ltr'><strong><em>rate·</em></strong></span> <span class='ocrx_word' id='word_1_706' title='bbox 1047 3987 1146 4042; x_wconf 81' lang='lat' dir='ltr'><strong><em>Altera</em></strong></span> <span class='ocrx_word' id='word_1_707' title='bbox 1168 3986 1288 4056; x_wconf 87' lang='lat' dir='ltr'><strong><em>epistola</em></strong></span> <span class='ocrx_word' id='word_1_708' title='bbox 1311 3987 1346 4041; x_wconf 89' lang='lat' dir='ltr'><strong><em>ad</em></strong></span> <span class='ocrx_word' id='word_1_709' title='bbox 1375 3986 1532 4041; x_wconf 88' lang='lat' dir='ltr'><strong><em>Heluissam</em></strong></span> <span class='ocrx_word' id='word_1_710' title='bbox 1553 3982 1644 4063; x_wconf 81' lang='lat' dir='ltr'><strong><em>abhas</em></strong></span> <span class='ocrx_word' id='word_1_711' title='bbox 1666 3982 1697 4036; x_wconf 92' lang='lat' dir='ltr'><strong><em>in</em></strong></span> <span class='ocrx_word' id='word_1_712' title='bbox 1725 3995 1856 4063; x_wconf 70' lang='lat' dir='ltr'><strong><em>encomio</em></strong></span> 
     </span>
     <span class='ocr_line' id='line_1_55' title="bbox 107 4052 1856 4136; baseline -0.003 -22"><span class='ocrx_word' id='word_1_713' title='bbox 107 4060 238 4114; x_wconf 80' lang='lat' dir='ltr'><strong><em>dilationi</em></strong></span> <span class='ocrx_word' id='word_1_714' title='bbox 252 4060 394 4129; x_wconf 78' lang='lat' dir='ltr'><strong><em>incubans,</em></strong></span> <span class='ocrx_word' id='word_1_715' title='bbox 409 4060 443 4114; x_wconf 89' lang='lat' dir='ltr'><strong><em>de</em></strong></span> <span class='ocrx_word' id='word_1_716' title='bbox 457 4062 666 4128; x_wconf 87' lang='lat' dir='ltr'><strong><em>oeutoaeutior,</em></strong></span> <span class='ocrx_word' id='word_1_717' title='bbox 693 4059 725 4113; x_wconf 88' lang='lat' dir='ltr'><strong><em>de</em></strong></span> <span class='ocrx_word' id='word_1_718' title='bbox 748 4060 868 4113; x_wconf 90' lang='lat' dir='ltr'><strong><em>litterato</em></strong></span> <span class='ocrx_word' id='word_1_719' title='bbox 892 4060 954 4126; x_wconf 77' lang='grc' dir='ltr'>ιιι·</span> <span class='ocrx_word' id='word_1_720' title='bbox 1011 4058 1229 4128; x_wconf 77' lang='lat' dir='ltr'><strong><em>sapientissimae</em></strong></span> <span class='ocrx_word' id='word_1_721' title='bbox 1254 4056 1422 4115; x_wconf 78' lang='lat' dir='ltr'><strong><em>diaconissa</em></strong></span> <span class='ocrx_word' id='word_1_722' title='bbox 1447 4055 1560 4136; x_wconf 83' lang='lat' dir='ltr'><strong><em>aliquot</em></strong></span> <span class='ocrx_word' id='word_1_723' title='bbox 1579 4052 1856 4135; x_wconf 74' lang='lat' dir='ltr'><strong><em>paginasebsumrt,</em></strong></span> 
     </span>
     <span class='ocr_line' id='line_1_56' title="bbox 106 4128 1856 4205; baseline -0.006 -17"><span class='ocrx_word' id='word_1_724' title='bbox 106 4134 180 4188; x_wconf 88' lang='lat' dir='ltr'><strong><em>citur</em></strong></span> <span class='ocrx_word' id='word_1_725' title='bbox 204 4132 364 4186; x_wconf 84' lang='lat' dir='ltr'><strong><em>literatior:</em></strong></span> <span class='ocrx_word' id='word_1_726' title='bbox 391 4133 530 4185; x_wconf 86' lang='lat' dir='ltr'><strong><em>intantum</em></strong></span> <span class='ocrx_word' id='word_1_727' title='bbox 545 4135 576 4185; x_wconf 91' lang='lat' dir='ltr'><strong><em>ut</em></strong></span> <span class='ocrx_word' id='word_1_728' title='bbox 589 4135 651 4199; x_wconf 85' lang='lat' dir='ltr'><strong><em>post</em></strong></span> <span class='ocrx_word' id='word_1_729' title='bbox 673 4128 786 4198; x_wconf 83' lang='lat' dir='ltr'><strong><em>aliquod</em></strong></span> <span class='ocrx_word' id='word_1_730' title='bbox 800 4134 904 4198; x_wconf 67' lang='lat' dir='ltr'><strong><em>empus</em></strong></span> <span class='ocrx_word' id='word_1_731' title='bbox 920 4128 954 4182; x_wconf 89' lang='lat' dir='ltr'><strong><em>ab</em></strong></span> <span class='ocrx_word' id='word_1_732' title='bbox 1010 4140 1037 4184; x_wconf 88' lang='lat' dir='ltr'><strong><em>et</em></strong></span> <span class='ocrx_word' id='word_1_733' title='bbox 1059 4130 1089 4184; x_wconf 94' lang='lat' dir='ltr'><strong><em>in</em></strong></span> <span class='ocrx_word' id='word_1_734' title='bbox 1110 4128 1326 4186; x_wconf 88' lang='lat' dir='ltr'><strong><em>enumeratione</em></strong></span> <span class='ocrx_word' id='word_1_735' title='bbox 1344 4129 1408 4197; x_wconf 83' lang='lat' dir='ltr'><strong><em>ejus</em></strong></span> <span class='ocrx_word' id='word_1_736' title='bbox 1433 4134 1579 4183; x_wconf 82' lang='lat' dir='ltr'><strong><em>virtutum</em></strong></span> <span class='ocrx_word' id='word_1_737' title='bbox 1601 4138 1776 4205; x_wconf 79' lang='lat' dir='ltr'><strong><em>insignium,</em></strong></span> <span class='ocrx_word' id='word_1_738' title='bbox 1804 4136 1856 4178; x_wconf 90' lang='lat' dir='ltr'><strong><em>rm-</em></strong></span> 
     </span>
     <span class='ocr_line' id='line_1_57' title="bbox 106 4192 1857 4276; baseline -0.004 -20"><span class='ocrx_word' id='word_1_739' title='bbox 106 4202 262 4259; x_wconf 85' lang='lat' dir='ltr'><strong><em>abedientia</em></strong></span> <span class='ocrx_word' id='word_1_740' title='bbox 276 4202 382 4256; x_wconf 83' lang='lat' dir='ltr'><strong><em>abbatis</em></strong></span> <span class='ocrx_word' id='word_1_741' title='bbox 409 4204 454 4256; x_wconf 91' lang='lat' dir='ltr'><strong><em>sui</em></strong></span> <span class='ocrx_word' id='word_1_742' title='bbox 478 4201 584 4256; x_wconf 88' lang='lat' dir='ltr'><strong><em>solutus</em></strong></span> <span class='ocrx_word' id='word_1_743' title='bbox 601 4201 639 4255; x_wconf 90' lang='lat' dir='ltr'><strong><em>ad</em></strong></span> <span class='ocrx_word' id='word_1_744' title='bbox 665 4202 804 4270; x_wconf 86' lang='lat' dir='ltr'><strong><em>publicum</em></strong></span> <span class='ocrx_word' id='word_1_745' title='bbox 818 4200 952 4267; x_wconf 78' lang='lat' dir='ltr'><strong><em>prodiret,</em></strong></span> <span class='ocrx_word' id='word_1_746' title='bbox 1011 4207 1199 4271; x_wconf 84' lang='lat' dir='ltr'><strong><em>mereturque</em></strong></span> <span class='ocrx_word' id='word_1_747' title='bbox 1220 4200 1250 4255; x_wconf 94' lang='lat' dir='ltr'><strong><em>in</em></strong></span> <span class='ocrx_word' id='word_1_748' title='bbox 1273 4197 1465 4268; x_wconf 80' lang='lat' dir='ltr'><strong><em>explicatione</em></strong></span> <span class='ocrx_word' id='word_1_749' title='bbox 1483 4197 1594 4267; x_wconf 82' lang='lat' dir='ltr'><strong><em>aliquot</em></strong></span> <span class='ocrx_word' id='word_1_750' title='bbox 1617 4208 1725 4276; x_wconf 33' lang='lat' dir='ltr'><strong><em>vocum·</em></strong></span> <span class='ocrx_word' id='word_1_751' title='bbox 1746 4192 1857 4275; x_wconf 80' lang='lat' dir='ltr'><strong><em>lingna</em></strong></span> 
     </span>
     <span class='ocr_line' id='line_1_58' title="bbox 106 4253 1857 4352; baseline -0.004 -26"><span class='ocrx_word' id='word_1_752' title='bbox 106 4272 277 4342; x_wconf 73' lang='lat' dir='ltr'><strong><em>docendique</em></strong></span> <span class='ocrx_word' id='word_1_753' title='bbox 286 4289 382 4328; x_wconf 81' lang='lat' dir='ltr'><strong><em>rursm</em></strong></span> <span class='ocrx_word' id='word_1_754' title='bbox 397 4274 519 4341; x_wconf 69' lang='lat' dir='ltr'><strong><em>officium</em></strong></span> <span class='ocrx_word' id='word_1_755' title='bbox 532 4277 692 4327; x_wconf 87' lang='lat' dir='ltr'><strong><em>assumeret.</em></strong></span> <span class='ocrx_word' id='word_1_756' title='bbox 710 4272 877 4327; x_wconf 87' lang='lat' dir='ltr'><strong><em>Sententiam</em></strong></span> <span class='ocrx_word' id='word_1_757' title='bbox 891 4286 955 4338; x_wconf 77' lang='lat' dir='ltr'><strong><em>erno</em></strong></span> <span class='ocrx_word' id='word_1_758' title='bbox 972 4253 993 4308; x_wconf 72' lang='grc' dir='ltr'>ὓ</span> <span class='ocrx_word' id='word_1_759' title='bbox 1010 4277 1124 4338; x_wconf 82' lang='lat' dir='ltr'><strong><em>sanctae,</em></strong></span> <span class='ocrx_word' id='word_1_760' title='bbox 1144 4285 1235 4341; x_wconf 75' lang='lat' dir='ltr'><strong><em>quarm</em></strong></span> <span class='ocrx_word' id='word_1_761' title='bbox 1257 4279 1290 4350; x_wconf 77' lang='lat' dir='ltr'><strong><em>ut</em></strong></span> <span class='ocrx_word' id='word_1_762' title='bbox 1313 4269 1439 4326; x_wconf 77' lang='lat' dir='ltr'><strong><em>Graecam</em></strong></span> <span class='ocrx_word' id='word_1_763' title='bbox 1459 4277 1487 4324; x_wconf 90' lang='lat' dir='ltr'><strong><em>et</em></strong></span> <span class='ocrx_word' id='word_1_764' title='bbox 1502 4269 1662 4352; x_wconf 73' lang='lat' dir='ltr'><strong><em>iirtmanam</em></strong></span> <span class='ocrx_word' id='word_1_765' title='bbox 1686 4265 1727 4322; x_wconf 90' lang='lat' dir='ltr'><strong><em>riir</em></strong></span> <span class='ocrx_word' id='word_1_766' title='bbox 1742 4264 1857 4347; x_wconf 75' lang='lat' dir='ltr'><strong><em>icmrnae</em></strong></span> 
     </span>
     <span class='ocr_line' id='line_1_59' title="bbox 105 4337 1856 4408; baseline -0.001 -15"><span class='ocrx_word' id='word_1_767' title='bbox 105 4357 202 4399; x_wconf 75' lang='lat' dir='ltr'><strong><em>emunt</em></strong></span> <span class='ocrx_word' id='word_1_768' title='bbox 219 4359 268 4399; x_wconf 87' lang='lat' dir='ltr'><strong><em>seu</em></strong></span> <span class='ocrx_word' id='word_1_769' title='bbox 288 4347 428 4398; x_wconf 87' lang='lat' dir='ltr'><strong><em>nominum</em></strong></span> <span class='ocrx_word' id='word_1_770' title='bbox 449 4346 479 4397; x_wconf 88' lang='lat' dir='ltr'><strong><em>in</em></strong></span> <span class='ocrx_word' id='word_1_771' title='bbox 493 4343 615 4397; x_wconf 78' lang='lat' dir='ltr'><strong><em>staturati</em></strong></span> <span class='ocrx_word' id='word_1_772' title='bbox 630 4348 720 4397; x_wconf 90' lang='lat' dir='ltr'><strong><em>tenens</em></strong></span> <span class='ocrx_word' id='word_1_773' title='bbox 735 4342 877 4408; x_wconf 71' lang='lat' dir='ltr'><strong><em>facultate,</em></strong></span> <span class='ocrx_word' id='word_1_774' title='bbox 901 4357 955 4396; x_wconf 90' lang='lat' dir='ltr'><strong><em>non</em></strong></span> <span class='ocrx_word' id='word_1_775' title='bbox 1033 4341 1158 4398; x_wconf 82' lang='lat' dir='ltr'><strong><em>rimarire</em></strong></span> <span class='ocrx_word' id='word_1_776' title='bbox 1170 4342 1334 4396; x_wconf 82' lang='lat' dir='ltr'><strong><em>notissimas</em></strong></span> <span class='ocrx_word' id='word_1_777' title='bbox 1347 4354 1408 4396; x_wconf 89' lang='lat' dir='ltr'><strong><em>esse</em></strong></span> <span class='ocrx_word' id='word_1_778' title='bbox 1425 4352 1482 4393; x_wconf 93' lang='lat' dir='ltr'><strong><em>non</em></strong></span> <span class='ocrx_word' id='word_1_779' title='bbox 1499 4338 1657 4402; x_wconf 74' lang='grc' dir='ltr'>ιιιιιιιιιιιις</span> <span class='ocrx_word' id='word_1_780' title='bbox 1673 4337 1721 4392; x_wconf 81' lang='grc' dir='ltr'><strong><em>ιιι</em></strong></span> <span class='ocrx_word' id='word_1_781' title='bbox 1742 4350 1782 4393; x_wconf 85' lang='grc' dir='ltr'><strong><em>ιιι</em></strong></span> <span class='ocrx_word' id='word_1_782' title='bbox 1791 4349 1856 4393; x_wconf 88' lang='lat' dir='ltr'><strong><em>eam</em></strong></span> 
     </span>
     <span class='ocr_line' id='line_1_60' title="bbox 106 4355 1856 4488; baseline -0.003 -21"><span class='ocrx_word' id='word_1_783' title='bbox 106 4421 186 4468; x_wconf 84' lang='lat' dir='ltr'><strong><em>caute</em></strong></span> <span class='ocrx_word' id='word_1_784' title='bbox 200 4415 338 4482; x_wconf 76' lang='lat' dir='ltr'><strong><em>tuscania</em></strong></span> <span class='ocrx_word' id='word_1_785' title='bbox 363 4413 519 4469; x_wconf 82' lang='lat' dir='ltr'><strong><em>admiscuit.</em></strong></span> <span class='ocrx_word' id='word_1_786' title='bbox 541 4413 678 4479; x_wconf 77' lang='lat' dir='ltr'><strong><em>Quarede</em></strong></span> <span class='ocrx_word' id='word_1_787' title='bbox 699 4416 795 4467; x_wconf 89' lang='lat' dir='ltr'><strong><em>saneta</em></strong></span> <span class='ocrx_word' id='word_1_788' title='bbox 821 4413 956 4467; x_wconf 73' lang='lat' dir='ltr'><strong><em>trinitate</em></strong></span> <span class='ocrx_word' id='word_1_789' title='bbox 1010 4355 1122 4478; x_wconf 65' lang='lat' dir='ltr'><strong><em>faedat,</em></strong></span> <span class='ocrx_word' id='word_1_790' title='bbox 1139 4420 1171 4467; x_wconf 89' lang='grc' dir='ltr'><strong><em>ιιι</em></strong></span> <span class='ocrx_word' id='word_1_791' title='bbox 1195 4412 1279 4468; x_wconf 90' lang='lat' dir='ltr'><strong><em>iaciie</em></strong></span> <span class='ocrx_word' id='word_1_792' title='bbox 1304 4410 1404 4481; x_wconf 85' lang='lat' dir='ltr'><strong><em>quivis</em></strong></span> <span class='ocrx_word' id='word_1_793' title='bbox 1419 4409 1580 4479; x_wconf 89' lang='lat' dir='ltr'><strong><em>prospicere</em></strong></span> <span class='ocrx_word' id='word_1_794' title='bbox 1599 4407 1693 4488; x_wconf 89' lang='lat' dir='ltr'><strong><em>possit,</em></strong></span> <span class='ocrx_word' id='word_1_795' title='bbox 1710 4406 1856 4465; x_wconf 84' lang='lat' dir='ltr'><strong><em>nouvelle</em></strong></span> 
     </span>
     <span class='ocr_line' id='line_1_61' title="bbox 105 4476 1856 4561; baseline -0.003 -23"><span class='ocrx_word' id='word_1_796' title='bbox 105 4485 205 4540; x_wconf 74' lang='lat' dir='ltr'><strong><em>daenes</em></strong></span> <span class='ocrx_word' id='word_1_797' title='bbox 229 4492 256 4541; x_wconf 88' lang='lat' dir='ltr'><strong><em>et</em></strong></span> <span class='ocrx_word' id='word_1_798' title='bbox 277 4484 407 4551; x_wconf 83' lang='lat' dir='ltr'><strong><em>scribens,</em></strong></span> <span class='ocrx_word' id='word_1_799' title='bbox 424 4491 478 4541; x_wconf 87' lang='lat' dir='ltr'><strong><em>tres</em></strong></span> <span class='ocrx_word' id='word_1_800' title='bbox 489 4499 634 4555; x_wconf 79' lang='lat' dir='ltr'><strong><em>pascuas,</em></strong></span> <span class='ocrx_word' id='word_1_801' title='bbox 662 4500 731 4553; x_wconf 81' lang='lat' dir='ltr'><strong><em>quos</em></strong></span> <span class='ocrx_word' id='word_1_802' title='bbox 757 4487 853 4538; x_wconf 89' lang='lat' dir='ltr'><strong><em>sancta</em></strong></span> <span class='ocrx_word' id='word_1_803' title='bbox 867 4485 956 4538; x_wconf 78' lang='lat' dir='ltr'><strong><em>Eccle-</em></strong></span> <span class='ocrx_word' id='word_1_804' title='bbox 1010 4496 1072 4538; x_wconf 86' lang='lat' dir='ltr'><strong><em>earu</em></strong></span> <span class='ocrx_word' id='word_1_805' title='bbox 1089 4483 1172 4553; x_wconf 84' lang='lat' dir='ltr'><strong><em>palpo</em></strong></span> <span class='ocrx_word' id='word_1_806' title='bbox 1188 4483 1307 4538; x_wconf 89' lang='lat' dir='ltr'><strong><em>insciam</em></strong></span> <span class='ocrx_word' id='word_1_807' title='bbox 1324 4490 1483 4561; x_wconf 77' lang='lat' dir='ltr'><strong><em>percutere,</em></strong></span> <span class='ocrx_word' id='word_1_808' title='bbox 1499 4480 1548 4535; x_wconf 91' lang='lat' dir='ltr'><strong><em>sed</em></strong></span> <span class='ocrx_word' id='word_1_809' title='bbox 1565 4488 1597 4534; x_wconf 91' lang='lat' dir='ltr'><strong><em>ut</em></strong></span> <span class='ocrx_word' id='word_1_810' title='bbox 1624 4478 1703 4535; x_wconf 84' lang='lat' dir='ltr'><strong><em>tilam</em></strong></span> <span class='ocrx_word' id='word_1_811' title='bbox 1724 4476 1856 4534; x_wconf 86' lang='lat' dir='ltr'><strong><em>ostendat</em></strong></span> 
     </span>
     <span class='ocr_line' id='line_1_62' title="bbox 104 4548 1857 4623; baseline -0.003 -13"><span class='ocrx_word' id='word_1_812' title='bbox 104 4572 147 4611; x_wconf 88' lang='lat' dir='ltr'><strong><em>na</em></strong></span> <span class='ocrx_word' id='word_1_813' title='bbox 167 4572 223 4611; x_wconf 90' lang='lat' dir='ltr'><strong><em>nan</em></strong></span> <span class='ocrx_word' id='word_1_814' title='bbox 251 4573 337 4612; x_wconf 74' lang='lat' dir='ltr'><strong><em>amun</em></strong></span> <span class='ocrx_word' id='word_1_815' title='bbox 361 4559 473 4611; x_wconf 87' lang='lat' dir='ltr'><strong><em>nomino</em></strong></span> <span class='ocrx_word' id='word_1_816' title='bbox 498 4560 616 4621; x_wconf 81' lang='lat' dir='ltr'><strong><em>tortium,</em></strong></span> <span class='ocrx_word' id='word_1_817' title='bbox 654 4556 702 4610; x_wconf 90' lang='lat' dir='ltr'><strong><em>sed</em></strong></span> <span class='ocrx_word' id='word_1_818' title='bbox 728 4569 771 4609; x_wconf 86' lang='lat' dir='ltr'><strong><em>res</em></strong></span> <span class='ocrx_word' id='word_1_819' title='bbox 798 4554 955 4621; x_wconf 82' lang='lat' dir='ltr'><strong><em>distinctas,</em></strong></span> <span class='ocrx_word' id='word_1_820' title='bbox 1011 4553 1097 4610; x_wconf 88' lang='lat' dir='ltr'><strong><em>inisse</em></strong></span> <span class='ocrx_word' id='word_1_821' title='bbox 1126 4552 1326 4623; x_wconf 82' lang='lat' dir='ltr'><strong><em>dignissimam</em></strong></span> <span class='ocrx_word' id='word_1_822' title='bbox 1350 4552 1495 4609; x_wconf 84' lang='lat' dir='ltr'><strong><em>connubio</em></strong></span> <span class='ocrx_word' id='word_1_823' title='bbox 1514 4564 1625 4619; x_wconf 88' lang='lat' dir='ltr'><strong><em>semper</em></strong></span> <span class='ocrx_word' id='word_1_824' title='bbox 1653 4562 1719 4605; x_wconf 89' lang='lat' dir='ltr'><strong><em>cum</em></strong></span> <span class='ocrx_word' id='word_1_825' title='bbox 1746 4548 1857 4605; x_wconf 86' lang='lat' dir='ltr'><strong><em>honore</em></strong></span> 
     </span>
     <span class='ocr_line' id='line_1_63' title="bbox 104 4618 1857 4697; baseline -0.004 -16"><span class='ocrx_word' id='word_1_826' title='bbox 104 4629 219 4697; x_wconf 66' lang='lat' dir='ltr'><strong><em>suaque</em></strong></span> <span class='ocrx_word' id='word_1_827' title='bbox 239 4627 454 4697; x_wconf 81' lang='lat' dir='ltr'><strong><em>proprietatibus</em></strong></span> <span class='ocrx_word' id='word_1_828' title='bbox 472 4626 616 4692; x_wconf 87' lang='lat' dir='ltr'><strong><em>discretas,</em></strong></span> <span class='ocrx_word' id='word_1_829' title='bbox 636 4625 765 4681; x_wconf 85' lang='lat' dir='ltr'><strong><em>bactenus</em></strong></span> <span class='ocrx_word' id='word_1_830' title='bbox 787 4629 814 4679; x_wconf 90' lang='lat' dir='ltr'><strong><em>et</em></strong></span> <span class='ocrx_word' id='word_1_831' title='bbox 836 4627 882 4695; x_wconf 81' lang='lat' dir='ltr'><strong><em>pie</em></strong></span> <span class='ocrx_word' id='word_1_832' title='bbox 896 4640 955 4679; x_wconf 85' lang='lat' dir='ltr'><strong><em>cre·</em></strong></span> <span class='ocrx_word' id='word_1_833' title='bbox 1011 4626 1180 4681; x_wconf 78' lang='lat' dir='ltr'><strong><em>nostrinandi</em></strong></span> <span class='ocrx_word' id='word_1_834' title='bbox 1195 4623 1348 4692; x_wconf 77' lang='lat' dir='ltr'><strong><em>abaelardi,</em></strong></span> <span class='ocrx_word' id='word_1_835' title='bbox 1370 4637 1437 4679; x_wconf 85' lang='lat' dir='ltr'><strong><em>vere</em></strong></span> <span class='ocrx_word' id='word_1_836' title='bbox 1459 4619 1615 4680; x_wconf 83' lang='lat' dir='ltr'><strong><em>Christiani</em></strong></span> <span class='ocrx_word' id='word_1_837' title='bbox 1640 4618 1753 4683; x_wconf 84' lang='lat' dir='ltr'><strong><em>filosoli,</em></strong></span> <span class='ocrx_word' id='word_1_838' title='bbox 1767 4633 1857 4689; x_wconf 83' lang='lat' dir='ltr'><strong><em>quent</em></strong></span> 
     </span>
     <span class='ocr_line' id='line_1_64' title="bbox 105 4688 1856 4774; baseline -0.005 -21"><span class='ocrx_word' id='word_1_839' title='bbox 105 4698 190 4763; x_wconf 85' lang='lat' dir='ltr'><strong><em>didit,</em></strong></span> <span class='ocrx_word' id='word_1_840' title='bbox 203 4702 230 4752; x_wconf 88' lang='lat' dir='ltr'><strong><em>et</em></strong></span> <span class='ocrx_word' id='word_1_841' title='bbox 247 4698 364 4767; x_wconf 77' lang='lat' dir='ltr'><strong><em>ttdeliter</em></strong></span> <span class='ocrx_word' id='word_1_842' title='bbox 391 4697 494 4764; x_wconf 85' lang='lat' dir='ltr'><strong><em>docuit,</em></strong></span> <span class='ocrx_word' id='word_1_843' title='bbox 519 4699 601 4752; x_wconf 87' lang='lat' dir='ltr'><strong><em>nimis</em></strong></span> <span class='ocrx_word' id='word_1_844' title='bbox 625 4702 781 4759; x_wconf 89' lang='lat' dir='ltr'><strong><em>attenuans,</em></strong></span> <span class='ocrx_word' id='word_1_845' title='bbox 800 4711 853 4751; x_wconf 92' lang='lat' dir='ltr'><strong><em>non</em></strong></span> <span class='ocrx_word' id='word_1_846' title='bbox 878 4697 954 4752; x_wconf 85' lang='lat' dir='ltr'><strong><em>bonis</em></strong></span> <span class='ocrx_word' id='word_1_847' title='bbox 1010 4696 1100 4752; x_wconf 89' lang='lat' dir='ltr'><strong><em>credit</em></strong></span> <span class='ocrx_word' id='word_1_848' title='bbox 1123 4709 1139 4751; x_wconf 91' lang='lat' dir='ltr'><strong><em>a</em></strong></span> <span class='ocrx_word' id='word_1_849' title='bbox 1159 4694 1259 4751; x_wconf 88' lang='lat' dir='ltr'><strong><em>divina</em></strong></span> <span class='ocrx_word' id='word_1_850' title='bbox 1284 4694 1471 4774; x_wconf 82' lang='lat' dir='ltr'><strong><em>dispositione</em></strong></span> <span class='ocrx_word' id='word_1_851' title='bbox 1494 4690 1697 4772; x_wconf 82' lang='lat' dir='ltr'><strong><em>transmissum</em></strong></span> <span class='ocrx_word' id='word_1_852' title='bbox 1722 4690 1758 4746; x_wconf 87' lang='lat' dir='ltr'><strong><em>ad</em></strong></span> <span class='ocrx_word' id='word_1_853' title='bbox 1781 4688 1856 4745; x_wconf 76' lang='lat' dir='ltr'><strong><em>ades</em></strong></span> 
     </span>
     <span class='ocr_line' id='line_1_65' title="bbox 104 4765 1856 4843; baseline -0.003 -20"><span class='ocrx_word' id='word_1_854' title='bbox 104 4785 170 4824; x_wconf 83' lang='lat' dir='ltr'><strong><em>usus</em></strong></span> <span class='ocrx_word' id='word_1_855' title='bbox 192 4770 332 4838; x_wconf 73' lang='lat' dir='ltr'><strong><em>scampis,</em></strong></span> <span class='ocrx_word' id='word_1_856' title='bbox 347 4771 419 4825; x_wconf 86' lang='lat' dir='ltr'><strong><em>inter</em></strong></span> <span class='ocrx_word' id='word_1_857' title='bbox 432 4776 529 4825; x_wconf 81' lang='lat' dir='ltr'><strong><em>cetera</em></strong></span> <span class='ocrx_word' id='word_1_858' title='bbox 543 4768 638 4823; x_wconf 66' lang='lat' dir='ltr'><strong><em>deuii:</em></strong></span> <span class='ocrx_word' id='word_1_859' title='bbox 659 4768 740 4824; x_wconf 87' lang='lat' dir='ltr'><strong><em>Sicut</em></strong></span> <span class='ocrx_word' id='word_1_860' title='bbox 766 4767 866 4824; x_wconf 86' lang='lat' dir='ltr'><strong><em>eadem</em></strong></span> <span class='ocrx_word' id='word_1_861' title='bbox 886 4780 955 4822; x_wconf 90' lang='lat' dir='ltr'><strong><em>ora·</em></strong></span> <span class='ocrx_word' id='word_1_862' title='bbox 1010 4765 1174 4832; x_wconf 81' lang='lat' dir='ltr'><strong><em>niuntaaas,</em></strong></span> <span class='ocrx_word' id='word_1_863' title='bbox 1192 4774 1224 4822; x_wconf 92' lang='lat' dir='ltr'><strong><em>ut</em></strong></span> <span class='ocrx_word' id='word_1_864' title='bbox 1245 4778 1340 4821; x_wconf 89' lang='lat' dir='ltr'><strong><em>casm</em></strong></span> <span class='ocrx_word' id='word_1_865' title='bbox 1365 4778 1436 4834; x_wconf 80' lang='lat' dir='ltr'><strong><em>ipso,</em></strong></span> <span class='ocrx_word' id='word_1_866' title='bbox 1459 4770 1487 4819; x_wconf 89' lang='lat' dir='ltr'><strong><em>et</em></strong></span> <span class='ocrx_word' id='word_1_867' title='bbox 1511 4765 1546 4842; x_wconf 84' lang='lat' dir='ltr'><strong><em>de</em></strong></span> <span class='ocrx_word' id='word_1_868' title='bbox 1568 4776 1639 4843; x_wconf 72' lang='lat' dir='ltr'><strong><em>rpso,</em></strong></span> <span class='ocrx_word' id='word_1_869' title='bbox 1663 4774 1750 4823; x_wconf 79' lang='lat' dir='ltr'><strong><em>sirper</em></strong></span> <span class='ocrx_word' id='word_1_870' title='bbox 1770 4773 1856 4840; x_wconf 80' lang='lat' dir='ltr'><strong><em>omno</em></strong></span> 
     </span>
     <span class='ocr_line' id='line_1_66' title="bbox 105 4832 1854 4914; baseline -0.005 -19"><span class='ocrx_word' id='word_1_871' title='bbox 105 4842 144 4897; x_wconf 91' lang='lat' dir='ltr'><strong><em>tio</em></strong></span> <span class='ocrx_word' id='word_1_872' title='bbox 171 4846 217 4895; x_wconf 87' lang='lat' dir='ltr'><strong><em>est</em></strong></span> <span class='ocrx_word' id='word_1_873' title='bbox 256 4839 423 4909; x_wconf 85' lang='lat' dir='ltr'><strong><em>propositio,</em></strong></span> <span class='ocrx_word' id='word_1_874' title='bbox 450 4839 620 4911; x_wconf 89' lang='lat' dir='ltr'><strong><em>assumptio,</em></strong></span> <span class='ocrx_word' id='word_1_875' title='bbox 655 4847 682 4896; x_wconf 90' lang='lat' dir='ltr'><strong><em>et</em></strong></span> <span class='ocrx_word' id='word_1_876' title='bbox 705 4838 875 4896; x_wconf 88' lang='lat' dir='ltr'><strong><em>conclusio:</em></strong></span> <span class='ocrx_word' id='word_1_877' title='bbox 915 4838 955 4894; x_wconf 90' lang='lat' dir='ltr'><strong><em>ita</em></strong></span> <span class='ocrx_word' id='word_1_878' title='bbox 1010 4848 1159 4894; x_wconf 88' lang='lat' dir='ltr'><strong><em>aururuet</em></strong></span> <span class='ocrx_word' id='word_1_879' title='bbox 1179 4835 1321 4906; x_wconf 83' lang='lat' dir='ltr'><strong><em>topazium</em></strong></span> <span class='ocrx_word' id='word_1_880' title='bbox 1344 4847 1464 4914; x_wconf 84' lang='lat' dir='ltr'><strong><em>munere</em></strong></span> <span class='ocrx_word' id='word_1_881' title='bbox 1484 4833 1721 4914; x_wconf 67' lang='lat' dir='ltr'><strong><em>carroredrtaret.</em></strong></span> <span class='ocrx_word' id='word_1_882' title='bbox 1742 4832 1854 4911; x_wconf 74' lang='lat' dir='ltr'><strong><em>asserit</em></strong></span> 
     </span>
     <span class='ocr_line' id='line_1_67' title="bbox 103 4902 1857 4985; baseline -0.005 -18"><span class='ocrx_word' id='word_1_883' title='bbox 103 4911 206 4967; x_wconf 84' lang='lat' dir='ltr'><strong><em>cadem</em></strong></span> <span class='ocrx_word' id='word_1_884' title='bbox 218 4910 344 4966; x_wconf 88' lang='lat' dir='ltr'><strong><em>essentia</em></strong></span> <span class='ocrx_word' id='word_1_885' title='bbox 358 4916 401 4966; x_wconf 92' lang='lat' dir='ltr'><strong><em>est</em></strong></span> <span class='ocrx_word' id='word_1_886' title='bbox 415 4912 510 4978; x_wconf 89' lang='lat' dir='ltr'><strong><em>Pater,</em></strong></span> <span class='ocrx_word' id='word_1_887' title='bbox 527 4917 555 4966; x_wconf 90' lang='lat' dir='ltr'><strong><em>et</em></strong></span> <span class='ocrx_word' id='word_1_888' title='bbox 578 4909 681 4981; x_wconf 84' lang='lat' dir='ltr'><strong><em>Filius,</em></strong></span> <span class='ocrx_word' id='word_1_889' title='bbox 696 4918 724 4967; x_wconf 91' lang='lat' dir='ltr'><strong><em>et</em></strong></span> <span class='ocrx_word' id='word_1_890' title='bbox 748 4909 871 4978; x_wconf 86' lang='lat' dir='ltr'><strong><em>Spiritus</em></strong></span> <span class='ocrx_word' id='word_1_891' title='bbox 886 4922 953 4964; x_wconf 91' lang='lat' dir='ltr'><strong><em>san·</em></strong></span> <span class='ocrx_word' id='word_1_892' title='bbox 1009 4908 1085 4964; x_wconf 88' lang='lat' dir='ltr'><strong><em>enim</em></strong></span> <span class='ocrx_word' id='word_1_893' title='bbox 1101 4922 1266 4978; x_wconf 87' lang='lat' dir='ltr'><strong><em>numquam</em></strong></span> <span class='ocrx_word' id='word_1_894' title='bbox 1280 4909 1305 4963; x_wconf 89' lang='lat' dir='ltr'><strong><em>ei</em></strong></span> <span class='ocrx_word' id='word_1_895' title='bbox 1320 4907 1414 4963; x_wconf 91' lang='lat' dir='ltr'><strong><em>visum</em></strong></span> <span class='ocrx_word' id='word_1_896' title='bbox 1432 4904 1553 4960; x_wconf 89' lang='lat' dir='ltr'><strong><em>srnuiem</em></strong></span> <span class='ocrx_word' id='word_1_897' title='bbox 1575 4919 1604 4959; x_wconf 90' lang='grc' dir='ltr'><strong><em>ιιι</em></strong></span> <span class='ocrx_word' id='word_1_898' title='bbox 1621 4902 1792 4960; x_wconf 84' lang='lat' dir='ltr'><strong><em>brrmrlrtatrs</em></strong></span> <span class='ocrx_word' id='word_1_899' title='bbox 1806 4902 1857 4985; x_wconf 73' lang='lat' dir='ltr'><strong><em>ira·</em></strong></span> 
     </span>
     <span class='ocr_line' id='line_1_68' title="bbox 103 4974 1853 5052; baseline -0.005 -14"><span class='ocrx_word' id='word_1_900' title='bbox 103 4992 178 5038; x_wconf 84' lang='lat' dir='ltr'><strong><em>ctus.</em></strong></span> <span class='ocrx_word' id='word_1_901' title='bbox 197 4980 238 5036; x_wconf 89' lang='lat' dir='ltr'><strong><em>Ob</em></strong></span> <span class='ocrx_word' id='word_1_902' title='bbox 259 4981 307 5036; x_wconf 83' lang='grc' dir='ltr'><strong><em>ιιι</em></strong></span> <span class='ocrx_word' id='word_1_903' title='bbox 325 4981 480 5039; x_wconf 80' lang='lat' dir='ltr'><strong><em>suessionis</em></strong></span> <span class='ocrx_word' id='word_1_904' title='bbox 496 4982 664 5052; x_wconf 78' lang='lat' dir='ltr'><strong><em>nrautnaiati</em></strong></span> <span class='ocrx_word' id='word_1_905' title='bbox 692 4984 788 5036; x_wconf 89' lang='lat' dir='ltr'><strong><em>contra</em></strong></span> <span class='ocrx_word' id='word_1_906' title='bbox 810 4995 870 5034; x_wconf 91' lang='lat' dir='ltr'><strong><em>eum</em></strong></span> <span class='ocrx_word' id='word_1_907' title='bbox 885 4996 954 5048; x_wconf 78' lang='lat' dir='ltr'><strong><em>spn-</em></strong></span> <span class='ocrx_word' id='word_1_908' title='bbox 1011 4979 1395 5049; x_wconf 79' lang='lat' dir='ltr'><strong><em>bituetgcstu21ntantum</em></strong></span> <span class='ocrx_word' id='word_1_909' title='bbox 1414 4980 1445 5031; x_wconf 92' lang='lat' dir='ltr'><strong><em>ut</em></strong></span> <span class='ocrx_word' id='word_1_910' title='bbox 1472 4990 1519 5029; x_wconf 90' lang='lat' dir='ltr'><strong><em>nec</em></strong></span> <span class='ocrx_word' id='word_1_911' title='bbox 1542 4976 1571 5029; x_wconf 88' lang='lat' dir='ltr'><strong><em>B.</em></strong></span> <span class='ocrx_word' id='word_1_912' title='bbox 1595 4974 1744 5030; x_wconf 73' lang='lat' dir='ltr'><strong><em>cumana</em></strong></span> <span class='ocrx_word' id='word_1_913' title='bbox 1779 4975 1853 5044; x_wconf 73' lang='lat' dir='ltr'><strong><em>obpe-</em></strong></span> 
     </span>
     <span class='ocr_line' id='line_1_69' title="bbox 103 5046 1856 5122; baseline -0.004 -14"><span class='ocrx_word' id='word_1_914' title='bbox 103 5054 152 5108; x_wconf 86' lang='lat' dir='ltr'><strong><em>ado</em></strong></span> <span class='ocrx_word' id='word_1_915' title='bbox 179 5052 232 5107; x_wconf 87' lang='lat' dir='ltr'><strong><em>sab</em></strong></span> <span class='ocrx_word' id='word_1_916' title='bbox 253 5056 403 5122; x_wconf 80' lang='lat' dir='ltr'><strong><em>presentia</em></strong></span> <span class='ocrx_word' id='word_1_917' title='bbox 418 5055 545 5109; x_wconf 80' lang='lat' dir='ltr'><strong><em>Romana</em></strong></span> <span class='ocrx_word' id='word_1_918' title='bbox 567 5052 640 5108; x_wconf 80' lang='grc' dir='ltr'>ιιιιιι</span> <span class='ocrx_word' id='word_1_919' title='bbox 665 5053 749 5121; x_wconf 70' lang='lat' dir='ltr'><strong><em>apuli</em></strong></span> <span class='ocrx_word' id='word_1_920' title='bbox 779 5055 952 5119; x_wconf 79' lang='lat' dir='ltr'><strong><em>congregata,</em></strong></span> <span class='ocrx_word' id='word_1_921' title='bbox 1009 5046 1856 5120; x_wconf 76' lang='lat' dir='ltr'><strong><em>ciiar,neeinscii.Martinuspouperierappareret.iilpaulo</em></strong></span> 
     </span>
     <span class='ocr_line' id='line_1_70' title="bbox 103 5117 1855 5201; baseline -0.003 -22"><span class='ocrx_word' id='word_1_922' title='bbox 103 5125 135 5179; x_wconf 88' lang='lat' dir='ltr'><strong><em>ab</em></strong></span> <span class='ocrx_word' id='word_1_923' title='bbox 163 5124 284 5192; x_wconf 76' lang='lat' dir='ltr'><strong><em>ecregiis</em></strong></span> <span class='ocrx_word' id='word_1_924' title='bbox 306 5124 385 5192; x_wconf 78' lang='grc' dir='ltr'>ιιιιι,</span> <span class='ocrx_word' id='word_1_925' title='bbox 414 5129 441 5179; x_wconf 90' lang='grc' dir='ltr'><strong><em>ιι</em></strong></span> <span class='ocrx_word' id='word_1_926' title='bbox 469 5124 617 5180; x_wconf 87' lang='lat' dir='ltr'><strong><em>nominatis</em></strong></span> <span class='ocrx_word' id='word_1_927' title='bbox 644 5123 798 5190; x_wconf 80' lang='lat' dir='ltr'><strong><em>magistris,</em></strong></span> <span class='ocrx_word' id='word_1_928' title='bbox 828 5122 954 5178; x_wconf 77' lang='lat' dir='ltr'><strong><em>alberico</em></strong></span> <span class='ocrx_word' id='word_1_929' title='bbox 1009 5127 1071 5190; x_wconf 86' lang='lat' dir='ltr'><strong><em>post</em></strong></span> <span class='ocrx_word' id='word_1_930' title='bbox 1088 5135 1095 5174; x_wconf 76' lang='grc' dir='ltr'><strong><em>ε</em></strong></span> <span class='ocrx_word' id='word_1_931' title='bbox 1110 5122 1200 5176; x_wconf 82' lang='lat' dir='ltr'><strong><em>Lectio</em></strong></span> <span class='ocrx_word' id='word_1_932' title='bbox 1225 5125 1326 5175; x_wconf 75' lang='lat' dir='ltr'><strong><em>aies-ut</em></strong></span> <span class='ocrx_word' id='word_1_933' title='bbox 1347 5121 1486 5182; x_wconf 78' lang='lat' dir='ltr'><strong><em>coritiana,</em></strong></span> <span class='ocrx_word' id='word_1_934' title='bbox 1512 5118 1599 5171; x_wconf 89' lang='lat' dir='ltr'><strong><em>oratio</em></strong></span> <span class='ocrx_word' id='word_1_935' title='bbox 1629 5117 1665 5173; x_wconf 88' lang='lat' dir='ltr'><strong><em>ud</em></strong></span> <span class='ocrx_word' id='word_1_936' title='bbox 1688 5120 1776 5201; x_wconf 38' lang='lat' dir='ltr'><strong><em>iteum·</em></strong></span> <span class='ocrx_word' id='word_1_937' title='bbox 1792 5118 1855 5201; x_wconf 35' lang='lat' dir='ltr'><strong><em>&#39;fre-</em></strong></span> 
     </span>
     <span class='ocr_line' id='line_1_71' title="bbox 103 5189 1856 5263; baseline -0.005 -12"><span class='ocrx_word' id='word_1_938' title='bbox 103 5198 243 5263; x_wconf 76' lang='grc' dir='ltr'>ιιιιιιιιι,</span> <span class='ocrx_word' id='word_1_939' title='bbox 269 5200 295 5249; x_wconf 88' lang='lat' dir='ltr'><strong><em>et</em></strong></span> <span class='ocrx_word' id='word_1_940' title='bbox 318 5194 449 5249; x_wconf 79' lang='lat' dir='ltr'><strong><em>Leutrddo</em></strong></span> <span class='ocrx_word' id='word_1_941' title='bbox 467 5196 641 5261; x_wconf 80' lang='lat' dir='ltr'><strong><em>Nouariertse,</em></strong></span> <span class='ocrx_word' id='word_1_942' title='bbox 666 5194 840 5252; x_wconf 82' lang='lat' dir='ltr'><strong><em>sabellianus</em></strong></span> <span class='ocrx_word' id='word_1_943' title='bbox 868 5193 952 5247; x_wconf 76' lang='lat' dir='ltr'><strong><em>liare·</em></strong></span> <span class='ocrx_word' id='word_1_944' title='bbox 1009 5207 1104 5260; x_wconf 82' lang='lat' dir='ltr'><strong><em>quens,</em></strong></span> <span class='ocrx_word' id='word_1_945' title='bbox 1126 5194 1265 5247; x_wconf 87' lang='lat' dir='ltr'><strong><em>silentium</em></strong></span> <span class='ocrx_word' id='word_1_946' title='bbox 1286 5191 1364 5260; x_wconf 78' lang='lat' dir='ltr'><strong><em>juge,</em></strong></span> <span class='ocrx_word' id='word_1_947' title='bbox 1400 5190 1456 5244; x_wconf 86' lang='lat' dir='ltr'><strong><em>nisi</em></strong></span> <span class='ocrx_word' id='word_1_948' title='bbox 1481 5192 1528 5242; x_wconf 89' lang='lat' dir='ltr'><strong><em>aul</em></strong></span> <span class='ocrx_word' id='word_1_949' title='bbox 1554 5189 1677 5254; x_wconf 71' lang='lat' dir='ltr'><strong><em>fratrum</em></strong></span> <span class='ocrx_word' id='word_1_950' title='bbox 1706 5189 1856 5255; x_wconf 75' lang='lat' dir='ltr'><strong><em>familiaris</em></strong></span> 
     </span>
     <span class='ocr_line' id='line_1_72' title="bbox 104 5258 1854 5338; baseline -0.003 -17"><span class='ocrx_word' id='word_1_951' title='bbox 104 5270 172 5322; x_wconf 81' lang='lat' dir='ltr'><strong><em>lieres</em></strong></span> <span class='ocrx_word' id='word_1_952' title='bbox 183 5265 343 5335; x_wconf 79' lang='lat' dir='ltr'><strong><em>judicatus,</em></strong></span> <span class='ocrx_word' id='word_1_953' title='bbox 360 5266 443 5322; x_wconf 84' lang='lat' dir='ltr'><strong><em>libros</em></strong></span> <span class='ocrx_word' id='word_1_954' title='bbox 463 5282 530 5338; x_wconf 83' lang='lat' dir='ltr'><strong><em>quos</em></strong></span> <span class='ocrx_word' id='word_1_955' title='bbox 547 5265 672 5321; x_wconf 83' lang='lat' dir='ltr'><strong><em>ediderat</em></strong></span> <span class='ocrx_word' id='word_1_956' title='bbox 683 5268 802 5335; x_wconf 84' lang='lat' dir='ltr'><strong><em>propriu</em></strong></span> <span class='ocrx_word' id='word_1_957' title='bbox 815 5279 898 5319; x_wconf 87' lang='lat' dir='ltr'><strong><em>manu</em></strong></span> <span class='ocrx_word' id='word_1_958' title='bbox 919 5263 953 5317; x_wconf 89' lang='lat' dir='ltr'><strong><em>ab</em></strong></span> <span class='ocrx_word' id='word_1_959' title='bbox 1008 5263 1157 5326; x_wconf 68' lang='lat' dir='ltr'><strong><em>salutatio,</em></strong></span> <span class='ocrx_word' id='word_1_960' title='bbox 1172 5268 1220 5317; x_wconf 92' lang='lat' dir='ltr'><strong><em>aut</em></strong></span> <span class='ocrx_word' id='word_1_961' title='bbox 1231 5262 1268 5316; x_wconf 91' lang='lat' dir='ltr'><strong><em>ad</em></strong></span> <span class='ocrx_word' id='word_1_962' title='bbox 1282 5264 1356 5330; x_wconf 83' lang='lat' dir='ltr'><strong><em>ipsos</em></strong></span> <span class='ocrx_word' id='word_1_963' title='bbox 1371 5262 1404 5315; x_wconf 87' lang='lat' dir='ltr'><strong><em>rie</em></strong></span> <span class='ocrx_word' id='word_1_964' title='bbox 1418 5262 1520 5317; x_wconf 86' lang='lat' dir='ltr'><strong><em>diuinis</em></strong></span> <span class='ocrx_word' id='word_1_965' title='bbox 1544 5258 1672 5328; x_wconf 82' lang='lat' dir='ltr'><strong><em>publicus</em></strong></span> <span class='ocrx_word' id='word_1_966' title='bbox 1693 5275 1780 5315; x_wconf 78' lang='lat' dir='ltr'><strong><em>samo</em></strong></span> <span class='ocrx_word' id='word_1_967' title='bbox 1794 5273 1854 5315; x_wconf 84' lang='lat' dir='ltr'><strong><em>eum</em></strong></span> 
     </span>
     <span class='ocr_line' id='line_1_73' title="bbox 103 5330 1856 5407; baseline -0.005 -14"><span class='ocrx_word' id='word_1_968' title='bbox 103 5338 239 5407; x_wconf 69' lang='lat' dir='ltr'><strong><em>epmcopis</em></strong></span> <span class='ocrx_word' id='word_1_969' title='bbox 255 5339 315 5405; x_wconf 76' lang='lat' dir='ltr'><strong><em>igni</em></strong></span> <span class='ocrx_word' id='word_1_970' title='bbox 329 5335 397 5393; x_wconf 90' lang='lat' dir='ltr'><strong><em>dare</em></strong></span> <span class='ocrx_word' id='word_1_971' title='bbox 410 5342 517 5393; x_wconf 83' lang='lat' dir='ltr'><strong><em>coactus</em></strong></span> <span class='ocrx_word' id='word_1_972' title='bbox 532 5341 572 5393; x_wconf 87' lang='lat' dir='ltr'><strong><em>est</em></strong></span> <span class='ocrx_word' id='word_1_973' title='bbox 588 5351 595 5391; x_wconf 93' lang='lat'>:</span> <span class='ocrx_word' id='word_1_974' title='bbox 610 5337 688 5391; x_wconf 91' lang='lat' dir='ltr'><strong><em>nulla</em></strong></span> <span class='ocrx_word' id='word_1_975' title='bbox 702 5336 756 5391; x_wconf 85' lang='lat' dir='ltr'><strong><em>sibi</em></strong></span> <span class='ocrx_word' id='word_1_976' title='bbox 769 5332 954 5407; x_wconf 82' lang='lat' dir='ltr'><strong><em>respondendi</em></strong></span> <span class='ocrx_word' id='word_1_977' title='bbox 1009 5334 1082 5402; x_wconf 85' lang='lat' dir='ltr'><strong><em>loqui</em></strong></span> <span class='ocrx_word' id='word_1_978' title='bbox 1096 5339 1203 5400; x_wconf 73' lang='lat' dir='ltr'><strong><em>arceret</em></strong></span> <span class='ocrx_word' id='word_1_979' title='bbox 1219 5372 1227 5386; x_wconf 95' lang='lat'><strong><em>.</em></strong></span> <span class='ocrx_word' id='word_1_980' title='bbox 1244 5332 1418 5387; x_wconf 89' lang='lat' dir='ltr'><strong><em>Sacramenta</em></strong></span> <span class='ocrx_word' id='word_1_981' title='bbox 1440 5331 1569 5394; x_wconf 82' lang='lat' dir='ltr'><strong><em>calestia,</em></strong></span> <span class='ocrx_word' id='word_1_982' title='bbox 1592 5332 1754 5386; x_wconf 87' lang='lat' dir='ltr'><strong><em>immortalis</em></strong></span> <span class='ocrx_word' id='word_1_983' title='bbox 1778 5330 1856 5402; x_wconf 73' lang='lat' dir='ltr'><strong><em>agni</em></strong></span> 
     </span>
     <span class='ocr_line' id='line_1_74' title="bbox 104 5401 1854 5479; baseline -0.005 -14"><span class='ocrx_word' id='word_1_984' title='bbox 104 5411 249 5475; x_wconf 73' lang='lat' dir='ltr'><strong><em>incallide,</em></strong></span> <span class='ocrx_word' id='word_1_985' title='bbox 277 5424 306 5463; x_wconf 84' lang='lat' dir='ltr'><strong><em>eo</em></strong></span> <span class='ocrx_word' id='word_1_986' title='bbox 328 5407 402 5478; x_wconf 78' lang='lat' dir='ltr'><strong><em>quod</em></strong></span> <span class='ocrx_word' id='word_1_987' title='bbox 421 5407 596 5479; x_wconf 84' lang='lat' dir='ltr'><strong><em>disceptandi</em></strong></span> <span class='ocrx_word' id='word_1_988' title='bbox 614 5413 645 5462; x_wconf 91' lang='lat' dir='ltr'><strong><em>in</em></strong></span> <span class='ocrx_word' id='word_1_989' title='bbox 669 5422 698 5462; x_wconf 88' lang='lat' dir='ltr'><strong><em>eo</em></strong></span> <span class='ocrx_word' id='word_1_990' title='bbox 726 5407 829 5475; x_wconf 79' lang='lat' dir='ltr'><strong><em>peritia</em></strong></span> <span class='ocrx_word' id='word_1_991' title='bbox 845 5405 879 5460; x_wconf 90' lang='lat' dir='ltr'><strong><em>ob</em></strong></span> <span class='ocrx_word' id='word_1_992' title='bbox 895 5420 952 5459; x_wconf 90' lang='lat' dir='ltr'><strong><em>om·</em></strong></span> <span class='ocrx_word' id='word_1_993' title='bbox 1007 5406 1172 5460; x_wconf 84' lang='lat' dir='ltr'><strong><em>socruioium</em></strong></span> <span class='ocrx_word' id='word_1_994' title='bbox 1188 5406 1243 5459; x_wconf 84' lang='lat' dir='ltr'><strong><em>Deo</em></strong></span> <span class='ocrx_word' id='word_1_995' title='bbox 1266 5401 1401 5470; x_wconf 71' lang='lat' dir='ltr'><strong><em>offerendo</em></strong></span> <span class='ocrx_word' id='word_1_996' title='bbox 1419 5405 1503 5472; x_wconf 80' lang='lat' dir='ltr'><strong><em>prout</em></strong></span> <span class='ocrx_word' id='word_1_997' title='bbox 1520 5406 1628 5471; x_wconf 76' lang='lat' dir='ltr'><strong><em>poteraut</em></strong></span> <span class='ocrx_word' id='word_1_998' title='bbox 1649 5405 1693 5469; x_wconf 73' lang='lat' dir='ltr'><strong><em>fro</em></strong></span> <span class='ocrx_word' id='word_1_999' title='bbox 1714 5404 1854 5461; x_wconf 83' lang='lat' dir='ltr'><strong><em>ueniebat.</em></strong></span> 
     </span>
     <span class='ocr_line' id='line_1_75' title="bbox 102 5418 1857 5550; baseline -0.002 -16"><span class='ocrx_word' id='word_1_1000' title='bbox 102 5482 182 5536; x_wconf 81' lang='lat' dir='ltr'><strong><em>nibus</em></strong></span> <span class='ocrx_word' id='word_1_1001' title='bbox 211 5485 342 5550; x_wconf 73' lang='lat' dir='ltr'><strong><em>annecto</em></strong></span> <span class='ocrx_word' id='word_1_1002' title='bbox 364 5478 520 5549; x_wconf 78' lang='grc' dir='ltr'>ιιιιιιιιι,</span> <span class='ocrx_word' id='word_1_1003' title='bbox 547 5493 682 5535; x_wconf 83' lang='grc' dir='ltr'>ιιιιιιια.</span> <span class='ocrx_word' id='word_1_1004' title='bbox 707 5480 769 5533; x_wconf 84' lang='lat' dir='ltr'><strong><em>iiac</em></strong></span> <span class='ocrx_word' id='word_1_1005' title='bbox 787 5477 836 5532; x_wconf 90' lang='lat' dir='ltr'><strong><em>sub</em></strong></span> <span class='ocrx_word' id='word_1_1006' title='bbox 862 5474 951 5532; x_wconf 77' lang='lat' dir='ltr'><strong><em>Ludo-</em></strong></span> <span class='ocrx_word' id='word_1_1007' title='bbox 1007 5476 1062 5528; x_wconf 93' lang='lat' dir='ltr'><strong><em>imo</em></strong></span> <span class='ocrx_word' id='word_1_1008' title='bbox 1081 5479 1227 5544; x_wconf 84' lang='lat' dir='ltr'><strong><em>postquam</em></strong></span> <span class='ocrx_word' id='word_1_1009' title='bbox 1254 5473 1341 5528; x_wconf 81' lang='lat' dir='ltr'><strong><em>literis</em></strong></span> <span class='ocrx_word' id='word_1_1010' title='bbox 1365 5480 1390 5529; x_wconf 89' lang='lat' dir='ltr'><strong><em>et</em></strong></span> <span class='ocrx_word' id='word_1_1011' title='bbox 1411 5474 1501 5528; x_wconf 87' lang='lat' dir='ltr'><strong><em>labore</em></strong></span> <span class='ocrx_word' id='word_1_1012' title='bbox 1525 5488 1582 5527; x_wconf 90' lang='lat' dir='ltr'><strong><em>meo</em></strong></span> <span class='ocrx_word' id='word_1_1013' title='bbox 1606 5418 1761 5541; x_wconf 52' lang='lat' dir='ltr'><strong><em>apustius</em></strong></span> <span class='ocrx_word' id='word_1_1014' title='bbox 1812 5490 1857 5532; x_wconf 86' lang='lat' dir='ltr'><strong><em>ra·</em></strong></span> 
     </span>
     <span class='ocr_line' id='line_1_76' title="bbox 102 5542 1857 5619; baseline -0.003 -11"><span class='ocrx_word' id='word_1_1015' title='bbox 102 5554 158 5609; x_wconf 84' lang='lat' dir='ltr'><strong><em>rico</em></strong></span> <span class='ocrx_word' id='word_1_1016' title='bbox 176 5550 289 5607; x_wconf 73' lang='lat' dir='ltr'><strong><em>sonus</em></strong></span> <span class='ocrx_word' id='word_1_1017' title='bbox 301 5550 469 5607; x_wconf 72' lang='grc' dir='ltr'>ιιιιιιιιιιιιι</span> <span class='ocrx_word' id='word_1_1018' title='bbox 481 5565 544 5619; x_wconf 83' lang='lat' dir='ltr'><strong><em>repe</em></strong></span> <span class='ocrx_word' id='word_1_1019' title='bbox 556 5550 721 5619; x_wconf 71' lang='lat' dir='ltr'><strong><em>iactassent.</em></strong></span> <span class='ocrx_word' id='word_1_1020' title='bbox 1008 5545 1052 5599; x_wconf 81' lang='lat' dir='ltr'><strong><em>tia</em></strong></span> <span class='ocrx_word' id='word_1_1021' title='bbox 1069 5544 1195 5599; x_wconf 85' lang='lat' dir='ltr'><strong><em>redditus</em></strong></span> <span class='ocrx_word' id='word_1_1022' title='bbox 1224 5550 1277 5612; x_wconf 90' lang='lat' dir='ltr'><strong><em>est,</em></strong></span> <span class='ocrx_word' id='word_1_1023' title='bbox 1301 5560 1372 5614; x_wconf 81' lang='lat' dir='ltr'><strong><em>pene</em></strong></span> <span class='ocrx_word' id='word_1_1024' title='bbox 1390 5543 1578 5600; x_wconf 87' lang='lat' dir='ltr'><strong><em>continuabat.</em></strong></span> <span class='ocrx_word' id='word_1_1025' title='bbox 1597 5542 1634 5600; x_wconf 85' lang='lat' dir='ltr'><strong><em>nt</em></strong></span> <span class='ocrx_word' id='word_1_1026' title='bbox 1648 5544 1717 5612; x_wconf 81' lang='lat' dir='ltr'><strong><em>quta</em></strong></span> <span class='ocrx_word' id='word_1_1027' title='bbox 1739 5564 1768 5608; x_wconf 92' lang='lat' dir='ltr'><strong><em>m</em></strong></span> <span class='ocrx_word' id='word_1_1028' title='bbox 1799 5544 1857 5609; x_wconf 81' lang='lat' dir='ltr'><strong><em>toi</em></strong></span> 
     </span>
     <span class='ocr_line' id='line_1_77' title="bbox 132 5613 1858 5701; baseline -0.008 -20"><span class='ocrx_word' id='word_1_1029' title='bbox 132 5622 233 5699; x_wconf 58' lang='grc' dir='ltr'>(ιιι.</span> <span class='ocrx_word' id='word_1_1030' title='bbox 246 5622 313 5679; x_wconf 79' lang='lat' dir='ltr'><strong><em>Post</em></strong></span> <span class='ocrx_word' id='word_1_1031' title='bbox 328 5624 397 5695; x_wconf 80' lang='lat' dir='ltr'><strong><em>liar,</em></strong></span> <span class='ocrx_word' id='word_1_1032' title='bbox 418 5620 486 5679; x_wconf 74' lang='lat' dir='ltr'><strong><em>drea</em></strong></span> <span class='ocrx_word' id='word_1_1033' title='bbox 496 5636 594 5681; x_wconf 72' lang='lat' dir='ltr'><strong><em>nurus</em></strong></span> <span class='ocrx_word' id='word_1_1034' title='bbox 605 5692 609 5699; x_wconf 22' lang='grc' dir='ltr'>Ι</span> <span class='ocrx_word' id='word_1_1035' title='bbox 619 5618 749 5701; x_wconf 72' lang='lat' dir='ltr'><strong><em>paribus</em></strong></span> <span class='ocrx_word' id='word_1_1036' title='bbox 771 5618 865 5698; x_wconf 83' lang='lat' dir='ltr'><strong><em>diebus</em></strong></span> <span class='ocrx_word' id='word_1_1037' title='bbox 885 5616 952 5687; x_wconf 72' lang='lat' dir='ltr'><strong><em>aaa</em></strong></span> <span class='ocrx_word' id='word_1_1038' title='bbox 1006 5630 1081 5671; x_wconf 87' lang='lat' dir='ltr'><strong><em>mens</em></strong></span> <span class='ocrx_word' id='word_1_1039' title='bbox 1095 5613 1166 5686; x_wconf 67' lang='lat' dir='ltr'><strong><em>eius,</em></strong></span> <span class='ocrx_word' id='word_1_1040' title='bbox 1182 5615 1277 5684; x_wconf 73' lang='lat' dir='ltr'><strong><em>lanua</em></strong></span> <span class='ocrx_word' id='word_1_1041' title='bbox 1288 5617 1360 5686; x_wconf 73' lang='lat' dir='ltr'><strong><em>ejus,</em></strong></span> <span class='ocrx_word' id='word_1_1042' title='bbox 1375 5630 1443 5687; x_wconf 86' lang='lat' dir='ltr'><strong><em>opus</em></strong></span> <span class='ocrx_word' id='word_1_1043' title='bbox 1461 5615 1520 5687; x_wconf 72' lang='lat' dir='ltr'><strong><em>eius</em></strong></span> <span class='ocrx_word' id='word_1_1044' title='bbox 1535 5628 1640 5685; x_wconf 81' lang='lat' dir='ltr'><strong><em>semper</em></strong></span> <span class='ocrx_word' id='word_1_1045' title='bbox 1655 5613 1767 5697; x_wconf 63' lang='lat' dir='ltr'><strong><em>dinem,</em></strong></span> <span class='ocrx_word' id='word_1_1046' title='bbox 1790 5634 1858 5683; x_wconf 66' lang='lat' dir='ltr'><strong><em>„ps</em></strong></span> 
     </span>
    </p>
   </div>
   <div class='ocr_carea' id='block_1_3' title="bbox 0 0 1909 5962">
    <p class='ocr_par' dir='ltr' id='par_1_3' title="bbox 0 0 1909 5962">
     <span class='ocr_line' id='line_1_78' title="bbox 0 0 1909 5962; baseline 0 0"><span class='ocrx_word' id='word_1_1047' title='bbox 0 0 1909 5962; x_wconf 95' lang='lat' dir='ltr'><strong><em> </em></strong></span> 
     </span>
    </p>
   </div>
  </div>
 </body>
</html>
