3804 5962
98 222 166 305 toea

594 249 827 309 mreonucmo
846 251 894 308 ab
911 251 1143 310 muouoeinit.
1158 281 1193 291 -
1208 249 1273 307 nin.
1294 247 1331 306 ii.
1365 280 1369 288 -

1774 238 1843 299 lubi

95 377 134 433 sit
150 376 321 448 prophetare
336 390 426 448 qnam
442 376 521 447 ioqui
537 376 638 449 iingna
659 377 729 444 sola,
747 377 774 433 id
793 386 835 436 est
853 380 942 436 verba
956 377 981 431 ti
997 392 1057 433 non
1071 376 1187 443 suiiicit,
1203 376 1251 432 sed
1267 374 1359 447 magis
1370 373 1405 430 ad
1415 362 1511 430 'boum
1522 372 1574 443 qui
1587 368 1766 442 expositione
1778 380 1839 425 non

96 479 244 537 exponere
270 464 363 536 magis
380 478 469 535 quam
493 464 626 521 tormare.
654 467 706 533 Qui
725 468 796 521 caim
818 467 941 536 loquitur

97 557 203 622 lingua,
232 553 337 625 iuquit,
367 568 422 607 non
456 553 610 608 bominibus
638 555 768 624 loquitur,
797 555 846 610 sed
886 557 941 612 Deo

97 645 126 714 (i
139 644 198 701 Cor.
217 658 277 708 xiv,
306 644 344 713 u).
361 643 449 699 Nemo
465 642 541 698 enirn
557 642 647 711 audit,
665 643 720 699 hoc
737 651 780 700 est
797 644 940 717 inteiligit.

97 733 189 800 Quem
216 732 303 788 etiam
324 732 456 787 auditum
488 732 628 787 Dominus
659 732 793 802 requirit,
824 734 940 791 dicens:

98 825 154 890 Qui
177 822 255 876 labet
284 836 363 876 aures
391 821 532 888 audiendi,
561 821 658 875 audiat
685 821 795 891 (italiis,
819 836 883 889 ιιιιι,
905 823 940 891 9).

97 913 170 968 item
196 910 351 980 Apostolus
373 911 408 966 de
431 910 554 967 utilitate
578 911 781 981 prophetandi,
801 911 940 981 subjecit:

97 1003 240 1070 Numqui
264 1001 412 1069 proplclat
436 1000 590 1054 horninibus
614 1000 737 1069 loquitur
761 1001 798 1054 ad
821 1000 942 1068 aedidca-

98 1093 200 1144 tionem
215 1091 237 1156 (i
251 1090 310 1145 Cor.
338 1103 397 1150 niv,
412 1087 439 1158 3)
449 1105 460 1151 ,·
480 1096 506 1143 et
532 1089 656 1144 iterum:
673 1087 726 1152 Qni
744 1089 867 1154 loquitur
890 1089 943 1142 lin·

98 1195 156 1246 gno
171 1181 343 1247 semetipsum
366 1177 494 1246 aedtpcut,
516 1179 563 1243 qni
585 1182 674 1232 autern
688 1177 834 1247 prophetat
856 1177 945 1232 Eccle-

98 1270 172 1321 siam
196 1266 326 1334 aedificat,
351 1266 410 1319 roto
437 1271 593 1320 antemnas
618 1281 707 1320 omnes
732 1266 808 1331 loqui
829 1263 943 1334 linquis,

99 1357 189 1423 magis
206 1359 296 1408 aulem
310 1355 485 1423 prophetare.
507 1356 579 1410 Nam
603 1355 693 1423 major
707 1360 746 1409 est
761 1357 808 1425 qni
825 1356 943 1424 proplie-

997 466 1116 536 indiget,
1141 466 1170 521 in
1195 479 1255 522 suae
1277 464 1342 520 inci
1365 462 1539 520 confessione
1563 461 1652 517 verba
1673 463 1833 521 convertat,

996 569 1084 626 quam
1102 556 1138 612 ad
1153 555 1302 612 hominum
1326 552 1486 609 doctrinam
1511 549 1601 607 verba
1625 562 1691 619 quae
1714 561 1772 605 non
1794 545 1838 602 in·

997 645 1173 715 teiiigantur.
1183 643 1291 700 trustra
1309 642 1443 712 proterat.

1032 735 1060 791 Si
1074 742 1170 790 autern
1185 747 1233 790 eos
1247 731 1298 803 qui
1313 731 1478 802 praedicant,
1494 743 1560 785 cum
1584 726 1634 783 iiia
1656 740 1722 798 quae
1736 725 1841 782 dicun·

999 833 1046 880 tur
1073 836 1215 894 exponere
1242 836 1298 877 non
1333 819 1492 885 suiiiciunt,
1525 830 1634 873 cessare
1662 815 1798 871 convenit
1824 828 1843 870 a

997 911 1211 984 praedicatione,
1237 916 1347 981 quanto
1371 908 1463 980 magis
1487 921 1553 963 cum
1577 919 1631 962 nee
1655 903 1708 975 ipsi
1735 903 1844 960 inteili-

998 1009 1071 1072 gunt
1085 1013 1119 1055 ea
1134 1014 1200 1070 quae
1215 997 1376 1069 proterunt,
1400 1004 1428 1053 et
1448 1003 1506 1052 tota
1519 1007 1621 1052 eorum
1650 993 1719 1049 tides
1741 992 1771 1048 in
1795 1006 1844 1048 ore

998 1088 1094 1160 potius
1122 1101 1210 1158 quarn
1236 1087 1264 1142 in
1285 1085 1370 1142 corde
1397 1083 1543 1149 consistat,
1573 1096 1640 1138 eum
1664 1081 1844 1137 econtrario

999 1177 1074 1233 dicat
1096 1177 1265 1246 Apostolus:
1297 1175 1382 1230 Corde
1408 1173 1530 1230 creditur
1560 1171 1767 1240 adjustitiam,
1799 1186 1845 1225 ore

999 1272 1089 1321 autem
1103 1267 1236 1333 consessio
1250 1269 1281 1335 fit
1292 1265 1329 1318 ad
1342 1265 1474 1318 salutem!
1491 1264 1574 1331 (Rom.
1586 1275 1616 1327 x,
1635 1259 1844 1331 {emmonim

1000 1354 1077 1426 quod
1100 1355 1169 1410 dicit
1190 1368 1247 1409 non
1270 1352 1415 1424 inteiligit,
1444 1352 1569 1422 proiecto
1592 1349 1671 1420 guod
1691 1349 1761 1404 dicit
1774 1347 1843 1417 ipse,

101 1450 143 1498 tat
163 1445 307 1515 gnomoni
327 1443 451 1512 loquitur
466 1443 579 1512 linguis,
595 1449 650 1498 nisi
664 1445 736 1509 forte
753 1445 947 1514 interpretetur
1000 1443 1101 1513 nescit;
1123 1450 1150 1500 et
1173 1443 1274 1499 docere
1297 1441 1495 1511 imprudenter
1515 1439 1674 1512 praesumit,
1696 1450 1763 1508 qnae
1785 1437 1847 1507 ipse

100 1538 132 1584 ut
149 1531 269 1584 Ecclesia
291 1530 496 1600 edipndionem
519 1534 647 1600 occipiat.
670 1533 861 1599 Naucratem,
882 1532 947 1598 tra·
1001 1534 1097 1590 adnue
1112 1534 1226 1605 ignorat
1241 1532 1317 1588 inter
1330 1545 1377 1588 eos
1390 1531 1490 1586 merito
1500 1527 1722 1598 computandus,
1737 1525 1847 1596 quibus

102 1624 168 1684 trae,
189 1619 213 1673 si
229 1634 324 1672 uenero
340 1619 376 1672 ad
388 1634 434 1673 uos
454 1619 556 1688 linguis
572 1621 692 1689 benene,
709 1621 776 1691 guid
795 1620 869 1675 uobis
884 1635 947 1689 pro·
1002 1623 1115 1679 Veritas
1134 1623 1334 1693 improperans
1348 1619 1410 1675 ait:
1439 1620 1507 1674 eece·
1532 1622 1596 1673 sunt
1615 1617 1695 1672 duces
1718 1628 1847 1671 meorum

100 1706 190 1762 deroi
209 1707 305 1776 (ibid,
325 1707 399 1777 1ιιι.)
415 1708 455 1762 De
470 1724 528 1779 quo
543 1710 660 1779 quidem
674 1717 701 1765 et
716 1723 876 1781 congruam
892 1716 947 1764 sta·
962 1718 984 1775 Β
1002 1712 1112 1781 (Metti.
1141 1725 1191 1775 xv,
1222 1711 1275 1782 ii).
1299 1710 1334 1765 Et
1354 1708 1529 1779 Apostolus:
1550 1708 1713 1770 nescientes,
1737 1701 1845 1773 inquit.

100 1798 151 1851 tim
171 1795 392 1851 similitudinem
426 1796 566 1853 inducens
589 1798 649 1854 ait:
675 1799 740 1864 Ona
771 1800 828 1853 sine
854 1801 947 1852 anima
1001 1817 1062 1872 qna
1076 1803 1235 1870 loquuntur,
1256 1798 1390 1867 nequede
1413 1797 1512 1867 quibus
1533 1793 1713 1865 affirmantli
1734 1792 1804 1847 iim.
1825 1806 1845 1857 ι,

102 1889 166 1938 sunt
178 1898 267 1937 vocem
282 1883 380 1937 dontio
393 1886 452 1938 siue
467 1885 544 1951 tibia,
560 1889 617 1940 sive
635 1888 752 1954 cithara,
777 1887 833 1942 nisi
847 1885 945 1940 distin·
1001 1895 1037 1958 7).
1063 1890 1166 1945 Adhuc
1186 1903 1304 1959 quoque
1328 1895 1389 1958 post
1409 1884 1606 1956 evangelicam
1631 1881 1845 1943 revelationem,

101 1977 215 2027 ctionem
241 1977 379 2028 sonituum
413 1974 547 2041 dederint,
579 1977 711 2043 quomodo
743 1977 844 2031 edetur
876 1975 948 2044 quod
1002 1985 1065 2048 post
1101 1984 1141 2035 tot
1178 1984 1344 2034 sanctorum
1383 1976 1502 2033 Patrurn
1535 1972 1675 2030 revela...
1715 1969 1848 2028 velamen

102 2063 222 2127 canitur,
242 2067 292 2117 aut
312 2064 517 2118 citicriroturi
532 2066 640 2119 Etenim
660 2068 686 2119 si
710 2067 840 2121 incertam
860 2079 949 2119 vocem
1001 2067 1086 2137 iioysi
1101 2079 1188 2136 super
1202 2079 1251 2122 cor
1265 2065 1412 2131 habentes,
1435 2077 1488 2120 nec
1502 2063 1598 2119 adhuc
1616 2075 1683 2117 cum
1704 2057 1847 2129 spostoio,

103 2151 150 2205 det
163 2151 237 2217 tuba,
255 2153 317 2221 garis
334 2152 447 2221 parabit
469 2169 498 2207 se
518 2153 555 2208 ad
574 2154 694 2208 bellum?
720 2156 762 2208 itu
777 2168 840 2222 erpo
863 2157 889 2207 et
903 2166 948 2206 vos
1002 2156 1123 2211 reuelato
1147 2158 1219 2225 succe
1244 2155 1360 2223 gloriam
1388 2154 1505 2207 bortum·
1527 2152 1695 2221 speculanter
1723 2148 1764 2217 (ii
1784 2146 1846 2203 (lor.

98 2254 151 2309 per
191 2240 313 2306 linguam
339 2242 395 2295 nisi
421 2244 597 2309 manifestum
627 2258 777 2297 sermonem
805 2241 946 2307 dederitis,
1003 2260 1043 2313 ιιι,
1069 2247 1122 2315 is),
1140 2245 1192 2301 hoe
1208 2243 1248 2300 iiii
1272 2244 1393 2300 audiant
1416 2241 1466 2312 qui
1492 2254 1581 2296 saerae
1606 2237 1762 2307 scripture
1789 2247 1849 2290 mn·

104 2327 237 2398 quomodo
251 2331 351 2382 scietur
373 2329 404 2382 id
416 2329 489 2397 qnod
510 2329 636 2384 dicitur?
651 2331 736 2403 Eritis
751 2334 866 2384 enimin
886 2344 950 2384 uera
1004 2336 1086 2408 gistri
1104 2334 1269 2399 residentes,
1287 2331 1375 2388 verba
1390 2330 1483 2401 magis
1496 2341 1601 2398 pueros
1616 2326 1743 2397 proierre
1758 2336 1847 2396 quam

105 2418 349 2487 squamatum,
374 2418 448 2488 no.)
466 2418 552 2482 Quasi
574 2419 713 2475 inutiliter
737 2432 832 2474 aerem
856 2418 949 2475 sotum
1003 2425 1164 2496 intelligere
1186 2424 1297 2479 docent.
1322 2423 1379 2478 nec
1406 2422 1440 2477 aa
1465 2421 1586 2476 saturem
1607 2416 1685 2473 iliius
1711 2411 1848 2483 sapientis

105 2508 234 2564 exterius
258 2507 360 2579 liuguu
381 2509 575 2576 verberantes,
603 2524 660 2564 uuu
680 2524 729 2565 uui
752 2509 874 2565 interius
899 2523 950 2579 per
1003 2513 1188 2586 proverbium
1205 2512 1282 2584 quod
1302 2511 1386 2582 pueri
1411 2510 1584 2575 didicerunt,
1605 2518 1707 2562 eorum
1725 2502 1848 2559 conterit

106 2598 324 2668 intelligentiam
347 2598 553 2669 contingentes.
581 2599 616 2654 Et
641 2613 761 2655 rursus:
787 2601 843 2666 Epo
865 2603 889 2653 si
904 2614 948 2652 ne·
1005 2604 1233 2674 impudentiam:
1254 2601 1355 2669 tegere
1376 2604 1448 2655 enim
1466 2603 1493 2653 et
1506 2614 1560 2653 non
1575 2596 1737 2662 intelligere,
1757 2591 1847 2658 negli-

105 2690 190 2742 scr'ero
204 2689 334 2741 virtutem
349 2689 432 2754 uocis,
450 2701 499 2743 ero
515 2689 559 2742 cui
574 2688 670 2758 loquor
694 2689 838 2754 barbarus,
862 2693 888 2741 et
902 2690 951 2756 gui
1004 2708 1065 2762 pere
1081 2697 1130 2747 est,
1148 2689 1203 2758 Qui
1221 2704 1287 2745 cum
1308 2689 1338 2744 in
1359 2688 1404 2744 his
1417 2687 1484 2742 cneci
1498 2692 1576 2753 sunt,
1594 2697 1660 2754 quae
1683 2678 1849 2737 (16080ᾱί-

107 2774 311 2846 lopuitnrmiiu'
326 2775 477 2846 barburns3
494 2780 569 2830 sicet
585 2782 671 2831 coset
687 2781 774 2831 omnis
798 2777 949 2846 guiloqni·
1004 2789 1123 2849 cuntur,
1154 2787 1234 2836 tanto
1259 2778 1307 2834 nic
1338 2790 1438 2833 eorum
1468 2788 1549 2831 error
1579 2781 1621 2828 est
1649 2768 1847 2842 periculosior.

106 2865 257 2932 turtingna
271 2869 327 2918 oret
343 2867 576 2934 utinterpretetnr
591 2864 684 2936 (ibid,
702 2868 745 2928 ii,
762 2864 816 2936 ii).
1006 2875 1115 2941 quanto
1148 2876 1191 2925 est
1218 2866 1308 2938 liujus
1336 2866 1375 2920 rei
1402 2864 1532 2920 doctrina
1552 2861 1645 2932 magis
1677 2856 1849 2922 necessaria,

140 2950 225 3018 Quid,
242 2967 349 3023 qtraeso,
366 2955 502 3009 virtutem
518 2954 596 3009 vocis
617 2955 697 3020 dicit,
714 2953 769 3010 nisi
791 2953 853 3025 ejus
868 2950 949 3008 intel·
967 2988 988 3044 C
1005 2966 1146 3029 tanquam
1171 2957 1302 3014 omniurn
1318 2956 1460 3012 bonorum
1486 2952 1706 3008 tundamentum
1728 2944 1852 3003 eoiioca·

106 3040 256 3112 ingenuam
280 3048 507 3112 propterquam
531 3051 572 3100 est
595 3043 734 3113 reperta?
754 3041 835 3110 ouon
864 3041 951 3097 etiam
1007 3057 1065 3105 tur.
1082 3047 1163 3116 ouon
1176 3046 1233 3104 nist
1246 3045 1400 3117 diiigenter
1414 3042 1500 3098 ruem
1525 3041 1696 3110 inspectum,
1713 3033 1786 3090 niun
1806 3045 1850 3088 so·

108 3129 218 3197 beatus,
234 3138 265 3186 nt
278 3144 367 3200 suiui
378 3131 574 3199 meminimus,
592 3133 740 3188 :ntentans
754 3131 949 3204 Augustinus:
1007 3138 1139 3196 curitatis
1158 3135 1257 3192 alteret
1275 3134 1354 3206 quod
1373 3133 1459 3189 luerit
1486 3118 1851 3199 superaedtiicatum,0uid

108 3217 313 3288 Quiduiudeiit
339 3219 444 3290 inquit,
470 3221 613 3276 locutionis
637 3223 781 3289 integritas
804 3233 952 3290 uuumuuu
1008 3227 1133 3297 denique
1160 3223 1254 3295 magis
1282 3221 1470 3278 ridiculosum
1485 3232 1573 3290 quam
1589 3217 1612 3272 si
1626 3212 1732 3285 aliquis
1758 3209 1851 3267 elium

107 3311 234 3377 sequitur
256 3309 408 3364 intellectus
436 3310 586 3374 audientis,
610 3326 670 3365 aum
695 3311 823 3379 loquendi
847 3311 953 3363 omnino
1008 3317 1109 3373 docere
1130 3314 1241 3381 volens,
1267 3325 1334 3369 curn
1359 3308 1517 3380 requisitus
1541 3306 1626 3362 inerit
1651 3304 1686 3359 de
1715 3301 1761 3357 his
1787 3310 1853 3370 quat

109 3397 187 3452 ”ullu
215 3399 251 3452 δ’)
277 3414 369 3465 iuuit,
391 3404 415 3452 si
442 3400 515 3469 qnod
548 3400 686 3468 loquimar
715 3414 768 3453 ιιι
795 3397 954 3464 inteiligunt
1009 3404 1077 3461 dicit
1093 3411 1192 3459 utrum
1209 3401 1360 3472 intelligat,
1377 3406 1461 3470 neget
1476 3397 1600 3468 seipsum
1612 3392 1772 3462 intelligere
1786 3400 1852 3460 qun

100 3491 221 3557 propter
234 3502 299 3554 quos
314 3494 344 3542 ut
357 3487 515 3554 intelligant
535 3486 698 3558 loquimur?
720 3487 774 3552 Oui
793 3485 880 3542 etiam
895 3492 953 3540 tam
1009 3487 1079 3543 dicit
1097 3487 1141 3542 vei
1166 3501 1196 3542 se
1215 3485 1325 3543 nescire
1348 3484 1501 3555 dequibus
1527 3478 1679 3552 ioquituri
1704 3475 1853 3540 Quantum

109 3574 265 3630 verborum
303 3575 522 3647 intelligentiam
546 3575 576 3631 in
603 3575 729 3631 Ecclesia
762 3572 954 3632 necessariam
1008 3574 1184 3632 cachinnum
1213 3573 1392 3645 philosophis
1413 3580 1441 3629 et
1459 3570 1565 3628 Grecis
1589 3564 1854 3637 sapientiamque·

110 3661 188 3729 dicit,
213 3670 244 3719 ut
263 3678 328 3719 cnm
355 3664 394 3720 ini
416 3665 522 3735 aliqua
551 3664 762 3721 benedictiones
788 3663 872 3728 liunt,
896 3674 953 3717 nou
1011 3664 1140 3721 rentibus
1164 3664 1285 3738 apostoli
1309 3663 1474 3726 movissent,
1492 3660 1599 3716 Filium
1623 3655 1674 3711 itei
1693 3650 1853 3723 praedican-

110 3751 211 3808 debeat
224 3752 314 3806 Amen
335 3754 500 3822 responderi
515 3755 570 3809 nisi
587 3753 623 3809 ab
648 3751 886 3820 intelligentibus,
901 3749 954 3820 qni
1011 3760 1062 3818 tes,
1076 3753 1100 3808 si
1116 3755 1145 3809 ln
1165 3753 1226 3822 ipso
1241 3753 1337 3808 statim
1361 3748 1572 3822 predicationis
1586 3743 1705 3803 exordio
1729 3740 1770 3796 sic
1784 3751 1854 3803 oon·

109 3841 243 3896 videlicet
264 3841 424 3897 discernere
449 3841 557 3912 possint
577 3856 614 3898 an
638 3840 845 3898 benedictionis
867 3838 955 3895 verba
1010 3841 1099 3897 tutari
1114 3847 1239 3913 possent,
1255 3848 1288 3896 ut
1302 3839 1352 3909 qni
1368 3853 1414 3894 eos
1441 3837 1567 3907 primunr
1588 3832 1743 3903 praedicare
1758 3840 1792 3883 ac
1805 3825 1855 3882 do·

111 3930 168 3985 sint
182 3943 220 3985 an
243 3929 467 3986 maledictionis:
485 3931 630 3998 Quomodo,
653 3931 759 4001 inquit,
778 3931 849 3984 dicet
867 3929 955 3984 Amen
1011 3942 1075 3984 cere
1090 3927 1238 3998 oportebat
1254 3927 1307 3997 ipsi
1327 3941 1356 3983 se
1375 3925 1487 3982 nescire
1502 3919 1684 3979 tererentur?
1700 3915 1782 3983 Quod
1801 3926 1855 3970 nec

112 4033 195 4087 snper
215 4023 289 4072 taam
305 4019 522 4083 benedictionem,
542 4020 653 4089 quondo
667 4036 726 4090 gon
746 4020 822 4074 dicos
846 4015 955 4073 nescit?
1012 4017 1083 4074 iorte
1096 4017 1131 4074 de
1146 4017 1215 4087 ipsis
1230 4028 1451 4087 praesumamus,
1469 4012 1578 4085 quibus
1589 4010 1702 4068 Veritas
1715 4003 1855 4076 Spiritum

111 4105 203 4175 (itia,
245 4106 298 4175 ii.)
326 4107 362 4162 Et
394 4121 529 4163 rursum:
566 4106 681 4162 Gratias
716 4123 767 4175 ogo
804 4110 858 4162 tiro
885 4120 954 4171 meo,
1011 4113 1144 4163 sanctum
1162 4106 1329 4177 promittens
1356 4106 1417 4160 alt:
1437 4104 1486 4158 ille
1506 4116 1553 4157 vos
1577 4099 1683 4155 docebit
1705 4096 1806 4161 omnia,
1829 4093 1856 4148 et

113 4197 243 4260 quoniam
257 4198 376 4250 omnium
397 4201 517 4251 cestrum
532 4198 627 4265 tingue
646 4198 749 4266 loquor.
775 4195 829 4251 Sed
851 4198 881 4248 in
896 4194 955 4249 Ee·
1012 4203 1136 4265 suggeret
1149 4197 1224 4252 vobis
1243 4196 1341 4258 omnio,
1366 4208 1534 4265 quacunque
1559 4190 1654 4244 dicem
1672 4187 1746 4242 uobis
1765 4182 1853 4255 (ioan.

113 4284 195 4338 etesia
212 4286 272 4339 nolo
289 4287 407 4356 quiaque
427 4286 509 4339 amba
525 4301 606 4340 sensu
621 4301 676 4341 meo
692 4287 776 4354 toqui,
795 4290 827 4338 at
843 4287 869 4338 et
888 4284 956 4338 aiios
975 4318 996 4372 D
1012 4300 1073 4352 xiv,
1086 4286 1143 4356 nti).
1159 4285 1322 4342 Audiamus
1331 4289 1506 4354 etquantam
1520 4279 1562 4336 eis
1575 4276 1714 4335 fiduciam
1728 4274 1763 4330 de
1776 4277 1856 4328 tanto

114 4376 261 4440 instruam,
289 4388 371 4442 quom
393 4372 482 4428 decem
513 4374 656 4428 emiorum
685 4374 777 4428 mellic
805 4375 835 4427 in
862 4373 957 4441 lingna
1014 4376 1150 4447 magistro
1173 4374 1284 4431 Veritas
1306 4374 1369 4443 ipsa
1392 4370 1543 4440 reliquerit
1567 4368 1683 4423 dicens:
1700 4365 1762 4420 Non
1785 4361 1856 4416 enim

113 4461 206 4532 (ibid,
237 4464 278 4527 i8,
308 4461 361 4532 iii).
386 4462 421 4516 Et
446 4461 543 4516 statim
565 4462 600 4516 ad
628 4461 830 4532 periectionem
855 4459 959 4516 intelli·
1012 4466 1140 4519 oosestis
1168 4464 1216 4535 pur·
1244 4463 1398 4531 loquimini,
1429 4459 1478 4514 sed
1498 4461 1615 4529 spiritns
1643 4454 1736 4510 Putris
1759 4449 1853 4510 vestri,

113 4551 217 4622 gentiae
232 4563 383 4605 sacrorum
397 4549 552 4605 verborum
574 4564 626 4607 nos
640 4550 814 4606 adhortans:
836 4551 956 4616 Fratres,
1013 4554 1061 4619 qui
1074 4555 1195 4624 loquitur
1211 4556 1241 4606 in
1253 4552 1328 4606 eolis
1347 4549 1457 4621 (itatti.
1480 4562 1512 4613 x,
1528 4547 1584 4617 uit).
1602 4546 1640 4601 lie
1666 4554 1725 4613 quo
1739 4546 1767 4595 et
1787 4535 1857 4592 aiibi

112 4638 217 4708 iuquit,
234 4639 318 4692 uului
332 4640 411 4707 pueri
426 4640 499 4706 effici
513 4639 647 4703 semibus,
663 4639 711 4693 iud
724 4639 825 4693 militia
846 4638 959 4707 paruuli
1013 4643 1227 4712 scriptumest:
1248 4641 1287 4695 Et
1305 4656 1358 4694 aon
1379 4642 1506 4709 poterunt
1525 4639 1650 4691 resistere
1675 4633 1816 4702 sapientie
1831 4633 1857 4683 et

110 4731 203 4792 estote,
215 4726 338 4781 sensibus
351 4730 442 4781 autem
465 4729 581 4797 perfecti
603 4727 696 4794 libid,
721 4727 776 4796 20).
795 4725 848 4792 0(ιί
869 4728 957 4782 etiem
1013 4733 1191 4803 spirituique·
1215 4729 1375 4799 loquebatur
1391 4728 1465 4799 (Act.
1491 4740 1531 4792 vr,
1553 4726 1605 4792 ιθ).
1634 4722 1663 4779 si
1684 4733 1744 4792 qua
1766 4718 1857 4790 igitur

111 4816 232 4886 eosqui
256 4829 322 4884 ques
352 4816 509 4885 praedicant
539 4829 683 4885 exponere
713 4829 770 4871 non
797 4814 957 4882 suiiiciunt,
1015 4818 1148 4889 mysteria
1162 4821 1198 4874 de
1219 4818 1277 4874 Deo
1303 4824 1388 4873 antea
1412 4815 1615 4879 disseruimus,
1638 4811 1684 4867 iric
1708 4808 1803 4879 potius
1826 4804 1856 4861 in

111 4913 229 4975 quantae
244 4905 370 4960 irrisioni
392 4912 461 4960 sunt
488 4905 623 4971 habendi,
640 4919 698 4960 non
721 4905 820 4962 reticet
839 4906 955 4961 dicens:
1013 4904 1096 4962 nohis
1118 4918 1207 4975 quam
1231 4917 1283 4959 nos
1307 4903 1372 4973 ipsi,
1394 4903 1448 4959 hoc
1472 4903 1543 4973 agit,
1568 4908 1596 4956 et
1618 4896 1696 4969 quod
1711 4893 1795 4951 nobis
1813 4897 1857 4947 est

111 4993 142 5048 Si
157 5010 220 5062 ergo
242 4995 384 5048 conueniat
403 4996 533 5048 universo
550 4994 672 5048 Ecclesia
691 4997 720 5048 in
747 5008 841 5059 anum,
867 5008 956 5048 omnies
1012 4993 1196 5065 impossibile,
1216 4992 1269 5062 ipsi
1283 5000 1325 5048 est
1340 4991 1432 5048 facile.
1450 4992 1482 5047 in
1504 5005 1563 5062 qno
1579 4989 1649 5044 adeo
1662 4992 1768 5042 cuncta
1788 4993 1856 5037 eou-

111 5084 213 5149 tiaouis
229 5083 391 5152 loquantur,
412 5085 514 5136 intrent
533 5088 623 5136 antem
647 5082 738 5137 idiotae
759 5085 809 5136 ant
824 5082 956 5151 infideles,
1012 5084 1130 5149 sistunt,
1144 5095 1210 5153 quer
1231 5081 1387 5138 salubriter
1409 5079 1588 5150 profitemur,
1615 5084 1646 5132 ut
1670 5088 1746 5130 nemo
1768 5069 1856 5141 possit

109 5188 198 5227 nonne
211 5172 303 5226 dicent
313 5173 386 5242 quod
396 5169 552 5227 insanitis?
569 5170 644 5241 (ibid
660 5213 667 5238 ,
682 5171 741 5242 ui.)
756 5170 838 5228 Unde
856 5179 958 5241 etpost
1012 5171 1100 5225 dicere
1117 5172 1249 5226 Dominus
1272 5172 1360 5239 lesus,
1377 5170 1432 5224 nisi
1454 5170 1485 5223 in
1509 5169 1617 5237 Spiritu
1635 5168 1729 5220 sancto
1750 5160 1776 5231 (i
1788 5160 1854 5216 Gor.

109 5261 209 5330 aliqua
224 5260 258 5316 de
274 5259 322 5315 iiio
347 5264 397 5330 qui
413 5260 558 5330 praedioat,
583 5259 707 5327 adjecit:
733 5258 764 5314 Si
792 5264 883 5314 cutem
904 5275 957 5314 non
1013 5273 1065 5329 nn,
1082 5258 1120 5330 i).
1138 5261 1195 5315 iioc
1217 5260 1307 5331 igitur
1322 5260 1439 5315 docente
1460 5258 1658 5329 intelligimus,
1683 5254 1737 5310 hoe
1755 5259 1859 5321 sugge

109 5350 194 5416 sumit
205 5352 340 5418 interpres
356 5354 444 5405 taceat
458 5351 486 5404 in
503 5349 632 5415 Ecclesia,
649 5347 704 5403 sibi
723 5354 814 5403 cutem
829 5349 958 5419 loquatur
1013 5355 1093 5404 rente
1104 5347 1271 5405 disserimus
1292 5362 1358 5420 ques
1372 5362 1424 5404 nos
1439 5347 1490 5417 ipsi
1517 5361 1574 5403 non
1603 5354 1768 5416 possumus,
1793 5339 1856 5409 ipsa

109 5442 134 5492 et
148 5437 306 5508 molitiei,
325 5438 382 5509 ns).
406 5442 447 5495 Ac
474 5438 498 5493 si
525 5444 623 5507 aperte
647 5437 741 5494 dicet:
761 5436 825 5495 Non
846 5451 958 5508 praesn-
1012 5439 1099 5494 etiam
1115 5435 1165 5493 [tei
1177 5444 1205 5493 et
1216 5437 1365 5494 Trinitatis
1379 5437 1525 5508 mysteria.

108 5533 168 5581 mat
185 5526 267 5597 toqui
285 5527 452 5584 hominibus
467 5525 520 5598 oni
538 5526 574 5582 ad
589 5526 793 5598 exponendum
808 5540 874 5597 quae
889 5526 958 5583 dicit
1047 5524 1119 5594 Qun
1143 5523 1295 5596 diiigenter
1319 5525 1420 5582 beatus
1444 5525 1626 5597 distinguens
1654 5521 1857 5589 iiieronymns,
