3804 5962
104 202 156 257 815
371 189 474 246 PETRI
493 185 679 244 anamael
698 186 774 245 OPP.
794 185 884 241 PARS
902 185 950 240 lll.
966 213 1000 225 -
1014 184 1236 244 uuuobotttca
1254 186 1298 242 br
1316 183 1582 242 efflbosoeurm.
1798 188 1851 241 sto

102 320 177 393 legis
205 315 346 386 scriptum
374 313 405 368 in
432 311 579 368 cordibus.
613 309 685 367 Cum
714 308 782 366 dicit
806 310 950 378 scriptun,
966 312 991 364 Α
1005 309 1198 380 Eiquareeas
1212 310 1339 369 maxime
1357 318 1458 381 penset
1472 311 1611 381 annectit,
1636 325 1696 381 qna
1715 325 1855 383 accusans

104 403 345 480 perseverantiam
375 401 458 457 bonae
484 397 641 456 voluntatis
672 397 778 454 innuit.
815 398 849 453 llt
876 396 953 454 enim
1007 396 1052 453 rel
1067 406 1207 456 excusant
1229 400 1305 470 apud
1323 401 1424 456 Deam
1451 400 1663 473 cogitationum
1684 398 1750 455 dico
1779 399 1855 457 inter

104 497 208 555 beatus
223 493 263 551 ait
284 489 446 562 Gregorius,
473 487 551 559 quod
577 485 727 558 loquimur
741 484 854 549 transit,
875 485 953 556 quod
1008 486 1187 557 seinvicem,
1211 489 1319 545 scilicet
1341 489 1518 559 habitarum,
1533 495 1567 546 ut
1583 488 1618 545 do
1637 487 1708 559 ipsis
1721 487 1856 545 videlicet

105 584 262 642 scribimus
276 585 437 651 permanet.
459 576 513 641 Qui
528 575 628 646 itaque
642 574 714 647 legis
722 575 871 631 auditores
885 582 954 631 sunt
1007 576 1185 635 existimaret
1207 578 1352 650 agendum
1377 578 1453 634 sicat
1471 578 1506 634 de
1520 576 1603 649 aliis;
1618 576 1705 648 juxta
1719 575 1799 634 illam
1810 576 1852 634 ri-

105 671 190 744 quasi
208 671 300 741 legem
323 667 487 736 loquuntur
515 677 605 734 quam
627 662 658 718 in
687 662 862 718 membranis
883 661 950 718 scri·
1007 664 1108 722 delicet
1122 667 1333 737 suprapositam
1356 667 1500 724 naturalis
1513 665 1586 739 legis
1599 666 1750 737 regulam:
1777 666 1855 733 Quod

105 768 265 832 ptam,non
280 756 310 812 in
325 752 459 810 cordibus
480 749 725 809 tenentalfixam,
746 749 825 807 Sicut
847 765 863 807 e
885 764 952 807 con·
1007 754 1058 809 tibi
1077 756 1137 825 fieri
1151 770 1205 809 non
1218 757 1270 822 uis,
1294 754 1345 809 aiii
1371 770 1404 810 ne
1430 757 1537 823 seceris.
1559 755 1618 811 Et:
1636 755 1702 821 Quae
1724 756 1810 810 uultis
1822 760 1853 810 ut

103 847 193 906 traria
221 843 267 901 isti
292 841 414 910 iaciunt,
433 841 539 896 Bonum
562 841 603 893 eis
619 841 805 893 testimonium
824 838 953 894 reddente
1005 845 1113 911 {mant
1126 843 1201 900 uobis
1214 844 1343 911 domines,
1366 848 1392 899 et
1411 859 1458 900 uos
1472 846 1557 912 (acite
1576 844 1644 899 illis.
1667 846 1699 899 ln
1728 844 1783 911 die,
1801 844 1855 901 boc

101 935 268 997 conscicntia
294 933 427 1002 ipsuum,
452 928 506 985 hoc
532 934 574 984 est
603 938 719 983 securos
743 940 795 984 eos
814 925 952 983 iacientes
1006 940 1047 989 est
1063 933 1093 988 in
1109 940 1245 1004 tenspore,
1261 948 1313 1002 quo
1324 931 1471 1003 judicabit
1483 936 1555 989 Deus
1569 946 1620 1003 pel·
1635 932 1741 989 Filium
1754 947 1852 1001 suum,

103 1025 139 1082 de
152 1021 266 1096 justitia
278 1033 398 1091 operum
414 1030 547 1085 suorum,
564 1015 639 1072 bona
661 1014 790 1085 ipsorum
804 1013 951 1071 conscien-
1005 1020 1091 1078 idest
1112 1022 1210 1078 iesum
1235 1021 1394 1092 Christum,
1420 1021 1579 1078 secundum
1606 1021 1683 1092 quod
1711 1021 1853 1092 scriptum

102 1115 142 1170 tia
171 1119 260 1183 atque
286 1115 363 1165 recta
382 1107 551 1175 intentione,
581 1118 649 1175 qum
671 1104 727 1160 illis
756 1117 814 1160 non
828 1102 892 1159 aliis
907 1117 952 1159 eo
1005 1117 1047 1168 est
1064 1126 1071 1165 ς
1088 1113 1169 1166 Pater
1183 1125 1261 1166 omne
1270 1110 1408 1181 judicium
1427 1112 1503 1167 dedit
1528 1111 1597 1166 Filio
1626 1108 1717 1179 (ioan.
1745 1124 1774 1177 v,
1796 1110 1853 1183 ii).

101 1200 247 1275 gnitaest.
264 1195 432 1254 Secundum
445 1207 533 1265 quarn
550 1192 668 1264 quidem
683 1190 952 1248 intentionemlleus
1005 1200 1116 1256 occulta
1141 1201 1290 1266 nominum,
1321 1199 1348 1255 td
1374 1207 1416 1256 esa
1436 1199 1609 1256 intentiones
1635 1199 1733 1271 pactus
1761 1213 1852 1270 quam

101 1301 189 1361 operit
204 1291 313 1359 pensat.
331 1285 367 1338 lst
381 1286 453 1337 iniat·
469 1297 497 1336 se
518 1283 643 1335 t'ttut'oem.
660 1279 777 1335 Diversa
789 1277 885 1335 littera
904 1279 951 1336 hic
1004 1286 1148 1344 exteriora
1163 1301 1259 1358 opera.
1286 1287 1442 1343 Secundum
1456 1288 1638 1356 Euangelium
1650 1302 1750 1353 meum,
1768 1286 1853 1344 idest

100 1377 156 1451 pegi
181 1376 260 1433 solat.
291 1372 375 1431 Modo
398 1371 475 1427 enirn
500 1367 620 1441 genitivi
645 1367 774 1441 plurales
800 1375 950 1437 ponuntur
1005 1376 1079 1432 sicat
1097 1390 1150 1448 ego
1172 1377 1305 1446 praedico,
1334 1389 1460 1433 asserere
1487 1375 1617 1432 videlicet
1638 1375 1731 1433 Deum
1755 1375 1853 1447 potius

101 1469 156 1526 boc
174 1464 269 1531 modo,
294 1462 489 1531 oscitationum
513 1465 538 1514 ut
567 1461 765 1524 accusantium,
790 1463 842 1512 aut
863 1455 950 1513 enam
1005 1465 1305 1536 intentionemquam
1321 1464 1722 1536 operumremuneratiouem.
1739 1463 1853 1521 sivero

99 1553 317 1622 Memmium
339 1549 422 1606 m0d⁰
442 1546 562 1604 ablativi
587 1545 640 1613 ⁵5⁰2
669 1543 880 1613 ituiitii'tul'btti
905 1558 949 1598 at·
1005 1553 1044 1619 sit
1054 1552 1202 1610 ablativus
1216 1553 1367 1610 absolutus
1381 1555 1435 1610 boc
1448 1554 1595 1611 modotdt
1610 1555 1683 1609 inter
1697 1569 1725 1608 se
1736 1555 1854 1609 invicem

99 1643 267 1711 mantibus,
294 1648 347 1698 θῑΰ·
375 1637 455 1695 ΗΜΘ
482 1635 664 1707 Augustinus
696 1635 737 1687 De
763 1633 873 1687 &iiiiii
898 1632 948 1686 Dei
1003 1642 1214 1711 capitationibus
1239 1642 1445 1709 accusantibus,
1476 1650 1541 1711 etc,
1566 1640 1787 1699 continuabitur
1816 1641 1852 1697 ad

100 1733 149 1790 lib.
161 1746 203 1789 xx
218 1729 277 1802 (5³)
294 1744 301 1784 2
319 1724 608 1794 «incogitationibus
626 1723 708 1793 ‘iiim'
720 1721 946 1791 sicutscriptum
1002 1730 1184 1803 premissum
1199 1732 1290 1788 alium
1304 1732 1464 1788 ablativum
1487 1731 1528 1788 sic
1543 1748 1550 1786 :
1575 1730 1650 1799 Dixi,
1677 1731 1854 1787 conscientia

99 1829 150 1894 tsi,
166 1816 436 1891 impiiinturogatio
452 1815 504 1868 iiii
519 1811 597 1883 (sup.
613 1825 633 1879 ¹2
657 1811 693 1881 9).
711 1811 747 1867 Et
771 1809 944 1880 Al20⁵i0¹¹1⁵²
1004 1819 1132 1891 ipsorum
1147 1819 1284 1876 reddente
1296 1818 1569 1884 illistestimonium,
1582 1825 1610 1875 et
1623 1818 1853 1891 cogitationibus

99 1907 329 1980 cogitationibus,
345 1902 451 1977 inquit,
472 1901 675 1970 accusantibus,
690 1898 736 1956 vel
755 1898 843 1956 etiam
858 1912 944 1955 exon·
1003 1908 1065 1965 suis
1079 1921 1152 1979 quas
1166 1907 1273 1965 habent
1294 1909 1370 1964 inter
1396 1922 1425 1964 se
1446 1907 1581 1975 invicem,
1597 1907 1626 1964 id
1642 1913 1683 1964 est
1711 1919 1763 1977 per
1777 1921 1852 1979 quas

99 1999 244 2067 sentibus,
272 2001 303 2051 in
326 1994 371 2051 dit
396 2008 451 2062 itt
467 1990 608 2063 judicabit
632 1992 705 2044 neus
724 1989 828 2044 ‘’citilit
861 1987 945 2043 itini·
1000 2009 1062 2053 sese
1084 1995 1125 2052 ita
1148 2003 1181 2052 ut
1209 1995 1281 2052 alios
1303 2001 1424 2065 pensant
1442 1998 1475 2052 ut
1499 1994 1677 2062 dictumest,
1700 1993 1781 2066 ipsis,
1807 1995 1850 2051 ln-

100 2096 237 2159 num,etc.
250 2108 265 2138 »
281 2086 358 2143 ldem
374 2083 404 2141 in
417 2082 488 2155 psal.
501 2095 570 2139 cvlu
580 2079 648 2151 (54):
666 2077 947 2148 «011111i20ptr2ltl
1001 2098 1103 2157 quam,
1119 2085 1180 2142 suis
1201 2084 1436 2156 cogitationibus,
1457 2083 1485 2140 id
1513 2088 1558 2141 est
1572 2083 1695 2154 propriis
1713 2083 1854 2140 intentio·

99 2178 176 2236 bona
189 2177 235 2234 vel
248 2175 353 2230 malua
367 2170 542 2242 cogitatione
550 2165 761 2239 procedunt-111
776 2165 948 2238 cogitatione
1002 2173 1098 2237 nibus,
1127 2172 1268 2230 subaudis
1291 2172 1478 2229 reddentibus
1505 2172 1562 2229 illis
1584 2171 1791 2229 testimoninm.
1816 2173 1852 2230 lit

100 2266 227 2339 quisquo
241 2264 389 2320 innocens.
408 2260 439 2315 in
460 2259 634 2330 cogitatione
661 2269 729 2313 reus
755 2261 806 2311 est.
827 2255 948 2325 Propter
1002 2270 1045 2319 esa
1063 2262 1147 2333 quasi
1158 2263 1298 2333 expositio
1313 2262 1376 2333 ejus
1391 2262 1469 2332 quod
1495 2262 1675 2332 praemissum
1700 2268 1752 2326 est,
1781 2276 1850 2318 con-

101 2354 180 2426 quod
212 2350 353 2422 impium
379 2354 441 2404 est:
477 2347 612 2413 0⁰9²'itit'0
644 2349 740 2400 tantia
774 2342 895 2397 mabil
921 2349 947 2398 te
1003 2354 1128 2418 scientia,
1152 2351 1269 2414 scilicet,
1293 2353 1426 2421 ipsorum.
1441 2350 1483 2406 Ac
1506 2350 1530 2406 si
1552 2349 1669 2416 diceret,
1689 2350 1718 2406 id
1744 2358 1786 2408 est
1809 2366 1851 2406 eo·

102 2443 239 2516 (mil-1¹»
255 2439 309 2510 tt).
327 2435 471 2492 »Etalibi
488 2449 496 2489 ²
513 2435 546 2488 ¹⁷²
569 2432 777 2503 cogitationibus
801 2433 881 2502 inpii
902 2432 945 2485 ia-
1002 2440 1181 2509 citationibus
1204 2455 1306 2504 eorum,
1331 2447 1384 2496 eto.
1406 2440 1442 2495 Et
1461 2451 1554 2510 parare
1573 2438 1769 2496 testimonium
1784 2440 1847 2496 red·

42 2552 45 2557 ·
101 2533 251 2600 tenopatio
265 2530 318 2584 erit
334 2526 412 2599 (Sap.
433 2540 452 2594 l,
475 2522 514 2595 9).
540 2523 576 2580 Ει
605 2520 778 2593 Apostolus:
800 2521 944 2588 cogitatio·

101 2622 194 2691 nibus,
222 2618 328 2691 inquit,
364 2613 555 2671 accusantibus
585 2620 636 2670 aut
668 2612 753 2668 ctiam
789 2613 945 2666 accusanti·

103 2713 162 2780 bus,
188 2716 240 2768 etc.
262 2707 341 2766 Idem
366 2705 397 2761 in
414 2702 487 2774 psal.
516 2716 536 2758 r
558 2701 613 2774 (ab)
629 2725 635 2756 ι
652 2719 665 2748 a
687 2698 821 2757 decidant
838 2712 855 2754 a
873 2699 947 2772 cogi·

1002 2529 1090 2585 datur
1103 2528 1154 2596 eis,
1172 2528 1254 2584 idest
1276 2541 1391 2584 securos
1408 2541 1455 2584 eos
1478 2526 1566 2584 iaciat
1579 2528 1767 2600 cogitationes
1787 2541 1849 2585 suae

1003 2617 1080 2688 apud
1099 2619 1191 2675 Deum
1216 2617 1326 2686 subdit,
1352 2617 1423 2687 quia
1445 2616 1849 2684 videlicetsolee,utdictu1u

1002 2713 1054 2774 est,
1078 2707 1263 2779 cogitationes
1287 2706 1366 2776 apud
1394 2706 1486 2762 Deum
1502 2705 1610 2762 habent
1638 2719 1777 2763 accusare
1802 2706 1848 2764 vel

101 2801 259 2860 tationibus
285 2799 346 2854 suis
372 2794 482 2851 dictum
507 2799 560 2861 est,
585 2790 718 2849 decidant
742 2789 947 2848 accusantibus
1001 2795 1162 2852 detondere.
1176 2795 1212 2850 Ει
1228 2794 1283 2851 1100
1303 2802 1345 2850 est
1369 2794 1446 2865 quod
1462 2794 1616 2865 supponat:
1646 2793 1849 2850 Awana-pu,

101 2887 368 2963 socagltationibus
389 2883 460 2953 suis,
478 2881 654 2939 conscientia
681 2895 744 2946 sua,
771 2879 846 2936 sicut
874 2879 947 2949 Apo
1001 2884 1365 2950 autenindesendentibus,
1381 2891 1436 2941 etc.

102 2978 193 3037 stolus
206 2977 298 3034 dicit:
331 2975 534 3042 coustitutum
563 2971 750 3026 accusantium
779 2985 827 3024 tut
849 2968 945 3035 dtitu·
1037 2972 1182 3040 Quaeritur
1201 2979 1297 3028 autem
1314 2971 1643 3042 quomodopostdatum
1655 2971 1849 3030 circumcisio.

102 3069 235 3138 dentium,
249 3073 301 3123 0¹⁰·
317 3062 410 3136 (ibid.)
426 3081 440 3110 a
963 3035 984 3092 c
1003 3061 1048 3119 nis
1058 3061 1246 3118 mandalum:
1273 3062 1366 3117 Omnis
1386 3063 1480 3117 anima
1496 3063 1540 3116 cui
1561 3078 1623 3117 caro
1644 3063 1777 3132 praeputii
1791 3062 1850 3116 cir-

138 3159 211 3215 Puta
225 3161 323 3212 autem
337 3151 413 3208 banc
428 3148 530 3205 litterae
550 3146 747 3204 narrationem
773 3146 899 3204 maxime
912 3160 948 3203 ex
1003 3151 1292 3218 cumcisanontaerit,
1306 3159 1359 3207 etc.
1382 3149 1462 3221 (Gen.
1487 3165 1560 3218 xvir,
1586 3152 1642 3218 ll).
1660 3148 1786 3208 Gentiles
1806 3150 1850 3206 in·

103 3243 312 3305 consuetudine
333 3240 438 3297 Graecae
452 3236 561 3307 linguae
579 3235 742 3307 contigisse,
772 3250 840 3292 cum
866 3235 947 3292 vide·
1003 3239 1165 3296 circumcisi
1188 3238 1388 3308 salvabantur,
1405 3239 1478 3296 sicut
1492 3239 1544 3296 iob
1569 3245 1597 3296 ot
1623 3239 1742 3296 tortasse
1766 3236 1852 3310 pleri-

102 3335 168 3394 licet
185 3330 276 3389 Graeci
298 3327 425 3386 ablativo
451 3332 591 3392 carentes,
617 3323 745 3396 genitivo
758 3339 809 3395 pra
822 3324 948 3381 ablativo
1003 3342 1060 3398 que
1080 3326 1141 3397 alii,
1158 3327 1192 3384 de
1219 3327 1357 3398 qualibus
1372 3328 1483 3385 dictum
1510 3336 1574 3385 cst:
1604 3329 1671 3385 Cum
1697 3330 1770 3383 enim
1784 3343 1850 3396 gen·

103 3417 476 3484 utuntur.Uade1actum
500 3423 543 3472 est
567 3421 610 3481 ut,
638 3413 799 3472 secundnm
821 3414 949 3471 diversas
1003 3421 1053 3484 tes,
1077 3422 1131 3472 etc.
1153 3414 1206 3472 Sed
1235 3416 1259 3472 si
1283 3417 1435 3488 diligenter
1463 3416 1647 3475 attendamus
1674 3416 1764 3473 verba
1789 3416 1852 3486 ipsa

103 3512 306 3573 translationes
320 3522 356 3565 ex
371 3506 469 3563 Graeco
492 3504 521 3561 in
537 3503 684 3569 Latinum,
713 3502 797 3571 arado
818 3502 848 3559 in
868 3503 948 3575 geni·
1003 3503 1280 3576 sulpiciumque
1306 3505 1403 3575 ipsum
1430 3504 1658 3563 circumcisionis
1683 3504 1850 3573 exordium,

104 3603 172 3664 tiris
199 3607 329 3659 retentus
351 3604 385 3654 ut
406 3595 437 3653 in
463 3593 564 3651 Latino
588 3593 664 3649 sicut
691 3600 753 3649 erat
781 3592 812 3650 in
839 3592 946 3661 Graeco,
1003 3608 1070 3664 quae
1091 3593 1184 3663 primo
1208 3593 1334 3650 Abrabae
1352 3600 1395 3650 est
1417 3595 1560 3665 injuncta,
1586 3593 1749 3651 videbimus
1777 3606 1847 3662 prae·

104 3693 187 3751 modo
214 3697 302 3761 pmut
334 3684 476 3744 sententia
514 3681 690 3754 requirebat,
732 3682 762 3737 in
788 3681 948 3738 ablativum
1003 3689 1117 3752 ceptum
1142 3682 1370 3738 circumcisionis
1395 3697 1454 3739 non
1477 3681 1722 3754 luissegenerale,
1739 3681 1788 3738 sed
1813 3681 1851 3738 ad

104 3780 181 3854 apud
191 3794 243 3838 nos
256 3779 294 3836 sit
307 3781 512 3834 commutatus.
533 3770 673 3840 Quamvis
700 3771 777 3827 enlm
808 3770 871 3828 bac
884 3769 950 3842 Epi·
1003 3770 1151 3827 abrabam
1170 3777 1283 3828 tantum
1306 3778 1334 3827 et
1356 3785 1452 3828 semen
1477 3770 1556 3828 illins
1578 3771 1730 3842 pertinere,
1755 3770 1783 3826 id
1808 3779 1852 3826 est

104 3871 266 3942 stolaque
285 3866 321 3924 ad
335 3866 479 3923 Romanos
492 3861 638 3933 dirigitur,
656 3860 748 3931 primo
762 3859 860 3917 Latine
874 3859 949 3916 scri·
1003 3860 1093 3929 Isaac,
1111 3858 1222 3916 dicente
1237 3860 1358 3917 liomino
1383 3861 1419 3917 ad
1434 3858 1584 3916 Abrabam
1601 3873 1607 3915 :
1629 3860 1699 3926 Quia
1720 3862 1752 3914 in
1769 3860 1851 3914 isaac

103 3966 153 4032 pta
171 3956 360 4029 intelligatur,
389 3952 440 4009 etsi
471 3950 501 4007 in
536 3948 644 4005 Graeoia
667 3947 745 4018 apud
778 3946 948 4005 Corinthum
1003 3949 1145 4004 uocabitur
1171 3949 1222 4003 tibi
1245 3963 1335 4004 semen
1362 3948 1440 4018 (den.
1455 3963 1519 4018 ιιι,
1541 3949 1596 4021 li),
1612 3962 1671 4004 non
1698 3947 1728 4004 in
1747 3945 1851 4003 ismael

104 4041 478 4120 scriptuluarit,credimus
499 4046 597 4096 tamon
625 4036 753 4094 diversos
769 4043 867 4107 postea
885 4037 949 4108 ejus
1003 4036 1145 4095 videlicet.
1171 4038 1253 4094 Unde
1278 4044 1395 4095 etcum
1429 4037 1678 4094 circumcisionem
1707 4035 1850 4093 Dominus

104 4137 290 4194 translatores
315 4130 361 4189 vel
380 4128 556 4200 expositores
575 4124 728 4193 exstitisse,
750 4124 802 4196 quii
825 4125 948 4192 Grecos,
1003 4125 1126 4182 Abrabae
1140 4126 1305 4196 praeciperet
1318 4127 1358 4183 ait
1374 4141 1380 4182 :
1396 4129 1453 4181 Hoc
1474 4130 1527 4181 erit
1538 4131 1650 4196 pactum
1666 4127 1738 4180 inter
1761 4140 1803 4180 me
1826 4129 1853 4180 et

103 4233 137 4284 nt
165 4224 275 4280 dictam
304 4227 357 4288 est,
382 4218 575 4284 imitarentur,
602 4229 670 4272 cum
705 4213 784 4271 illam
819 4214 949 4272 fortassis
1006 4219 1404 4286 tc,etsementuunpostte
1429 4216 1604 4288 (den.xv11,
1630 4217 1683 4286 lb).
1713 4213 1853 4287 Origenes

102 4313 277 4383 scripturam
303 4307 432 4365 Latinam
455 4305 492 4361 ad
522 4318 644 4360 manum
672 4317 731 4360 non
756 4301 904 4370 baberent,
921 4310 949 4361 et
1005 4316 1230 4375 puroquesuper
1245 4302 1321 4360 hanc
1335 4304 1492 4374 Epistolam
1511 4303 1540 4360 in
1556 4303 1743 4376 mouentibus
1755 4311 1853 4374 aperto

104 4403 166 4461 ideo
177 4399 213 4458 ad
226 4395 404 4467 exemplaria
422 4394 519 4452 Graeca
539 4399 737 4449 recurrerunt.
760 4390 845 4448 Nunc
860 4391 950 4463 igitur
964 4376 988 4433 Β
1004 4391 1150 4449 convincit
1165 4406 1202 4449 ex
1214 4393 1283 4462 ipsis
1294 4391 1359 4449 aliis
1376 4392 1531 4464 Scripturas
1547 4393 1657 4461 rerbis,
1676 4391 1729 4449 soli
1744 4391 1852 4463 populo

103 4499 260 4561 atramque
274 4487 401 4544 litteram
413 4495 607 4554 exponamus.

1004 4479 1104 4538 Israeli
1117 4483 1145 4537 et
1157 4481 1321 4539 vernaculis
1335 4495 1434 4539 eornm
1454 4481 1500 4539 vel
1516 4482 1620 4553 emptis
1634 4479 1769 4553 pecunia,
1796 4481 1850 4538 cir·

138 4582 212 4638 Cum
227 4572 521 4649 itaquepraemissam
544 4571 591 4638 sit,
617 4571 798 4625 testimonium
820 4568 951 4625 reddente
1004 4569 1189 4628 cumoisionis
1222 4569 1340 4642 signum
1378 4570 1466 4628 luisse
1494 4578 1680 4642 preceptum.
1712 4571 1853 4641 Exposita

103 4670 160 4727 illis
183 4665 360 4731 mnsainttia,
387 4661 476 4728 addit,
501 4666 526 4714 et
550 4660 715 4714 conscientia
741 4658 948 4727 cogitationum,

103 4768 157 4820 etc.
168 4760 210 4816 Ac
229 4758 254 4815 si
265 4755 371 4813 diceret
387 4769 394 4809 ε
409 4754 443 4808 Ει
463 4750 512 4808 tali
528 4748 785 4820 conscientiaque
799 4761 859 4804 non
873 4755 949 4806 erret

103 4847 319 4909 indiscretione
346 4855 476 4915 operum,
496 4854 530 4897 ea
548 4839 654 4896 scilicet
675 4837 832 4894 discutiens
846 4851 946 4894 secuu-

104 4939 174 4997 dum
190 4937 267 5008 ipsas
297 4932 387 4991 animi
410 4929 605 5002 cogitationes,
633 4926 687 4984 boc
704 4934 747 4983 est
766 4925 947 4983 intentiones.

103 5028 173 5098 Qum
196 5025 313 5098 quidem
338 5019 526 5094 cogitationes
557 5018 664 5075 babent
683 5030 820 5074 accusare
833 5016 879 5073 rel
900 5016 946 5072 de-

103 5118 219 5177 fendere
232 5114 310 5186 apud
334 5114 426 5169 Deum
454 5109 661 5182 potiusquam
684 5107 827 5164 exteriora
848 5119 946 5178 opera.

103 5209 141 5264 Et
163 5207 218 5265 boc
244 5212 296 5272 est,
326 5200 501 5260 conscientia
528 5197 591 5254 dico
623 5195 841 5268 cogitationum,
863 5193 949 5252 idest

104 5311 170 5370 qaae
184 5296 262 5368 ipsas
279 5291 463 5364 cogitationes
477 5287 571 5361 magis
596 5284 717 5345 attendit
745 5298 835 5357 quam
850 5296 947 5357 opera.

151 5400 197 5473 itt)
211 5398 314 5456 Patrai.
328 5405 396 5455 tom.
407 5395 476 5460 xci,
492 5392 549 5451 col.
563 5394 629 5449 lia.

154 5474 200 5546 st)
213 5469 317 5530 Patrai.
333 5476 400 5527 tom.
416 5464 556 5535 xxxvll,
568 5463 622 5523 ml.
637 5465 716 5519 till.

1005 4672 1135 4731 namque
1150 4659 1198 4715 illo
1225 4659 1385 4717 versiculo:
1406 4661 1509 4717 Sisila·
1529 4662 1696 4731 ptupunum
1720 4659 1852 4730 iustitias

1006 4750 1072 4818 lepis
1085 4747 1229 4811 custodiat,
1255 4754 1322 4816 etc,
1342 4748 1498 4820 diligenter
1525 4748 1750 4806 circumcisionis
1772 4762 1853 4805 man-

1005 4837 1107 4894 datum
1122 4844 1210 4909 atque
1225 4837 1366 4894 rationem
1379 4838 1535 4895 discutiens
1549 4838 1591 4895 ait
1607 4853 1614 4893 ε
1632 4860 1646 4888 ι
1667 4839 1728 4894 Νοιι
1745 4837 1850 4908 impor-

1006 4926 1111 4984 tunnin
1132 4926 1247 4983 ridetur
1274 4926 1502 4984 circumcisionis
1525 4927 1689 4999 generalem
1708 4927 1853 4984 discutere

1005 5014 1157 5072 rationem.
1172 5014 1252 5070 ltixit
1271 5014 1414 5072 Dominus
1440 5015 1476 5071 ad
1499 5015 1668 5072 Abrabam:
1692 5018 1733 5071 Tu
1759 5020 1853 5071 autem

1007 5107 1198 5159 testamentum
1208 5119 1297 5158 meum
1311 5104 1443 5173 sanabis,
1465 5108 1491 5159 ct
1512 5120 1589 5159 omne
1603 5119 1692 5159 semen
1702 5108 1781 5159 tuum
1789 5109 1853 5174 post

1006 5194 1073 5248 teia
1086 5193 1272 5260 adunationes
1295 5193 1483 5248 cussiliaco
1508 5199 1548 5248 cst
1571 5197 1763 5249 testamentum
1783 5195 1855 5249 inter

1004 5296 1047 5337 me
1063 5285 1159 5349 ctuos,
1189 5285 1215 5337 ct
1230 5283 1303 5336 inter
1326 5297 1368 5337 cae
1395 5286 1421 5336 et
1442 5286 1515 5338 inter
1535 5282 1655 5339 medium
1682 5285 1794 5340 seminis
1811 5285 1855 5338 tui

1041 5387 1097 5462 (55)
1112 5388 1215 5445 Patrai.
1232 5396 1300 5446 tom.
1311 5388 1439 5461 xxxvl,
1455 5390 1508 5450 col.
1521 5392 1565 5447 88.
