<?xml version="1.0" encoding="UTF-8"?>
<!DOCTYPE html PUBLIC "-//W3C//DTD XHTML 1.0 Transitional//EN"
    "http://www.w3.org/TR/xhtml1/DTD/xhtml1-transitional.dtd">
<html xmlns="http://www.w3.org/1999/xhtml" xml:lang="en" lang="en">
 <head>
  <title>
</title>
<meta http-equiv="Content-Type" content="text/html;charset=utf-8" />
  <meta name='ocr-system' content='tesseract 3.04.00' />
  <meta name='ocr-capabilities' content='ocr_page ocr_carea ocr_par ocr_line ocrx_word'/>
</head>
<body>
  <div class='ocr_page' id='page_1' title='image "./patrologiaecurs53unkngoog_0882.png"; bbox 0 0 3804 5962; ppageno 0'>
   <div class='ocr_carea' id='block_1_1' title="bbox 79 169 1765 248">
    <p class='ocr_par' dir='ltr' id='par_1_1' title="bbox 79 169 1765 248">
     <span class='ocr_line' id='line_1_1' title="bbox 79 169 1765 248; baseline -0.002 -16"><span class='ocrx_word' id='word_1_1' title='bbox 79 178 87 232; x_wconf 79' lang='grc' dir='ltr'>ι</span> <span class='ocrx_word' id='word_1_2' title='bbox 532 227 542 239; x_wconf 67' lang='grc'>,</span> <span class='ocrx_word' id='word_1_3' title='bbox 570 171 723 230; x_wconf 84' lang='grc' dir='ltr'><strong>ΕΡΙΤΟΜΕ</strong></span> <span class='ocrx_word' id='word_1_4' title='bbox 743 170 952 248; x_wconf 71' lang='lat' dir='ltr'><strong>THEOLOGIAE</strong></span> <span class='ocrx_word' id='word_1_5' title='bbox 972 170 1205 230; x_wconf 73' lang='lat' dir='ltr'>cultissimum.</span> <span class='ocrx_word' id='word_1_6' title='bbox 1695 169 1765 228; x_wconf 68' lang='grc' dir='ltr'>ΠΜ</span> 
     </span>
    </p>
   </div>
   <div class='ocr_carea' id='block_1_2' title="bbox 78 289 1773 5507">
    <p class='ocr_par' dir='ltr' id='par_1_2' title="bbox 78 289 1773 2141">
     <span class='ocr_line' id='line_1_2' title="bbox 79 289 1763 370; baseline -0.002 -14"><span class='ocrx_word' id='word_1_7' title='bbox 79 300 112 356; x_wconf 87' lang='grc' dir='ltr'>ιιι</span> <span class='ocrx_word' id='word_1_8' title='bbox 130 297 294 370; x_wconf 86' lang='lat' dir='ltr'>diligendus</span> <span class='ocrx_word' id='word_1_9' title='bbox 311 303 364 364; x_wconf 91' lang='lat' dir='ltr'>est,</span> <span class='ocrx_word' id='word_1_10' title='bbox 379 303 407 354; x_wconf 91' lang='lat' dir='ltr'>et</span> <span class='ocrx_word' id='word_1_11' title='bbox 421 295 462 353; x_wconf 91' lang='lat' dir='ltr'>sic</span> <span class='ocrx_word' id='word_1_12' title='bbox 473 309 532 366; x_wconf 77' lang='lat' dir='ltr'>prae</span> <span class='ocrx_word' id='word_1_13' title='bbox 547 296 683 353; x_wconf 91' lang='lat' dir='ltr'>omnibns</span> <span class='ocrx_word' id='word_1_14' title='bbox 695 295 859 367; x_wconf 87' lang='lat' dir='ltr'>diligendus</span> <span class='ocrx_word' id='word_1_15' title='bbox 874 299 898 349; x_wconf 81' lang='lat' dir='ltr'>A</span> <span class='ocrx_word' id='word_1_16' title='bbox 913 294 959 352; x_wconf 90' lang='lat' dir='ltr'>sit.</span> <span class='ocrx_word' id='word_1_17' title='bbox 981 293 1126 352; x_wconf 90' lang='lat' dir='ltr'>llocenim</span> <span class='ocrx_word' id='word_1_18' title='bbox 1141 300 1260 351; x_wconf 87' lang='lat' dir='ltr'>notatur</span> <span class='ocrx_word' id='word_1_19' title='bbox 1273 306 1324 364; x_wconf 91' lang='lat' dir='ltr'>per</span> <span class='ocrx_word' id='word_1_20' title='bbox 1342 293 1396 351; x_wconf 91' lang='lat' dir='ltr'>hoc</span> <span class='ocrx_word' id='word_1_21' title='bbox 1415 291 1493 364; x_wconf 88' lang='lat' dir='ltr'>quod</span> <span class='ocrx_word' id='word_1_22' title='bbox 1507 289 1623 359; x_wconf 86' lang='lat' dir='ltr'>dicitnr,</span> <span class='ocrx_word' id='word_1_23' title='bbox 1642 293 1763 353; x_wconf 83' lang='lat' dir='ltr'>habitus</span> 
     </span>
     <span class='ocr_line' id='line_1_3' title="bbox 83 382 1765 457; baseline -0.001 -13"><span class='ocrx_word' id='word_1_24' title='bbox 83 387 124 445; x_wconf 89' lang='lat' dir='ltr'>sic</span> <span class='ocrx_word' id='word_1_25' title='bbox 139 388 232 444; x_wconf 93' lang='lat' dir='ltr'>honor</span> <span class='ocrx_word' id='word_1_26' title='bbox 253 394 281 443; x_wconf 92' lang='lat' dir='ltr'>et</span> <span class='ocrx_word' id='word_1_27' title='bbox 306 386 466 444; x_wconf 87' lang='lat' dir='ltr'>reverentia</span> <span class='ocrx_word' id='word_1_28' title='bbox 490 385 584 457; x_wconf 87' lang='lat' dir='ltr'>magis</span> <span class='ocrx_word' id='word_1_29' title='bbox 604 390 646 441; x_wconf 90' lang='lat' dir='ltr'>est</span> <span class='ocrx_word' id='word_1_30' title='bbox 669 385 695 441; x_wconf 90' lang='grc' dir='ltr'>ιι</span> <span class='ocrx_word' id='word_1_31' title='bbox 722 384 860 441; x_wconf 90' lang='lat' dir='ltr'>exhiben-</span> <span class='ocrx_word' id='word_1_32' title='bbox 917 384 1032 441; x_wconf 87' lang='lat' dir='ltr'>montis.</span> <span class='ocrx_word' id='word_1_33' title='bbox 1052 386 1123 440; x_wconf 87' lang='lat' dir='ltr'>Nam</span> <span class='ocrx_word' id='word_1_34' title='bbox 1147 390 1215 440; x_wconf 87' lang='lat' dir='ltr'>sunt</span> <span class='ocrx_word' id='word_1_35' title='bbox 1236 382 1339 452; x_wconf 83' lang='lat' dir='ltr'>aliqui,</span> <span class='ocrx_word' id='word_1_36' title='bbox 1366 382 1418 453; x_wconf 92' lang='lat' dir='ltr'>qui</span> <span class='ocrx_word' id='word_1_37' title='bbox 1440 396 1507 439; x_wconf 88' lang='lat' dir='ltr'>cunt</span> <span class='ocrx_word' id='word_1_38' title='bbox 1532 383 1618 440; x_wconf 92' lang='lat' dir='ltr'>modo</span> <span class='ocrx_word' id='word_1_39' title='bbox 1637 382 1765 442; x_wconf 88' lang='lat' dir='ltr'>habeant</span> 
     </span>
     <span class='ocr_line' id='line_1_4' title="bbox 88 470 1761 548; baseline -0.001 -16"><span class='ocrx_word' id='word_1_40' title='bbox 88 484 150 548; x_wconf 90' lang='lat' dir='ltr'>post</span> <span class='ocrx_word' id='word_1_41' title='bbox 164 477 260 547; x_wconf 91' lang='lat' dir='ltr'>ipsum</span> <span class='ocrx_word' id='word_1_42' title='bbox 274 475 360 532; x_wconf 91' lang='lat' dir='ltr'>etiam</span> <span class='ocrx_word' id='word_1_43' title='bbox 383 475 417 532; x_wconf 93' lang='lat' dir='ltr'>de</span> <span class='ocrx_word' id='word_1_44' title='bbox 430 474 554 547; x_wconf 91' lang='lat' dir='ltr'>singulis</span> <span class='ocrx_word' id='word_1_45' title='bbox 575 475 605 530; x_wconf 94' lang='grc' dir='ltr'>ιι</span> <span class='ocrx_word' id='word_1_46' title='bbox 628 474 722 545; x_wconf 89' lang='lat' dir='ltr'>gradu</span> <span class='ocrx_word' id='word_1_47' title='bbox 745 488 798 530; x_wconf 92' lang='lat' dir='ltr'>sno</span> <span class='ocrx_word' id='word_1_48' title='bbox 820 478 863 529; x_wconf 89' lang='grc' dir='ltr'>ιιι</span> <span class='ocrx_word' id='word_1_49' title='bbox 916 472 1095 530; x_wconf 83' lang='lat' dir='ltr'>voluntatem</span> <span class='ocrx_word' id='word_1_50' title='bbox 1116 472 1224 543; x_wconf 89' lang='lat' dir='ltr'>cuique</span> <span class='ocrx_word' id='word_1_51' title='bbox 1237 470 1374 528; x_wconf 88' lang='lat' dir='ltr'>reddendi</span> <span class='ocrx_word' id='word_1_52' title='bbox 1393 472 1471 543; x_wconf 92' lang='lat' dir='ltr'>quod</span> <span class='ocrx_word' id='word_1_53' title='bbox 1494 485 1580 528; x_wconf 91' lang='lat' dir='ltr'>suum</span> <span class='ocrx_word' id='word_1_54' title='bbox 1601 482 1652 541; x_wconf 89' lang='grc' dir='ltr'>ιιι,</span> <span class='ocrx_word' id='word_1_55' title='bbox 1676 471 1761 530; x_wconf 87' lang='lat' dir='ltr'>iacile</span> 
     </span>
     <span class='ocr_line' id='line_1_5' title="bbox 79 560 1765 634; baseline 0 -13"><span class='ocrx_word' id='word_1_56' title='bbox 79 565 155 622; x_wconf 75' lang='lat' dir='ltr'>anda.</span> <span class='ocrx_word' id='word_1_57' title='bbox 185 564 215 621; x_wconf 87' lang='lat' dir='ltr'>Si</span> <span class='ocrx_word' id='word_1_58' title='bbox 234 565 311 621; x_wconf 89' lang='lat' dir='ltr'>enim</span> <span class='ocrx_word' id='word_1_59' title='bbox 335 563 463 634; x_wconf 83' lang='lat' dir='ltr'><strong>aliquem</strong></span> <span class='ocrx_word' id='word_1_60' title='bbox 485 563 570 620; x_wconf 85' lang='lat' dir='ltr'>video</span> <span class='ocrx_word' id='word_1_61' title='bbox 592 563 684 634; x_wconf 87' lang='lat' dir='ltr'>magis</span> <span class='ocrx_word' id='word_1_62' title='bbox 712 562 788 619; x_wconf 93' lang='lat' dir='ltr'>hono</span> <span class='ocrx_word' id='word_1_63' title='bbox 818 561 862 618; x_wconf 91' lang='lat' dir='ltr'>di·</span> <span class='ocrx_word' id='word_1_64' title='bbox 916 570 1013 620; x_wconf 89' lang='lat' dir='ltr'>tamen</span> <span class='ocrx_word' id='word_1_65' title='bbox 1029 561 1132 618; x_wconf 87' lang='lat' dir='ltr'>abhao</span> <span class='ocrx_word' id='word_1_66' title='bbox 1146 567 1362 632; x_wconf 90' lang='lat' dir='ltr'>permutantur.</span> <span class='ocrx_word' id='word_1_67' title='bbox 1380 560 1518 617; x_wconf 88' lang='lat' dir='ltr'>Similiter</span> <span class='ocrx_word' id='word_1_68' title='bbox 1532 560 1562 617; x_wconf 93' lang='lat' dir='ltr'>in</span> <span class='ocrx_word' id='word_1_69' title='bbox 1584 560 1648 619; x_wconf 89' lang='lat' dir='ltr'>aliis</span> <span class='ocrx_word' id='word_1_70' title='bbox 1667 560 1765 621; x_wconf 81' lang='lat' dir='ltr'>vidore</span> 
     </span>
     <span class='ocr_line' id='line_1_6' title="bbox 79 649 1764 726; baseline 0.001 -16"><span class='ocrx_word' id='word_1_71' title='bbox 79 669 118 724; x_wconf 96' lang='lat' dir='ltr'>m,</span> <span class='ocrx_word' id='word_1_72' title='bbox 134 668 222 726; x_wconf 92' lang='lat' dir='ltr'>qnam</span> <span class='ocrx_word' id='word_1_73' title='bbox 243 667 295 724; x_wconf 89' lang='lat' dir='ltr'>ego</span> <span class='ocrx_word' id='word_1_74' title='bbox 305 654 367 718; x_wconf 89' lang='lat' dir='ltr'>sim,</span> <span class='ocrx_word' id='word_1_75' title='bbox 382 660 410 709; x_wconf 89' lang='lat' dir='ltr'>et</span> <span class='ocrx_word' id='word_1_76' title='bbox 426 653 520 721; x_wconf 92' lang='lat' dir='ltr'>ipsum</span> <span class='ocrx_word' id='word_1_77' title='bbox 535 652 561 708; x_wconf 95' lang='lat' dir='ltr'>ei</span> <span class='ocrx_word' id='word_1_78' title='bbox 578 652 671 724; x_wconf 88' lang='lat' dir='ltr'>magis</span> <span class='ocrx_word' id='word_1_79' title='bbox 685 665 774 722; x_wconf 91' lang='lat' dir='ltr'>quam</span> <span class='ocrx_word' id='word_1_80' title='bbox 787 650 862 707; x_wconf 93' lang='lat' dir='ltr'>mihi</span> <span class='ocrx_word' id='word_1_81' title='bbox 914 650 990 717; x_wconf 89' lang='lat' dir='ltr'>licet,</span> <span class='ocrx_word' id='word_1_82' title='bbox 1019 657 1052 707; x_wconf 93' lang='lat' dir='ltr'>ut</span> <span class='ocrx_word' id='word_1_83' title='bbox 1071 658 1114 708; x_wconf 90' lang='lat' dir='ltr'>est</span> <span class='ocrx_word' id='word_1_84' title='bbox 1142 649 1259 721; x_wconf 87' lang='lat' dir='ltr'>aliquis,</span> <span class='ocrx_word' id='word_1_85' title='bbox 1275 650 1329 720; x_wconf 91' lang='lat' dir='ltr'>qui</span> <span class='ocrx_word' id='word_1_86' title='bbox 1352 650 1435 706; x_wconf 96' lang='lat' dir='ltr'>modo</span> <span class='ocrx_word' id='word_1_87' title='bbox 1456 649 1637 707; x_wconf 84' lang='lat' dir='ltr'>voluntatem</span> <span class='ocrx_word' id='word_1_88' title='bbox 1664 651 1764 711; x_wconf 80' lang='lat' dir='ltr'>carnis</span> 
     </span>
     <span class='ocr_line' id='line_1_7' title="bbox 79 737 1766 812; baseline -0.001 -12"><span class='ocrx_word' id='word_1_89' title='bbox 79 757 121 800; x_wconf 80' lang='lat' dir='ltr'>ere</span> <span class='ocrx_word' id='word_1_90' title='bbox 140 742 238 800; x_wconf 87' lang='lat' dir='ltr'>debeo.</span> <span class='ocrx_word' id='word_1_91' title='bbox 264 740 310 797; x_wconf 89' lang='lat' dir='ltr'>Sic</span> <span class='ocrx_word' id='word_1_92' title='bbox 333 740 477 812; x_wconf 83' lang='lat' dir='ltr'>siquidem</span> <span class='ocrx_word' id='word_1_93' title='bbox 498 740 568 797; x_wconf 93' lang='lat' dir='ltr'>ordo</span> <span class='ocrx_word' id='word_1_94' title='bbox 591 741 620 797; x_wconf 94' lang='grc' dir='ltr'>ιι</span> <span class='ocrx_word' id='word_1_95' title='bbox 646 740 786 796; x_wconf 89' lang='lat' dir='ltr'>charitate</span> <span class='ocrx_word' id='word_1_96' title='bbox 806 752 864 795; x_wconf 92' lang='lat' dir='ltr'>sor·</span> <span class='ocrx_word' id='word_1_97' title='bbox 917 737 1090 810; x_wconf 73' lang='lat' dir='ltr'>restringere</span> <span class='ocrx_word' id='word_1_98' title='bbox 1111 747 1243 806; x_wconf 90' lang='lat' dir='ltr'>conatur,</span> <span class='ocrx_word' id='word_1_99' title='bbox 1259 752 1326 795; x_wconf 91' lang='lat' dir='ltr'>oum</span> <span class='ocrx_word' id='word_1_100' title='bbox 1347 746 1442 795; x_wconf 89' lang='lat' dir='ltr'>tamen</span> <span class='ocrx_word' id='word_1_101' title='bbox 1457 750 1519 793; x_wconf 91' lang='lat' dir='ltr'>eam</span> <span class='ocrx_word' id='word_1_102' title='bbox 1537 737 1626 808; x_wconf 92' lang='lat' dir='ltr'>paulo</span> <span class='ocrx_word' id='word_1_103' title='bbox 1645 737 1766 808; x_wconf 74' lang='lat' dir='ltr'>pleniter</span> 
     </span>
     <span class='ocr_line' id='line_1_8' title="bbox 79 825 1765 901; baseline 0 -15"><span class='ocrx_word' id='word_1_104' title='bbox 79 845 114 898; x_wconf 87' lang='lat' dir='ltr'>rr,</span> <span class='ocrx_word' id='word_1_105' title='bbox 128 838 161 888; x_wconf 93' lang='lat' dir='ltr'>ut</span> <span class='ocrx_word' id='word_1_106' title='bbox 181 844 231 901; x_wconf 94' lang='lat' dir='ltr'>pro</span> <span class='ocrx_word' id='word_1_107' title='bbox 251 828 361 886; x_wconf 90' lang='lat' dir='ltr'>meritis</span> <span class='ocrx_word' id='word_1_108' title='bbox 374 837 402 885; x_wconf 89' lang='lat' dir='ltr'>et</span> <span class='ocrx_word' id='word_1_109' title='bbox 425 843 475 898; x_wconf 94' lang='lat' dir='ltr'>pro</span> <span class='ocrx_word' id='word_1_110' title='bbox 498 828 699 886; x_wconf 87' lang='lat' dir='ltr'>convenientia</span> <span class='ocrx_word' id='word_1_111' title='bbox 719 829 863 899; x_wconf 87' lang='lat' dir='ltr'>cujusque</span> <span class='ocrx_word' id='word_1_112' title='bbox 917 836 1057 886; x_wconf 85' lang='lat' dir='ltr'>exerceat.</span> <span class='ocrx_word' id='word_1_113' title='bbox 1075 829 1112 886; x_wconf 89' lang='lat' dir='ltr'>Ut</span> <span class='ocrx_word' id='word_1_114' title='bbox 1125 828 1203 884; x_wconf 93' lang='lat' dir='ltr'>enim</span> <span class='ocrx_word' id='word_1_115' title='bbox 1223 829 1318 885; x_wconf 83' lang='lat' dir='ltr'>virtus</span> <span class='ocrx_word' id='word_1_116' title='bbox 1337 828 1383 890; x_wconf 90' lang='lat' dir='ltr'>sit,</span> <span class='ocrx_word' id='word_1_117' title='bbox 1399 840 1436 883; x_wconf 90' lang='lat' dir='ltr'>ex</span> <span class='ocrx_word' id='word_1_118' title='bbox 1458 826 1548 883; x_wconf 88' lang='lat' dir='ltr'>animi</span> <span class='ocrx_word' id='word_1_119' title='bbox 1574 825 1765 896; x_wconf 80' lang='lat' dir='ltr'>applicatione</span> 
     </span>
     <span class='ocr_line' id='line_1_9' title="bbox 79 913 1765 989; baseline -0.001 -14"><span class='ocrx_word' id='word_1_120' title='bbox 79 920 107 976; x_wconf 89' lang='lat' dir='ltr'>is</span> <span class='ocrx_word' id='word_1_121' title='bbox 125 919 168 976; x_wconf 93' lang='grc' dir='ltr'>ιιι</span> <span class='ocrx_word' id='word_1_122' title='bbox 193 918 289 975; x_wconf 90' lang='lat' dir='ltr'>minus</span> <span class='ocrx_word' id='word_1_123' title='bbox 312 919 341 973; x_wconf 93' lang='lat' dir='ltr'>in</span> <span class='ocrx_word' id='word_1_124' title='bbox 360 917 481 973; x_wconf 88' lang='lat' dir='ltr'>diversis</span> <span class='ocrx_word' id='word_1_125' title='bbox 509 917 648 989; x_wconf 87' lang='lat' dir='ltr'>gradibus</span> <span class='ocrx_word' id='word_1_126' title='bbox 675 931 724 974; x_wconf 90' lang='lat' dir='ltr'>eos</span> <span class='ocrx_word' id='word_1_127' title='bbox 756 916 861 988; x_wconf 87' lang='lat' dir='ltr'>diliga·</span> <span class='ocrx_word' id='word_1_128' title='bbox 917 917 1015 974; x_wconf 83' lang='lat' dir='ltr'>venire</span> <span class='ocrx_word' id='word_1_129' title='bbox 1044 917 1137 973; x_wconf 88' lang='lat' dir='ltr'>debet.</span> <span class='ocrx_word' id='word_1_130' title='bbox 1164 916 1244 973; x_wconf 87' lang='lat' dir='ltr'>Unde</span> <span class='ocrx_word' id='word_1_131' title='bbox 1270 915 1453 972; x_wconf 85' lang='lat' dir='ltr'>Aristoteles:</span> <span class='ocrx_word' id='word_1_132' title='bbox 1482 915 1564 972; x_wconf 86' lang='lat' dir='ltr'>Tales</span> <span class='ocrx_word' id='word_1_133' title='bbox 1589 913 1667 971; x_wconf 91' lang='lat' dir='ltr'>onim</span> <span class='ocrx_word' id='word_1_134' title='bbox 1694 922 1765 974; x_wconf 89' lang='lat' dir='ltr'>sunt</span> 
     </span>
     <span class='ocr_line' id='line_1_10' title="bbox 83 1000 1765 1076; baseline -0.005 -10"><span class='ocrx_word' id='word_1_135' title='bbox 83 1050 90 1065; x_wconf 88' lang='lat'><strong>.</strong></span> <span class='ocrx_word' id='word_1_136' title='bbox 110 1008 276 1066; x_wconf 86' lang='lat' dir='ltr'>Notandum</span> <span class='ocrx_word' id='word_1_137' title='bbox 297 1015 392 1063; x_wconf 91' lang='lat' dir='ltr'>tamen</span> <span class='ocrx_word' id='word_1_138' title='bbox 418 1005 497 1076; x_wconf 90' lang='lat' dir='ltr'>qnod</span> <span class='ocrx_word' id='word_1_139' title='bbox 521 1020 587 1062; x_wconf 87' lang='lat' dir='ltr'>cum</span> <span class='ocrx_word' id='word_1_140' title='bbox 616 1005 703 1062; x_wconf 89' lang='lat' dir='ltr'>talem</span> <span class='ocrx_word' id='word_1_141' title='bbox 732 1005 862 1061; x_wconf 89' lang='lat' dir='ltr'>ordinem</span> <span class='ocrx_word' id='word_1_142' title='bbox 917 1006 1042 1063; x_wconf 77' lang='lat' dir='ltr'>scientie</span> <span class='ocrx_word' id='word_1_143' title='bbox 1062 1013 1091 1062; x_wconf 95' lang='lat' dir='ltr'>et</span> <span class='ocrx_word' id='word_1_144' title='bbox 1115 1006 1245 1061; x_wconf 85' lang='lat' dir='ltr'>virtutes.</span> <span class='ocrx_word' id='word_1_145' title='bbox 1271 1004 1344 1069; x_wconf 89' lang='lat' dir='ltr'>Quia</span> <span class='ocrx_word' id='word_1_146' title='bbox 1362 1017 1430 1060; x_wconf 81' lang='lat' dir='ltr'>vero</span> <span class='ocrx_word' id='word_1_147' title='bbox 1454 1009 1523 1061; x_wconf 89' lang='lat' dir='ltr'>sunt</span> <span class='ocrx_word' id='word_1_148' title='bbox 1545 1000 1691 1070; x_wconf 91' lang='lat' dir='ltr'>nonnulli,</span> <span class='ocrx_word' id='word_1_149' title='bbox 1712 1001 1765 1075; x_wconf 89' lang='lat' dir='ltr'>qui</span> 
     </span>
     <span class='ocr_line' id='line_1_11' title="bbox 79 1088 1765 1166; baseline -0.003 -13"><span class='ocrx_word' id='word_1_150' title='bbox 79 1097 224 1154; x_wconf 82' lang='lat' dir='ltr'>illectione</span> <span class='ocrx_word' id='word_1_151' title='bbox 246 1096 369 1152; x_wconf 88' lang='lat' dir='ltr'>retinere</span> <span class='ocrx_word' id='word_1_152' title='bbox 402 1095 567 1162; x_wconf 83' lang='lat' dir='ltr'>debeamus,</span> <span class='ocrx_word' id='word_1_153' title='bbox 594 1095 671 1166; x_wconf 91' lang='lat' dir='ltr'>quod</span> <span class='ocrx_word' id='word_1_154' title='bbox 696 1095 789 1166; x_wconf 88' lang='lat' dir='ltr'>magis</span> <span class='ocrx_word' id='word_1_155' title='bbox 812 1093 859 1150; x_wconf 90' lang='lat' dir='ltr'>de·</span> <span class='ocrx_word' id='word_1_156' title='bbox 917 1095 1039 1152; x_wconf 76' lang='lat' dir='ltr'>virtutes</span> <span class='ocrx_word' id='word_1_157' title='bbox 1068 1093 1251 1151; x_wconf 78' lang='lat' dir='ltr'>continentis</span> <span class='ocrx_word' id='word_1_158' title='bbox 1280 1093 1325 1150; x_wconf 90' lang='grc' dir='ltr'>ιιι</span> <span class='ocrx_word' id='word_1_159' title='bbox 1353 1093 1442 1149; x_wconf 90' lang='lat' dir='ltr'>etiam</span> <span class='ocrx_word' id='word_1_160' title='bbox 1481 1090 1597 1162; x_wconf 88' lang='lat' dir='ltr'>pietatis</span> <span class='ocrx_word' id='word_1_161' title='bbox 1628 1088 1765 1148; x_wconf 83' lang='lat' dir='ltr'>allectum</span> 
     </span>
     <span class='ocr_line' id='line_1_12' title="bbox 79 1178 1764 1257; baseline -0.002 -17"><span class='ocrx_word' id='word_1_162' title='bbox 79 1200 98 1240; x_wconf 91' lang='lat' dir='ltr'>u</span> <span class='ocrx_word' id='word_1_163' title='bbox 130 1185 250 1257; x_wconf 88' lang='lat' dir='ltr'>diligere</span> <span class='ocrx_word' id='word_1_164' title='bbox 276 1184 403 1255; x_wconf 88' lang='lat' dir='ltr'>aliquem</span> <span class='ocrx_word' id='word_1_165' title='bbox 433 1184 610 1254; x_wconf 91' lang='lat' dir='ltr'>religiosum,</span> <span class='ocrx_word' id='word_1_166' title='bbox 640 1197 728 1254; x_wconf 90' lang='lat' dir='ltr'>qnam</span> <span class='ocrx_word' id='word_1_167' title='bbox 752 1189 863 1252; x_wconf 88' lang='lat' dir='ltr'>patrem</span> <span class='ocrx_word' id='word_1_168' title='bbox 916 1197 987 1255; x_wconf 90' lang='lat' dir='ltr'>erga</span> <span class='ocrx_word' id='word_1_169' title='bbox 1016 1182 1087 1239; x_wconf 90' lang='lat' dir='ltr'>alios</span> <span class='ocrx_word' id='word_1_170' title='bbox 1114 1181 1232 1248; x_wconf 89' lang='lat' dir='ltr'>babent,</span> <span class='ocrx_word' id='word_1_171' title='bbox 1258 1180 1308 1238; x_wconf 89' lang='lat' dir='ltr'>sed</span> <span class='ocrx_word' id='word_1_172' title='bbox 1335 1195 1394 1237; x_wconf 92' lang='lat' dir='ltr'>non</span> <span class='ocrx_word' id='word_1_173' title='bbox 1431 1180 1546 1251; x_wconf 87' lang='lat' dir='ltr'>propter</span> <span class='ocrx_word' id='word_1_174' title='bbox 1572 1180 1674 1247; x_wconf 87' lang='lat' dir='ltr'>Deum,</span> <span class='ocrx_word' id='word_1_175' title='bbox 1700 1178 1764 1237; x_wconf 88' lang='lat' dir='ltr'>ideo</span> 
     </span>
     <span class='ocr_line' id='line_1_13' title="bbox 79 1267 1765 1345; baseline -0.004 -15"><span class='ocrx_word' id='word_1_176' title='bbox 79 1289 123 1342; x_wconf 89' lang='lat' dir='ltr'>m,</span> <span class='ocrx_word' id='word_1_177' title='bbox 138 1273 189 1345; x_wconf 92' lang='lat' dir='ltr'>qui</span> <span class='ocrx_word' id='word_1_178' title='bbox 206 1287 263 1330; x_wconf 92' lang='lat' dir='ltr'>nou</span> <span class='ocrx_word' id='word_1_179' title='bbox 285 1280 328 1329; x_wconf 93' lang='lat' dir='ltr'>est</span> <span class='ocrx_word' id='word_1_180' title='bbox 341 1272 412 1329; x_wconf 90' lang='lat' dir='ltr'>adeo</span> <span class='ocrx_word' id='word_1_181' title='bbox 440 1273 603 1345; x_wconf 90' lang='lat' dir='ltr'>religiosus.</span> <span class='ocrx_word' id='word_1_182' title='bbox 626 1274 658 1328; x_wconf 94' lang='lat' dir='ltr'>ln</span> <span class='ocrx_word' id='word_1_183' title='bbox 682 1271 863 1328; x_wconf 82' lang='lat' dir='ltr'>exhibitione</span> <span class='ocrx_word' id='word_1_184' title='bbox 916 1288 976 1330; x_wconf 94' lang='lat' dir='ltr'>non</span> <span class='ocrx_word' id='word_1_185' title='bbox 1001 1272 1078 1329; x_wconf 86' lang='lat' dir='ltr'>valet</span> <span class='ocrx_word' id='word_1_186' title='bbox 1102 1273 1143 1328; x_wconf 92' lang='lat' dir='ltr'>eis</span> <span class='ocrx_word' id='word_1_187' title='bbox 1168 1270 1351 1339; x_wconf 86' lang='lat' dir='ltr'>adsalutem,</span> <span class='ocrx_word' id='word_1_188' title='bbox 1377 1269 1439 1326; x_wconf 92' lang='lat' dir='ltr'>ideo</span> <span class='ocrx_word' id='word_1_189' title='bbox 1456 1267 1668 1341; x_wconf 85' lang='lat' dir='ltr'>subjungitur:</span> <span class='ocrx_word' id='word_1_190' title='bbox 1684 1267 1765 1340; x_wconf 88' lang='lat' dir='ltr'>Opti·</span> 
     </span>
     <span class='ocr_line' id='line_1_14' title="bbox 79 1355 1764 1431; baseline -0.002 -13"><span class='ocrx_word' id='word_1_191' title='bbox 79 1362 141 1418; x_wconf 88' lang='lat' dir='ltr'>&#39;ecto</span> <span class='ocrx_word' id='word_1_192' title='bbox 170 1360 319 1418; x_wconf 90' lang='lat' dir='ltr'>charitatis</span> <span class='ocrx_word' id='word_1_193' title='bbox 345 1360 428 1416; x_wconf 88' lang='lat' dir='ltr'>aliter</span> <span class='ocrx_word' id='word_1_194' title='bbox 449 1368 491 1417; x_wconf 93' lang='lat' dir='ltr'>est</span> <span class='ocrx_word' id='word_1_195' title='bbox 518 1360 696 1427; x_wconf 89' lang='lat' dir='ltr'>laciendum,</span> <span class='ocrx_word' id='word_1_196' title='bbox 725 1359 807 1429; x_wconf 92' lang='lat' dir='ltr'>quia,</span> <span class='ocrx_word' id='word_1_197' title='bbox 837 1357 862 1414; x_wconf 91' lang='lat' dir='ltr'>si</span> <span class='ocrx_word' id='word_1_198' title='bbox 917 1375 993 1429; x_wconf 90' lang='lat' dir='ltr'>mus,</span> <span class='ocrx_word' id='word_1_199' title='bbox 1012 1359 1096 1417; x_wconf 90' lang='lat' dir='ltr'>idest</span> <span class='ocrx_word' id='word_1_200' title='bbox 1113 1359 1187 1428; x_wconf 90' lang='lat' dir='ltr'>talis,</span> <span class='ocrx_word' id='word_1_201' title='bbox 1212 1359 1265 1431; x_wconf 92' lang='lat' dir='ltr'>qui</span> <span class='ocrx_word' id='word_1_202' title='bbox 1280 1359 1369 1429; x_wconf 90' lang='lat' dir='ltr'>prosit</span> <span class='ocrx_word' id='word_1_203' title='bbox 1394 1357 1540 1415; x_wconf 84' lang='lat' dir='ltr'>advitam</span> <span class='ocrx_word' id='word_1_204' title='bbox 1563 1355 1764 1428; x_wconf 83' lang='lat' dir='ltr'>optimamvel</span> 
     </span>
     <span class='ocr_line' id='line_1_15' title="bbox 94 1440 1765 1521; baseline -0.004 -14"><span class='ocrx_word' id='word_1_205' title='bbox 94 1464 209 1521; x_wconf 90' lang='lat' dir='ltr'>possum</span> <span class='ocrx_word' id='word_1_206' title='bbox 229 1449 348 1520; x_wconf 92' lang='lat' dir='ltr'>utrique</span> <span class='ocrx_word' id='word_1_207' title='bbox 371 1449 512 1518; x_wconf 87' lang='lat' dir='ltr'>sulficere,</span> <span class='ocrx_word' id='word_1_208' title='bbox 538 1449 580 1504; x_wconf 93' lang='lat' dir='ltr'>illi</span> <span class='ocrx_word' id='word_1_209' title='bbox 601 1462 669 1505; x_wconf 89' lang='lat' dir='ltr'>sane</span> <span class='ocrx_word' id='word_1_210' title='bbox 690 1447 862 1504; x_wconf 90' lang='lat' dir='ltr'>subtraham</span> <span class='ocrx_word' id='word_1_211' title='bbox 885 1440 888 1444; x_wconf 76' lang='grc'><strong>’</strong></span> <span class='ocrx_word' id='word_1_212' title='bbox 917 1449 1022 1521; x_wconf 89' lang='lat' dir='ltr'>inquo</span> <span class='ocrx_word' id='word_1_213' title='bbox 1040 1450 1176 1506; x_wconf 89' lang='lat' dir='ltr'>moritum</span> <span class='ocrx_word' id='word_1_214' title='bbox 1200 1448 1347 1505; x_wconf 89' lang='lat' dir='ltr'>consistat.</span> <span class='ocrx_word' id='word_1_215' title='bbox 1372 1447 1446 1504; x_wconf 90' lang='lat' dir='ltr'>Nota</span> <span class='ocrx_word' id='word_1_216' title='bbox 1467 1445 1546 1519; x_wconf 91' lang='lat' dir='ltr'>quod</span> <span class='ocrx_word' id='word_1_217' title='bbox 1570 1445 1674 1514; x_wconf 69' lang='lat' dir='ltr'>David,</span> <span class='ocrx_word' id='word_1_218' title='bbox 1695 1458 1765 1502; x_wconf 87' lang='lat' dir='ltr'>oum</span> 
     </span>
     <span class='ocr_line' id='line_1_16' title="bbox 79 1532 1763 1608; baseline -0.003 -12"><span class='ocrx_word' id='word_1_219' title='bbox 79 1539 132 1596; x_wconf 90' lang='lat' dir='ltr'>atri</span> <span class='ocrx_word' id='word_1_220' title='bbox 152 1553 213 1595; x_wconf 92' lang='lat' dir='ltr'>meo</span> <span class='ocrx_word' id='word_1_221' title='bbox 240 1538 377 1594; x_wconf 90' lang='lat' dir='ltr'>tribuam.</span> <span class='ocrx_word' id='word_1_222' title='bbox 402 1538 494 1608; x_wconf 83' lang='lat' dir='ltr'>Magis</span> <span class='ocrx_word' id='word_1_223' title='bbox 517 1537 594 1594; x_wconf 90' lang='lat' dir='ltr'>enim</span> <span class='ocrx_word' id='word_1_224' title='bbox 624 1538 652 1593; x_wconf 92' lang='grc' dir='ltr'>ιι</span> <span class='ocrx_word' id='word_1_225' title='bbox 685 1536 862 1593; x_wconf 82' lang='lat' dir='ltr'>exhibitione</span> <span class='ocrx_word' id='word_1_226' title='bbox 916 1538 1124 1595; x_wconf 86' lang='lat' dir='ltr'>concumbebat</span> <span class='ocrx_word' id='word_1_227' title='bbox 1139 1551 1206 1594; x_wconf 89' lang='lat' dir='ltr'>cum</span> <span class='ocrx_word' id='word_1_228' title='bbox 1222 1535 1387 1604; x_wconf 80' lang='lat' dir='ltr'>bethsabee,</span> <span class='ocrx_word' id='word_1_229' title='bbox 1411 1550 1470 1592; x_wconf 94' lang='lat' dir='ltr'>non</span> <span class='ocrx_word' id='word_1_230' title='bbox 1493 1534 1617 1592; x_wconf 90' lang='lat' dir='ltr'>habebat</span> <span class='ocrx_word' id='word_1_231' title='bbox 1632 1532 1763 1591; x_wconf 89' lang='lat' dir='ltr'>dilectio·</span> 
     </span>
     <span class='ocr_line' id='line_1_17' title="bbox 79 1599 1761 1699; baseline -0.001 -15"><span class='ocrx_word' id='word_1_232' title='bbox 79 1627 111 1684; x_wconf 87' lang='lat' dir='ltr'>ad</span> <span class='ocrx_word' id='word_1_233' title='bbox 126 1641 183 1695; x_wconf 87' lang='lat' dir='ltr'>eos,</span> <span class='ocrx_word' id='word_1_234' title='bbox 208 1641 337 1699; x_wconf 93' lang='lat' dir='ltr'>quorum</span> <span class='ocrx_word' id='word_1_235' title='bbox 356 1640 456 1683; x_wconf 90' lang='lat' dir='ltr'>curam</span> <span class='ocrx_word' id='word_1_236' title='bbox 477 1639 556 1697; x_wconf 85' lang='lat' dir='ltr'>gero,</span> <span class='ocrx_word' id='word_1_237' title='bbox 581 1625 736 1682; x_wconf 89' lang='lat' dir='ltr'>extendere</span> <span class='ocrx_word' id='word_1_238' title='bbox 760 1624 860 1692; x_wconf 87' lang='lat' dir='ltr'>debeo,</span> <span class='ocrx_word' id='word_1_239' title='bbox 877 1599 898 1654; x_wconf 72' lang='grc' dir='ltr'>Β</span> <span class='ocrx_word' id='word_1_240' title='bbox 915 1641 983 1685; x_wconf 92' lang='lat' dir='ltr'>nem</span> <span class='ocrx_word' id='word_1_241' title='bbox 1006 1626 1130 1698; x_wconf 82' lang='lat' dir='ltr'>proximi</span> <span class='ocrx_word' id='word_1_242' title='bbox 1152 1627 1182 1682; x_wconf 92' lang='lat' dir='ltr'>in</span> <span class='ocrx_word' id='word_1_243' title='bbox 1209 1624 1398 1681; x_wconf 87' lang='lat' dir='ltr'>exhibitione.</span> <span class='ocrx_word' id='word_1_244' title='bbox 1432 1623 1578 1695; x_wconf 89' lang='lat' dir='ltr'>Scriptum</span> <span class='ocrx_word' id='word_1_245' title='bbox 1601 1630 1645 1680; x_wconf 90' lang='grc' dir='ltr'>ιιι</span> <span class='ocrx_word' id='word_1_246' title='bbox 1666 1622 1761 1682; x_wconf 89' lang='lat' dir='ltr'>enim:</span> 
     </span>
     <span class='ocr_line' id='line_1_18' title="bbox 96 1711 1762 1787; baseline -0.002 -15"><span class='ocrx_word' id='word_1_247' title='bbox 96 1724 191 1772; x_wconf 91' lang='lat' dir='ltr'>tamen</span> <span class='ocrx_word' id='word_1_248' title='bbox 226 1721 341 1786; x_wconf 91' lang='lat' dir='ltr'>propter</span> <span class='ocrx_word' id='word_1_249' title='bbox 372 1716 425 1771; x_wconf 89' lang='lat' dir='ltr'>hoc</span> <span class='ocrx_word' id='word_1_250' title='bbox 455 1720 570 1770; x_wconf 87' lang='lat' dir='ltr'>tantum</span> <span class='ocrx_word' id='word_1_251' title='bbox 606 1720 717 1783; x_wconf 91' lang='lat' dir='ltr'>patrem</span> <span class='ocrx_word' id='word_1_252' title='bbox 751 1726 859 1782; x_wconf 89' lang='lat' dir='ltr'>meum,</span> <span class='ocrx_word' id='word_1_253' title='bbox 912 1718 1026 1771; x_wconf 72' lang='lat' dir='ltr'>dilectio</span> <span class='ocrx_word' id='word_1_254' title='bbox 1053 1717 1173 1787; x_wconf 73' lang='lat' dir='ltr'>proximi</span> <span class='ocrx_word' id='word_1_255' title='bbox 1198 1714 1301 1769; x_wconf 81' lang='lat' dir='ltr'>mnium</span> <span class='ocrx_word' id='word_1_256' title='bbox 1337 1730 1390 1769; x_wconf 84' lang='lat' dir='ltr'>non</span> <span class='ocrx_word' id='word_1_257' title='bbox 1417 1719 1549 1784; x_wconf 84' lang='lat' dir='ltr'>operator</span> <span class='ocrx_word' id='word_1_258' title='bbox 1581 1711 1668 1783; x_wconf 77' lang='lat' dir='ltr'>(Rom.</span> <span class='ocrx_word' id='word_1_259' title='bbox 1698 1725 1762 1782; x_wconf 85' lang='lat' dir='ltr'>xm,</span> 
     </span>
     <span class='ocr_line' id='line_1_19' title="bbox 78 1799 1773 1877; baseline -0.006 -14"><span class='ocrx_word' id='word_1_260' title='bbox 78 1813 161 1863; x_wconf 93' lang='lat' dir='ltr'>utum</span> <span class='ocrx_word' id='word_1_261' title='bbox 174 1804 365 1876; x_wconf 89' lang='lat' dir='ltr'>illnmdiligo.</span> <span class='ocrx_word' id='word_1_262' title='bbox 381 1804 432 1859; x_wconf 87' lang='lat' dir='ltr'>llic</span> <span class='ocrx_word' id='word_1_263' title='bbox 443 1802 605 1859; x_wconf 89' lang='lat' dir='ltr'>notandum</span> <span class='ocrx_word' id='word_1_264' title='bbox 617 1802 705 1873; x_wconf 91' lang='lat' dir='ltr'>quod,</span> <span class='ocrx_word' id='word_1_265' title='bbox 720 1802 743 1858; x_wconf 92' lang='grc' dir='ltr'>ιι</span> <span class='ocrx_word' id='word_1_266' title='bbox 760 1800 860 1873; x_wconf 87' lang='lat' dir='ltr'>aliqua</span> <span class='ocrx_word' id='word_1_267' title='bbox 913 1805 939 1872; x_wconf 83' lang='lat'>9,</span> <span class='ocrx_word' id='word_1_268' title='bbox 972 1804 1218 1877; x_wconf 66' lang='lat' dir='ltr'>raihtamma</span> <span class='ocrx_word' id='word_1_269' title='bbox 1259 1803 1440 1867; x_wconf 81' lang='lat' dir='ltr'>adulterabis,</span> <span class='ocrx_word' id='word_1_270' title='bbox 1469 1808 1522 1858; x_wconf 93' lang='grc' dir='ltr'>ιιι.</span> <span class='ocrx_word' id='word_1_271' title='bbox 1562 1800 1648 1858; x_wconf 83' lang='lat' dir='ltr'>Salva</span> <span class='ocrx_word' id='word_1_272' title='bbox 1671 1799 1773 1872; x_wconf 51' lang='lat' dir='ltr'>igitur:</span> 
     </span>
     <span class='ocr_line' id='line_1_20' title="bbox 79 1888 1765 1964; baseline -0.002 -13"><span class='ocrx_word' id='word_1_273' title='bbox 79 1895 187 1951; x_wconf 89' lang='lat' dir='ltr'>rmitate</span> <span class='ocrx_word' id='word_1_274' title='bbox 207 1901 360 1964; x_wconf 90' lang='lat' dir='ltr'>superatus</span> <span class='ocrx_word' id='word_1_275' title='bbox 381 1892 411 1949; x_wconf 94' lang='lat' dir='ltr'>in</span> <span class='ocrx_word' id='word_1_276' title='bbox 435 1891 653 1948; x_wconf 80' lang='lat' dir='ltr'>fornicationem</span> <span class='ocrx_word' id='word_1_277' title='bbox 667 1891 711 1947; x_wconf 89' lang='lat' dir='ltr'>vel</span> <span class='ocrx_word' id='word_1_278' title='bbox 740 1890 858 1946; x_wconf 84' lang='lat' dir='ltr'>homini·</span> <span class='ocrx_word' id='word_1_279' title='bbox 913 1894 1083 1950; x_wconf 89' lang='lat' dir='ltr'>anctoritate</span> <span class='ocrx_word' id='word_1_280' title='bbox 1108 1893 1172 1961; x_wconf 89' lang='lat' dir='ltr'>ista,</span> <span class='ocrx_word' id='word_1_281' title='bbox 1210 1892 1340 1951; x_wconf 89' lang='lat' dir='ltr'>dicemus</span> <span class='ocrx_word' id='word_1_282' title='bbox 1369 1890 1448 1963; x_wconf 94' lang='lat' dir='ltr'>quod</span> <span class='ocrx_word' id='word_1_283' title='bbox 1483 1888 1622 1962; x_wconf 87' lang='lat' dir='ltr'>diligebat</span> <span class='ocrx_word' id='word_1_284' title='bbox 1662 1888 1765 1947; x_wconf 89' lang='lat' dir='ltr'>Uriam</span> 
     </span>
     <span class='ocr_line' id='line_1_21' title="bbox 79 1978 1761 2051; baseline -0.002 -13"><span class='ocrx_word' id='word_1_285' title='bbox 79 1983 243 2051; x_wconf 87' lang='lat' dir='ltr'>nincidam,</span> <span class='ocrx_word' id='word_1_286' title='bbox 266 1982 311 2039; x_wconf 86' lang='lat' dir='ltr'>vel</span> <span class='ocrx_word' id='word_1_287' title='bbox 332 1981 362 2037; x_wconf 93' lang='lat' dir='ltr'>in</span> <span class='ocrx_word' id='word_1_288' title='bbox 378 1980 497 2051; x_wconf 84' lang='lat' dir='ltr'>aliquod</span> <span class='ocrx_word' id='word_1_289' title='bbox 512 1980 592 2035; x_wconf 92' lang='lat' dir='ltr'>aliud</span> <span class='ocrx_word' id='word_1_290' title='bbox 603 1986 763 2050; x_wconf 90' lang='lat' dir='ltr'>peccatum,</span> <span class='ocrx_word' id='word_1_291' title='bbox 774 1978 859 2035; x_wconf 93' lang='lat' dir='ltr'>dum·</span> <span class='ocrx_word' id='word_1_292' title='bbox 913 1981 1026 2047; x_wconf 81' lang='lat' dir='ltr'>aflectu,</span> <span class='ocrx_word' id='word_1_293' title='bbox 1041 1982 1090 2039; x_wconf 92' lang='lat' dir='ltr'>sed</span> <span class='ocrx_word' id='word_1_294' title='bbox 1106 1996 1168 2037; x_wconf 93' lang='lat' dir='ltr'>non</span> <span class='ocrx_word' id='word_1_295' title='bbox 1191 1979 1302 2039; x_wconf 84' lang='lat' dir='ltr'>ellectu.</span> <span class='ocrx_word' id='word_1_296' title='bbox 1329 1983 1394 2037; x_wconf 81' lang='lat' dir='ltr'>llaec</span> <span class='ocrx_word' id='word_1_297' title='bbox 1412 1992 1480 2037; x_wconf 86' lang='lat' dir='ltr'>vern</span> <span class='ocrx_word' id='word_1_298' title='bbox 1501 1978 1658 2036; x_wconf 89' lang='lat' dir='ltr'>auctoritas</span> <span class='ocrx_word' id='word_1_299' title='bbox 1672 1978 1761 2035; x_wconf 92' lang='lat' dir='ltr'>dedi·</span> 
     </span>
     <span class='ocr_line' id='line_1_22' title="bbox 81 2067 1387 2141; baseline -0.003 -14"><span class='ocrx_word' id='word_1_300' title='bbox 81 2071 263 2128; x_wconf 79' lang='lat' dir='ltr'>ochristum</span> <span class='ocrx_word' id='word_1_301' title='bbox 289 2070 318 2125; x_wconf 91' lang='lat' dir='ltr'>in</span> <span class='ocrx_word' id='word_1_302' title='bbox 344 2069 533 2125; x_wconf 81' lang='lat' dir='ltr'>fundamento</span> <span class='ocrx_word' id='word_1_303' title='bbox 558 2067 690 2135; x_wconf 89' lang='lat' dir='ltr'>habeam,</span> <span class='ocrx_word' id='word_1_304' title='bbox 715 2081 773 2122; x_wconf 93' lang='lat' dir='ltr'>non</span> <span class='ocrx_word' id='word_1_305' title='bbox 792 2080 859 2136; x_wconf 94' lang='lat' dir='ltr'>pro·</span> <span class='ocrx_word' id='word_1_306' title='bbox 913 2070 1033 2127; x_wconf 88' lang='lat' dir='ltr'>lectione</span> <span class='ocrx_word' id='word_1_307' title='bbox 1047 2071 1077 2126; x_wconf 94' lang='lat' dir='ltr'>in</span> <span class='ocrx_word' id='word_1_308' title='bbox 1090 2068 1193 2126; x_wconf 82' lang='lat' dir='ltr'>ellectu</span> <span class='ocrx_word' id='word_1_309' title='bbox 1206 2067 1387 2141; x_wconf 84' lang='lat' dir='ltr'>intelligitur.</span> 
     </span>
    </p>

    <p class='ocr_par' dir='ltr' id='par_1_3' title="bbox 78 2151 1772 5507">
     <span class='ocr_line' id='line_1_23' title="bbox 86 2151 1762 2229; baseline -0.004 -12"><span class='ocrx_word' id='word_1_310' title='bbox 86 2160 140 2217; x_wconf 92' lang='lat' dir='ltr'>hoc</span> <span class='ocrx_word' id='word_1_311' title='bbox 153 2173 255 2217; x_wconf 86' lang='lat' dir='ltr'>verum</span> <span class='ocrx_word' id='word_1_312' title='bbox 270 2165 322 2226; x_wconf 90' lang='lat' dir='ltr'>est,</span> <span class='ocrx_word' id='word_1_313' title='bbox 343 2158 423 2228; x_wconf 93' lang='lat' dir='ltr'>quod</span> <span class='ocrx_word' id='word_1_314' title='bbox 438 2158 528 2212; x_wconf 87' lang='lat' dir='ltr'>Deum</span> <span class='ocrx_word' id='word_1_315' title='bbox 544 2170 601 2212; x_wconf 95' lang='lat' dir='ltr'>non</span> <span class='ocrx_word' id='word_1_316' title='bbox 629 2155 758 2227; x_wconf 90' lang='lat' dir='ltr'>diligam.</span> <span class='ocrx_word' id='word_1_317' title='bbox 786 2154 861 2212; x_wconf 89' lang='lat' dir='ltr'>Beue</span> <span class='ocrx_word' id='word_1_318' title='bbox 948 2160 1034 2217; x_wconf 90' lang='lat' dir='ltr'>Nunc</span> <span class='ocrx_word' id='word_1_319' title='bbox 1048 2159 1083 2215; x_wconf 90' lang='lat' dir='ltr'>de</span> <span class='ocrx_word' id='word_1_320' title='bbox 1108 2159 1258 2229; x_wconf 89' lang='lat' dir='ltr'>speciebus</span> <span class='ocrx_word' id='word_1_321' title='bbox 1279 2157 1398 2215; x_wconf 85' lang='lat' dir='ltr'>virtutis</span> <span class='ocrx_word' id='word_1_322' title='bbox 1413 2156 1574 2225; x_wconf 87' lang='lat' dir='ltr'>videamus,</span> <span class='ocrx_word' id='word_1_323' title='bbox 1595 2167 1670 2226; x_wconf 88' lang='lat' dir='ltr'>quas</span> <span class='ocrx_word' id='word_1_324' title='bbox 1692 2151 1762 2227; x_wconf 90' lang='lat' dir='ltr'>qui·</span> 
     </span>
     <span class='ocr_line' id='line_1_24' title="bbox 79 2243 1761 2320; baseline -0.003 -15"><span class='ocrx_word' id='word_1_325' title='bbox 79 2263 87 2304; x_wconf 90' lang='grc' dir='ltr'>ι</span> <span class='ocrx_word' id='word_1_326' title='bbox 110 2262 228 2320; x_wconf 93' lang='lat' dir='ltr'>possum</span> <span class='ocrx_word' id='word_1_327' title='bbox 253 2248 282 2302; x_wconf 90' lang='lat' dir='ltr'>in</span> <span class='ocrx_word' id='word_1_328' title='bbox 307 2246 407 2317; x_wconf 86' lang='lat' dir='ltr'>aliquo</span> <span class='ocrx_word' id='word_1_329' title='bbox 431 2245 587 2302; x_wconf 85' lang='lat' dir='ltr'>Dominum</span> <span class='ocrx_word' id='word_1_330' title='bbox 614 2259 710 2301; x_wconf 91' lang='lat' dir='ltr'>mcum</span> <span class='ocrx_word' id='word_1_331' title='bbox 735 2252 872 2309; x_wconf 80' lang='lat' dir='ltr'>contem·¹</span> <span class='ocrx_word' id='word_1_332' title='bbox 914 2247 1025 2307; x_wconf 93' lang='lat' dir='ltr'>damin</span> <span class='ocrx_word' id='word_1_333' title='bbox 1041 2248 1152 2318; x_wconf 75' lang='lat' dir='ltr'>maiori,</span> <span class='ocrx_word' id='word_1_334' title='bbox 1173 2246 1332 2319; x_wconf 91' lang='lat' dir='ltr'>qnidamin</span> <span class='ocrx_word' id='word_1_335' title='bbox 1346 2246 1587 2302; x_wconf 90' lang='lat' dir='ltr'>minorinumero</span> <span class='ocrx_word' id='word_1_336' title='bbox 1602 2243 1761 2300; x_wconf 88' lang='lat' dir='ltr'>coustitue-</span> 
     </span>
     <span class='ocr_line' id='line_1_25' title="bbox 79 2330 1761 2408; baseline -0.004 -14"><span class='ocrx_word' id='word_1_337' title='bbox 79 2337 131 2393; x_wconf 59' lang='lat' dir='ltr'>:ad</span> <span class='ocrx_word' id='word_1_338' title='bbox 157 2345 270 2408; x_wconf 91' lang='lat' dir='ltr'>tempus</span> <span class='ocrx_word' id='word_1_339' title='bbox 285 2343 312 2392; x_wconf 94' lang='lat' dir='ltr'>et</span> <span class='ocrx_word' id='word_1_340' title='bbox 334 2336 427 2406; x_wconf 91' lang='lat' dir='ltr'>ipsum</span> <span class='ocrx_word' id='word_1_341' title='bbox 449 2349 508 2404; x_wconf 72' lang='lat' dir='ltr'>prae</span> <span class='ocrx_word' id='word_1_342' title='bbox 529 2333 666 2389; x_wconf 89' lang='lat' dir='ltr'>omnihus</span> <span class='ocrx_word' id='word_1_343' title='bbox 689 2332 810 2403; x_wconf 85' lang='lat' dir='ltr'>diligere</span> <span class='ocrx_word' id='word_1_344' title='bbox 834 2335 861 2388; x_wconf 88' lang='grc' dir='ltr'>ιι</span> <span class='ocrx_word' id='word_1_345' title='bbox 914 2343 992 2393; x_wconf 91' lang='lat' dir='ltr'>runt.</span> <span class='ocrx_word' id='word_1_346' title='bbox 1009 2334 1137 2392; x_wconf 89' lang='lat' dir='ltr'>Socrates</span> <span class='ocrx_word' id='word_1_347' title='bbox 1149 2336 1226 2391; x_wconf 92' lang='lat' dir='ltr'>euim</span> <span class='ocrx_word' id='word_1_348' title='bbox 1245 2334 1300 2391; x_wconf 92' lang='lat' dir='ltr'>suh</span> <span class='ocrx_word' id='word_1_349' title='bbox 1320 2334 1428 2390; x_wconf 90' lang='lat' dir='ltr'>virtute</span> <span class='ocrx_word' id='word_1_350' title='bbox 1447 2332 1629 2404; x_wconf 89' lang='lat' dir='ltr'>prudentiam</span> <span class='ocrx_word' id='word_1_351' title='bbox 1654 2330 1761 2388; x_wconf 89' lang='lat' dir='ltr'>cousti-</span> 
     </span>
     <span class='ocr_line' id='line_1_26' title="bbox 79 2419 1760 2495; baseline -0.003 -14"><span class='ocrx_word' id='word_1_352' title='bbox 79 2440 99 2483; x_wconf 76' lang='grc' dir='ltr'>ιι</span> <span class='ocrx_word' id='word_1_353' title='bbox 117 2425 188 2482; x_wconf 90' lang='lat' dir='ltr'>alios</span> <span class='ocrx_word' id='word_1_354' title='bbox 209 2426 362 2482; x_wconf 80' lang='lat' dir='ltr'>aestimare.</span> <span class='ocrx_word' id='word_1_355' title='bbox 380 2423 473 2479; x_wconf 87' lang='lat' dir='ltr'>David</span> <span class='ocrx_word' id='word_1_356' title='bbox 491 2423 569 2479; x_wconf 92' lang='lat' dir='ltr'>enim</span> <span class='ocrx_word' id='word_1_357' title='bbox 591 2421 708 2492; x_wconf 91' lang='lat' dir='ltr'>quando</span> <span class='ocrx_word' id='word_1_358' title='bbox 732 2420 860 2491; x_wconf 88' lang='lat' dir='ltr'>peccavit</span> <span class='ocrx_word' id='word_1_359' title='bbox 914 2432 999 2482; x_wconf 91' lang='lat' dir='ltr'>tuens</span> <span class='ocrx_word' id='word_1_360' title='bbox 1009 2431 1137 2495; x_wconf 88' lang='lat' dir='ltr'>quatuor</span> <span class='ocrx_word' id='word_1_361' title='bbox 1151 2423 1270 2479; x_wconf 84' lang='lat' dir='ltr'>virtutis</span> <span class='ocrx_word' id='word_1_362' title='bbox 1295 2421 1404 2493; x_wconf 92' lang='lat' dir='ltr'>species</span> <span class='ocrx_word' id='word_1_363' title='bbox 1418 2435 1478 2479; x_wconf 87' lang='lat' dir='ltr'>esso</span> <span class='ocrx_word' id='word_1_364' title='bbox 1497 2420 1614 2478; x_wconf 91' lang='lat' dir='ltr'>docuit:</span> <span class='ocrx_word' id='word_1_365' title='bbox 1634 2419 1760 2491; x_wconf 88' lang='lat' dir='ltr'>prudeu-</span> 
     </span>
     <span class='ocr_line' id='line_1_27' title="bbox 79 2507 1761 2585; baseline -0.004 -14"><span class='ocrx_word' id='word_1_366' title='bbox 79 2516 182 2571; x_wconf 86' lang='lat' dir='ltr'>itatem</span> <span class='ocrx_word' id='word_1_367' title='bbox 205 2514 339 2582; x_wconf 89' lang='lat' dir='ltr'>habebat,</span> <span class='ocrx_word' id='word_1_368' title='bbox 358 2513 427 2584; x_wconf 88' lang='lat' dir='ltr'>quia</span> <span class='ocrx_word' id='word_1_369' title='bbox 451 2510 598 2568; x_wconf 88' lang='lat' dir='ltr'>Christum</span> <span class='ocrx_word' id='word_1_370' title='bbox 618 2510 648 2565; x_wconf 93' lang='lat' dir='ltr'>in</span> <span class='ocrx_word' id='word_1_371' title='bbox 672 2508 860 2565; x_wconf 88' lang='lat' dir='ltr'>lundamento</span> <span class='ocrx_word' id='word_1_372' title='bbox 915 2515 995 2581; x_wconf 90' lang='lat' dir='ltr'>tiam,</span> <span class='ocrx_word' id='word_1_373' title='bbox 1015 2512 1170 2585; x_wconf 85' lang='lat' dir='ltr'>justitiam,</span> <span class='ocrx_word' id='word_1_374' title='bbox 1195 2511 1405 2577; x_wconf 78' lang='lat' dir='ltr'>fortitudinem,</span> <span class='ocrx_word' id='word_1_375' title='bbox 1427 2510 1659 2580; x_wconf 85' lang='lat' dir='ltr'>temperantiam.</span> <span class='ocrx_word' id='word_1_376' title='bbox 1682 2507 1761 2565; x_wconf 84' lang='lat' dir='ltr'>llixit</span> 
     </span>
     <span class='ocr_line' id='line_1_28' title="bbox 79 2596 1761 2671; baseline -0.005 -11"><span class='ocrx_word' id='word_1_377' title='bbox 79 2604 153 2670; x_wconf 76' lang='lat' dir='ltr'>abat3</span> <span class='ocrx_word' id='word_1_378' title='bbox 181 2602 327 2660; x_wconf 88' lang='lat' dir='ltr'>Christum</span> <span class='ocrx_word' id='word_1_379' title='bbox 349 2609 446 2657; x_wconf 91' lang='lat' dir='ltr'>autem</span> <span class='ocrx_word' id='word_1_380' title='bbox 478 2599 508 2654; x_wconf 93' lang='grc' dir='ltr'>ιι</span> <span class='ocrx_word' id='word_1_381' title='bbox 536 2598 725 2655; x_wconf 80' lang='lat' dir='ltr'>fundamento</span> <span class='ocrx_word' id='word_1_382' title='bbox 754 2596 861 2653; x_wconf 90' lang='lat' dir='ltr'>habere</span> <span class='ocrx_word' id='word_1_383' title='bbox 913 2596 1761 2671; x_wconf 87' lang='lat' dir='ltr'>enimprudentiam,discretionemessebonarumvelma-</span> 
     </span>
     <span class='ocr_line' id='line_1_29' title="bbox 82 2684 1760 2763; baseline -0.003 -17"><span class='ocrx_word' id='word_1_384' title='bbox 82 2692 208 2763; x_wconf 86' lang='lat' dir='ltr'>aliquem</span> <span class='ocrx_word' id='word_1_385' title='bbox 238 2692 280 2748; x_wconf 92' lang='lat' dir='ltr'>sic</span> <span class='ocrx_word' id='word_1_386' title='bbox 303 2705 371 2747; x_wconf 91' lang='lat' dir='ltr'>enm</span> <span class='ocrx_word' id='word_1_387' title='bbox 400 2689 529 2760; x_wconf 90' lang='lat' dir='ltr'>diligere,</span> <span class='ocrx_word' id='word_1_388' title='bbox 554 2687 631 2757; x_wconf 92' lang='lat' dir='ltr'>quod</span> <span class='ocrx_word' id='word_1_389' title='bbox 658 2686 681 2742; x_wconf 88' lang='lat' dir='ltr'>si</span> <span class='ocrx_word' id='word_1_390' title='bbox 708 2686 784 2755; x_wconf 88' lang='lat' dir='ltr'>optio</span> <span class='ocrx_word' id='word_1_391' title='bbox 814 2684 861 2739; x_wconf 91' lang='lat' dir='ltr'>da·</span> <span class='ocrx_word' id='word_1_392' title='bbox 913 2689 1008 2746; x_wconf 89' lang='lat' dir='ltr'>larum</span> <span class='ocrx_word' id='word_1_393' title='bbox 1026 2701 1199 2745; x_wconf 91' lang='lat' dir='ltr'>rerumcum</span> <span class='ocrx_word' id='word_1_394' title='bbox 1214 2693 1320 2743; x_wconf 91' lang='lat' dir='ltr'>ornatu</span> <span class='ocrx_word' id='word_1_395' title='bbox 1331 2699 1454 2742; x_wconf 91' lang='lat' dir='ltr'>morum.</span> <span class='ocrx_word' id='word_1_396' title='bbox 1468 2684 1565 2741; x_wconf 87' lang='lat' dir='ltr'>Talem</span> <span class='ocrx_word' id='word_1_397' title='bbox 1575 2684 1760 2755; x_wconf 87' lang='lat' dir='ltr'>prudentiam</span> 
     </span>
     <span class='ocr_line' id='line_1_30' title="bbox 81 2772 1760 2852; baseline -0.004 -16"><span class='ocrx_word' id='word_1_398' title='bbox 81 2795 104 2850; x_wconf 93' lang='lat' dir='ltr'>r,</span> <span class='ocrx_word' id='word_1_399' title='bbox 122 2782 203 2852; x_wconf 89' lang='lat' dir='ltr'>prius</span> <span class='ocrx_word' id='word_1_400' title='bbox 217 2780 391 2850; x_wconf 91' lang='lat' dir='ltr'>permitteret</span> <span class='ocrx_word' id='word_1_401' title='bbox 407 2792 435 2834; x_wconf 93' lang='grc' dir='ltr'>ιι</span> <span class='ocrx_word' id='word_1_402' title='bbox 455 2775 587 2843; x_wconf 81' lang='lat' dir='ltr'>interfici,</span> <span class='ocrx_word' id='word_1_403' title='bbox 604 2789 693 2846; x_wconf 85' lang='lat' dir='ltr'>quam</span> <span class='ocrx_word' id='word_1_404' title='bbox 718 2788 786 2831; x_wconf 90' lang='lat' dir='ltr'>eum</span> <span class='ocrx_word' id='word_1_405' title='bbox 811 2787 858 2829; x_wconf 86' lang='lat' dir='ltr'>ne·</span> <span class='ocrx_word' id='word_1_406' title='bbox 914 2777 1027 2836; x_wconf 83' lang='lat' dir='ltr'>vocavit</span> <span class='ocrx_word' id='word_1_407' title='bbox 1045 2776 1196 2833; x_wconf 87' lang='lat' dir='ltr'>scientiam</span> <span class='ocrx_word' id='word_1_408' title='bbox 1210 2774 1255 2832; x_wconf 91' lang='grc' dir='ltr'>ιιι</span> <span class='ocrx_word' id='word_1_409' title='bbox 1282 2773 1463 2845; x_wconf 91' lang='lat' dir='ltr'>sapientiam.</span> <span class='ocrx_word' id='word_1_410' title='bbox 1479 2773 1519 2829; x_wconf 88' lang='lat' dir='ltr'>De</span> <span class='ocrx_word' id='word_1_411' title='bbox 1535 2773 1590 2829; x_wconf 89' lang='lat' dir='ltr'>hac</span> <span class='ocrx_word' id='word_1_412' title='bbox 1613 2772 1760 2831; x_wconf 84' lang='lat' dir='ltr'>rhetorica</span> 
     </span>
     <span class='ocr_line' id='line_1_31' title="bbox 79 2858 1758 2946; baseline -0.002 -24"><span class='ocrx_word' id='word_1_413' title='bbox 79 2877 102 2926; x_wconf 86' lang='lat' dir='ltr'>t.</span> <span class='ocrx_word' id='word_1_414' title='bbox 116 2870 149 2927; x_wconf 93' lang='lat' dir='ltr'>ln</span> <span class='ocrx_word' id='word_1_415' title='bbox 165 2869 273 2926; x_wconf 90' lang='lat' dir='ltr'>talibus</span> <span class='ocrx_word' id='word_1_416' title='bbox 292 2881 358 2923; x_wconf 89' lang='grc' dir='ltr'>ιιιι</span> <span class='ocrx_word' id='word_1_417' title='bbox 376 2873 474 2937; x_wconf 86' lang='lat' dir='ltr'>peccat</span> <span class='ocrx_word' id='word_1_418' title='bbox 496 2864 573 2936; x_wconf 92' lang='lat' dir='ltr'>quis,</span> <span class='ocrx_word' id='word_1_419' title='bbox 592 2864 664 2934; x_wconf 88' lang='lat' dir='ltr'>lapis</span> <span class='ocrx_word' id='word_1_420' title='bbox 684 2865 727 2919; x_wconf 92' lang='lat' dir='ltr'>est</span> <span class='ocrx_word' id='word_1_421' title='bbox 751 2868 858 2930; x_wconf 90' lang='lat' dir='ltr'>motus,</span> <span class='ocrx_word' id='word_1_422' title='bbox 876 2891 897 2946; x_wconf 54' lang='grc' dir='ltr'>Ω</span> <span class='ocrx_word' id='word_1_423' title='bbox 915 2865 1039 2923; x_wconf 92' lang='lat' dir='ltr'>multum</span> <span class='ocrx_word' id='word_1_424' title='bbox 1053 2864 1236 2935; x_wconf 84' lang='lat' dir='ltr'>eloquentiae,</span> <span class='ocrx_word' id='word_1_425' title='bbox 1250 2877 1354 2933; x_wconf 91' lang='lat' dir='ltr'>parum</span> <span class='ocrx_word' id='word_1_426' title='bbox 1376 2858 1501 2919; x_wconf 77' lang='lat' dir='ltr'>scientiae</span> <span class='ocrx_word' id='word_1_427' title='bbox 1527 2860 1573 2919; x_wconf 91' lang='grc' dir='ltr'>ιιι</span> <span class='ocrx_word' id='word_1_428' title='bbox 1598 2861 1758 2932; x_wconf 78' lang='lat' dir='ltr'>sapientiae.</span> 
     </span>
     <span class='ocr_line' id='line_1_32' title="bbox 86 2949 1764 3026; baseline -0.004 -11"><span class='ocrx_word' id='word_1_429' title='bbox 86 2957 214 3016; x_wconf 81' lang='lat' dir='ltr'>evulsus.</span> <span class='ocrx_word' id='word_1_430' title='bbox 231 2956 319 3014; x_wconf 82' lang='lat' dir='ltr'>Cedat</span> <span class='ocrx_word' id='word_1_431' title='bbox 331 2956 439 3026; x_wconf 92' lang='lat' dir='ltr'>justus,</span> <span class='ocrx_word' id='word_1_432' title='bbox 464 2953 579 3009; x_wconf 89' lang='lat' dir='ltr'>labatur</span> <span class='ocrx_word' id='word_1_433' title='bbox 597 2953 704 3023; x_wconf 81' lang='lat' dir='ltr'>justus,</span> <span class='ocrx_word' id='word_1_434' title='bbox 725 2957 860 3021; x_wconf 81' lang='lat' dir='ltr'>resurgat</span> <span class='ocrx_word' id='word_1_435' title='bbox 913 2954 1076 3011; x_wconf 83' lang='lat' dir='ltr'>Aristoteles</span> <span class='ocrx_word' id='word_1_436' title='bbox 1096 2960 1193 3009; x_wconf 90' lang='lat' dir='ltr'>autem</span> <span class='ocrx_word' id='word_1_437' title='bbox 1216 2965 1232 3007; x_wconf 90' lang='lat' dir='ltr'>a</span> <span class='ocrx_word' id='word_1_438' title='bbox 1254 2951 1412 3008; x_wconf 84' lang='lat' dir='ltr'>virtutibus</span> <span class='ocrx_word' id='word_1_439' title='bbox 1435 2964 1500 3008; x_wconf 90' lang='lat' dir='ltr'>eam</span> <span class='ocrx_word' id='word_1_440' title='bbox 1523 2950 1680 3023; x_wconf 87' lang='lat' dir='ltr'>separarit,</span> <span class='ocrx_word' id='word_1_441' title='bbox 1708 2949 1764 3008; x_wconf 88' lang='lat' dir='ltr'>uhi·</span> 
     </span>
     <span class='ocr_line' id='line_1_33' title="bbox 79 3038 1760 3115; baseline -0.004 -11"><span class='ocrx_word' id='word_1_442' title='bbox 79 3061 118 3115; x_wconf 89' lang='grc' dir='ltr'>ιι,</span> <span class='ocrx_word' id='word_1_443' title='bbox 134 3046 236 3103; x_wconf 90' lang='lat' dir='ltr'>melior</span> <span class='ocrx_word' id='word_1_444' title='bbox 249 3046 313 3102; x_wconf 87' lang='lat' dir='ltr'>erit.</span> <span class='ocrx_word' id='word_1_445' title='bbox 330 3043 441 3100; x_wconf 89' lang='lat' dir='ltr'>Sanctis</span> <span class='ocrx_word' id='word_1_446' title='bbox 460 3043 538 3100; x_wconf 87' lang='lat' dir='ltr'>enim</span> <span class='ocrx_word' id='word_1_447' title='bbox 565 3042 657 3095; x_wconf 82' lang='lat' dir='ltr'>omnio</span> <span class='ocrx_word' id='word_1_448' title='bbox 679 3044 860 3110; x_wconf 76' lang='lat' dir='ltr'>cooperantur</span> <span class='ocrx_word' id='word_1_449' title='bbox 914 3044 1008 3106; x_wconf 88' lang='lat' dir='ltr'>dixit:</span> <span class='ocrx_word' id='word_1_450' title='bbox 1038 3041 1119 3100; x_wconf 87' lang='lat' dir='ltr'>Tales</span> <span class='ocrx_word' id='word_1_451' title='bbox 1146 3049 1216 3098; x_wconf 91' lang='lat' dir='ltr'>sunt</span> <span class='ocrx_word' id='word_1_452' title='bbox 1233 3041 1358 3098; x_wconf 86' lang='lat' dir='ltr'>soientiae</span> <span class='ocrx_word' id='word_1_453' title='bbox 1380 3047 1408 3098; x_wconf 91' lang='lat' dir='ltr'>et</span> <span class='ocrx_word' id='word_1_454' title='bbox 1434 3041 1567 3098; x_wconf 84' lang='lat' dir='ltr'>virtutes.</span> <span class='ocrx_word' id='word_1_455' title='bbox 1593 3038 1760 3097; x_wconf 82' lang='lat' dir='ltr'>Aristoteles</span> 
     </span>
     <span class='ocr_line' id='line_1_34' title="bbox 79 3128 1758 3208; baseline -0.005 -16"><span class='ocrx_word' id='word_1_456' title='bbox 79 3152 155 3192; x_wconf 76' lang='lat' dir='ltr'>&gt;num</span> <span class='ocrx_word' id='word_1_457' title='bbox 172 3139 260 3208; x_wconf 85' lang='lat' dir='ltr'>(Rom.</span> <span class='ocrx_word' id='word_1_458' title='bbox 277 3149 338 3204; x_wconf 88' lang='grc' dir='ltr'>ιιιι,</span> <span class='ocrx_word' id='word_1_459' title='bbox 357 3132 413 3203; x_wconf 76' lang='grc' dir='ltr'>ιι).</span> <span class='ocrx_word' id='word_1_460' title='bbox 914 3146 982 3189; x_wconf 89' lang='lat' dir='ltr'>vero</span> <span class='ocrx_word' id='word_1_461' title='bbox 1000 3131 1093 3188; x_wconf 91' lang='lat' dir='ltr'>noluit</span> <span class='ocrx_word' id='word_1_462' title='bbox 1116 3132 1162 3188; x_wconf 90' lang='grc' dir='ltr'>ιιι</span> <span class='ocrx_word' id='word_1_463' title='bbox 1185 3130 1272 3187; x_wconf 90' lang='lat' dir='ltr'>etiam</span> <span class='ocrx_word' id='word_1_464' title='bbox 1295 3143 1354 3186; x_wconf 92' lang='lat' dir='ltr'>non</span> <span class='ocrx_word' id='word_1_465' title='bbox 1382 3128 1496 3201; x_wconf 86' lang='lat' dir='ltr'>putarit</span> <span class='ocrx_word' id='word_1_466' title='bbox 1522 3142 1583 3185; x_wconf 89' lang='lat' dir='ltr'>esse</span> <span class='ocrx_word' id='word_1_467' title='bbox 1608 3128 1758 3197; x_wconf 80' lang='lat' dir='ltr'>virtutem,</span> 
     </span>
     <span class='ocr_line' id='line_1_35' title="bbox 79 3215 1757 3297; baseline -0.006 -14"><span class='ocrx_word' id='word_1_468' title='bbox 79 3240 120 3283; x_wconf 89' lang='grc' dir='ltr'>ιιι</span> <span class='ocrx_word' id='word_1_469' title='bbox 148 3226 238 3297; x_wconf 89' lang='lat' dir='ltr'>igitur</span> <span class='ocrx_word' id='word_1_470' title='bbox 262 3223 387 3280; x_wconf 91' lang='lat' dir='ltr'>charitas</span> <span class='ocrx_word' id='word_1_471' title='bbox 405 3234 520 3278; x_wconf 89' lang='lat' dir='ltr'>summa</span> <span class='ocrx_word' id='word_1_472' title='bbox 541 3219 682 3276; x_wconf 89' lang='lat' dir='ltr'>virtutum</span> <span class='ocrx_word' id='word_1_473' title='bbox 710 3215 757 3278; x_wconf 86' lang='grc' dir='ltr'>ιιι,</span> <span class='ocrx_word' id='word_1_474' title='bbox 773 3222 801 3272; x_wconf 89' lang='grc' dir='ltr'>ιι</span> <span class='ocrx_word' id='word_1_475' title='bbox 828 3215 860 3272; x_wconf 89' lang='grc' dir='ltr'>ιι</span> <span class='ocrx_word' id='word_1_476' title='bbox 914 3220 993 3293; x_wconf 92' lang='lat' dir='ltr'>quod</span> <span class='ocrx_word' id='word_1_477' title='bbox 1007 3219 1225 3291; x_wconf 80' lang='lat' dir='ltr'>eqnehoniset</span> <span class='ocrx_word' id='word_1_478' title='bbox 1249 3219 1333 3275; x_wconf 89' lang='lat' dir='ltr'>malis</span> <span class='ocrx_word' id='word_1_479' title='bbox 1355 3219 1443 3275; x_wconf 89' lang='lat' dir='ltr'>hahet</span> <span class='ocrx_word' id='word_1_480' title='bbox 1463 3215 1628 3275; x_wconf 81' lang='lat' dir='ltr'>convenire.</span> <span class='ocrx_word' id='word_1_481' title='bbox 1652 3218 1757 3274; x_wconf 87' lang='lat' dir='ltr'>Secun-</span> 
     </span>
     <span class='ocr_line' id='line_1_36' title="bbox 98 3303 1759 3382; baseline -0.006 -10"><span class='ocrx_word' id='word_1_482' title='bbox 98 3313 192 3369; x_wconf 91' lang='lat' dir='ltr'>omnis</span> <span class='ocrx_word' id='word_1_483' title='bbox 219 3313 314 3369; x_wconf 82' lang='lat' dir='ltr'>virtus</span> <span class='ocrx_word' id='word_1_484' title='bbox 345 3323 433 3380; x_wconf 80' lang='lat' dir='ltr'>quatu</span> <span class='ocrx_word' id='word_1_485' title='bbox 475 3308 537 3377; x_wconf 89' lang='lat' dir='ltr'>ipsa</span> <span class='ocrx_word' id='word_1_486' title='bbox 570 3306 608 3362; x_wconf 92' lang='lat' dir='ltr'>sit</span> <span class='ocrx_word' id='word_1_487' title='bbox 638 3303 791 3369; x_wconf 72' lang='lat' dir='ltr'>innitatur,</span> <span class='ocrx_word' id='word_1_488' title='bbox 825 3303 860 3359; x_wconf 76' lang='lat' dir='ltr'>de</span> <span class='ocrx_word' id='word_1_489' title='bbox 914 3311 982 3367; x_wconf 92' lang='lat' dir='ltr'>dnm</span> <span class='ocrx_word' id='word_1_490' title='bbox 1010 3309 1189 3366; x_wconf 78' lang='lat' dir='ltr'>Aristotelem</span> <span class='ocrx_word' id='word_1_491' title='bbox 1210 3309 1302 3382; x_wconf 85' lang='lat' dir='ltr'>igitur</span> <span class='ocrx_word' id='word_1_492' title='bbox 1327 3316 1384 3365; x_wconf 93' lang='lat' dir='ltr'>tres</span> <span class='ocrx_word' id='word_1_493' title='bbox 1405 3314 1474 3365; x_wconf 91' lang='lat' dir='ltr'>snut</span> <span class='ocrx_word' id='word_1_494' title='bbox 1499 3307 1606 3378; x_wconf 91' lang='lat' dir='ltr'>species</span> <span class='ocrx_word' id='word_1_495' title='bbox 1631 3304 1759 3373; x_wconf 89' lang='lat' dir='ltr'>virtutis,</span> 
     </span>
     <span class='ocr_line' id='line_1_37' title="bbox 79 3391 1759 3469; baseline -0.004 -11"><span class='ocrx_word' id='word_1_496' title='bbox 79 3401 172 3458; x_wconf 81' lang='lat' dir='ltr'>stibus</span> <span class='ocrx_word' id='word_1_497' title='bbox 188 3400 273 3458; x_wconf 91' lang='lat' dir='ltr'>latius</span> <span class='ocrx_word' id='word_1_498' title='bbox 291 3408 318 3456; x_wconf 91' lang='lat' dir='ltr'>et</span> <span class='ocrx_word' id='word_1_499' title='bbox 332 3398 412 3454; x_wconf 88' lang='lat' dir='ltr'>vitiis</span> <span class='ocrx_word' id='word_1_500' title='bbox 433 3395 627 3467; x_wconf 86' lang='lat' dir='ltr'>inquiramus.</span> <span class='ocrx_word' id='word_1_501' title='bbox 647 3393 701 3449; x_wconf 80' lang='lat' dir='ltr'>Sed</span> <span class='ocrx_word' id='word_1_502' title='bbox 717 3392 797 3463; x_wconf 78' lang='lat' dir='ltr'>prius</span> <span class='ocrx_word' id='word_1_503' title='bbox 808 3391 861 3447; x_wconf 77' lang='lat'>¹100</span> <span class='ocrx_word' id='word_1_504' title='bbox 911 3398 1024 3469; x_wconf 80' lang='lat' dir='ltr'>justitia</span> <span class='ocrx_word' id='word_1_505' title='bbox 1057 3399 1175 3464; x_wconf 89' lang='lat' dir='ltr'>scilicet,</span> <span class='ocrx_word' id='word_1_506' title='bbox 1212 3398 1412 3468; x_wconf 88' lang='lat' dir='ltr'>temperantia,</span> <span class='ocrx_word' id='word_1_507' title='bbox 1443 3395 1591 3454; x_wconf 79' lang='lat' dir='ltr'>fortitudo.</span> <span class='ocrx_word' id='word_1_508' title='bbox 1615 3393 1759 3452; x_wconf 83' lang='lat' dir='ltr'>iustitiam</span> 
     </span>
     <span class='ocr_line' id='line_1_38' title="bbox 82 3481 1760 3556; baseline -0.001 -15"><span class='ocrx_word' id='word_1_509' title='bbox 82 3490 221 3546; x_wconf 84' lang='lat' dir='ltr'>charitate</span> <span class='ocrx_word' id='word_1_510' title='bbox 254 3488 412 3554; x_wconf 88' lang='lat' dir='ltr'>videamus,</span> <span class='ocrx_word' id='word_1_511' title='bbox 439 3486 518 3556; x_wconf 89' lang='lat' dir='ltr'>quod</span> <span class='ocrx_word' id='word_1_512' title='bbox 541 3481 724 3554; x_wconf 75' lang='lat' dir='ltr'>Augustinus</span> <span class='ocrx_word' id='word_1_513' title='bbox 745 3493 861 3538; x_wconf 76' lang='lat' dir='ltr'>omnum</span> <span class='ocrx_word' id='word_1_514' title='bbox 915 3502 983 3545; x_wconf 89' lang='lat' dir='ltr'>vero</span> <span class='ocrx_word' id='word_1_515' title='bbox 1005 3487 1048 3543; x_wconf 89' lang='lat' dir='ltr'>sio</span> <span class='ocrx_word' id='word_1_516' title='bbox 1069 3487 1212 3543; x_wconf 84' lang='lat' dir='ltr'>definiunt</span> <span class='ocrx_word' id='word_1_517' title='bbox 1240 3486 1420 3556; x_wconf 89' lang='lat' dir='ltr'>philosophi:</span> <span class='ocrx_word' id='word_1_518' title='bbox 1447 3485 1561 3542; x_wconf 86' lang='lat' dir='ltr'>lustitia</span> <span class='ocrx_word' id='word_1_519' title='bbox 1581 3491 1623 3542; x_wconf 92' lang='lat' dir='ltr'>est</span> <span class='ocrx_word' id='word_1_520' title='bbox 1642 3484 1760 3543; x_wconf 88' lang='lat' dir='ltr'>habitus</span> 
     </span>
     <span class='ocr_line' id='line_1_39' title="bbox 79 3568 1759 3648; baseline -0.004 -13"><span class='ocrx_word' id='word_1_521' title='bbox 79 3585 153 3635; x_wconf 88' lang='grc' dir='ltr'>ιιιιι</span> <span class='ocrx_word' id='word_1_522' title='bbox 169 3579 338 3648; x_wconf 84' lang='lat' dir='ltr'>charitatem</span> <span class='ocrx_word' id='word_1_523' title='bbox 355 3588 417 3632; x_wconf 83' lang='lat' dir='ltr'>esse</span> <span class='ocrx_word' id='word_1_524' title='bbox 436 3571 509 3629; x_wconf 91' lang='lat' dir='ltr'>velle</span> <span class='ocrx_word' id='word_1_525' title='bbox 535 3572 660 3627; x_wconf 85' lang='lat' dir='ltr'>videtur.</span> <span class='ocrx_word' id='word_1_526' title='bbox 688 3568 759 3626; x_wconf 84' lang='lat' dir='ltr'>Cum</span> <span class='ocrx_word' id='word_1_527' title='bbox 783 3568 861 3626; x_wconf 82' lang='lat' dir='ltr'>enim</span> <span class='ocrx_word' id='word_1_528' title='bbox 916 3575 1005 3632; x_wconf 92' lang='lat' dir='ltr'>animi</span> <span class='ocrx_word' id='word_1_529' title='bbox 1019 3576 1140 3632; x_wconf 90' lang='lat' dir='ltr'>reddens</span> <span class='ocrx_word' id='word_1_530' title='bbox 1163 3575 1326 3646; x_wconf 88' lang='lat' dir='ltr'>unicuique</span> <span class='ocrx_word' id='word_1_531' title='bbox 1341 3574 1418 3645; x_wconf 92' lang='lat' dir='ltr'>quod</span> <span class='ocrx_word' id='word_1_532' title='bbox 1438 3589 1525 3632; x_wconf 92' lang='lat' dir='ltr'>suum</span> <span class='ocrx_word' id='word_1_533' title='bbox 1544 3582 1596 3642; x_wconf 89' lang='grc' dir='ltr'>ιιι,</span> <span class='ocrx_word' id='word_1_534' title='bbox 1612 3573 1759 3632; x_wconf 87' lang='lat' dir='ltr'>communi</span> 
     </span>
     <span class='ocr_line' id='line_1_40' title="bbox 79 3659 1760 3729; baseline -0.007 1"><span class='ocrx_word' id='word_1_535' title='bbox 79 3667 141 3724; x_wconf 83' lang='lat' dir='ltr'>itas</span> <span class='ocrx_word' id='word_1_536' title='bbox 164 3665 232 3722; x_wconf 87' lang='lat' dir='ltr'>iacit</span> <span class='ocrx_word' id='word_1_537' title='bbox 259 3663 372 3729; x_wconf 68' lang='grc'><strong>10116111,</strong></span> <span class='ocrx_word' id='word_1_538' title='bbox 403 3660 539 3717; x_wconf 87' lang='lat' dir='ltr'>tortitudo</span> <span class='ocrx_word' id='word_1_539' title='bbox 557 3659 685 3715; x_wconf 85' lang='lat' dir='ltr'>charitas</span> <span class='ocrx_word' id='word_1_540' title='bbox 707 3664 769 3725; x_wconf 91' lang='lat' dir='ltr'>est;</span> <span class='ocrx_word' id='word_1_541' title='bbox 794 3671 862 3713; x_wconf 79' lang='lat' dir='ltr'>⁰111ss</span> <span class='ocrx_word' id='word_1_542' title='bbox 915 3665 1039 3722; x_wconf 91' lang='lat' dir='ltr'>utilitate</span> <span class='ocrx_word' id='word_1_543' title='bbox 1057 3671 1179 3721; x_wconf 87' lang='lat' dir='ltr'>serrata.</span> <span class='ocrx_word' id='word_1_544' title='bbox 1194 3663 1253 3720; x_wconf 88' lang='lat' dir='ltr'>lloc</span> <span class='ocrx_word' id='word_1_545' title='bbox 1279 3663 1354 3719; x_wconf 91' lang='lat' dir='ltr'>idem</span> <span class='ocrx_word' id='word_1_546' title='bbox 1377 3662 1558 3719; x_wconf 80' lang='lat' dir='ltr'>lastinianus</span> <span class='ocrx_word' id='word_1_547' title='bbox 1572 3663 1682 3719; x_wconf 88' lang='lat' dir='ltr'>notavit</span> <span class='ocrx_word' id='word_1_548' title='bbox 1704 3674 1760 3719; x_wconf 89' lang='lat' dir='ltr'>sua</span> 
     </span>
     <span class='ocr_line' id='line_1_41' title="bbox 79 3744 1760 3820; baseline -0.003 -9"><span class='ocrx_word' id='word_1_549' title='bbox 79 3769 83 3811; x_wconf 71' lang='lat' dir='ltr'>t</span> <span class='ocrx_word' id='word_1_550' title='bbox 111 3753 261 3820; x_wconf 88' lang='lat' dir='ltr'>humilem,</span> <span class='ocrx_word' id='word_1_551' title='bbox 291 3750 440 3809; x_wconf 84' lang='lat' dir='ltr'>humilitas</span> <span class='ocrx_word' id='word_1_552' title='bbox 463 3749 589 3806; x_wconf 79' lang='lat' dir='ltr'>charitas</span> <span class='ocrx_word' id='word_1_553' title='bbox 615 3755 675 3804; x_wconf 90' lang='lat' dir='ltr'>est:</span> <span class='ocrx_word' id='word_1_554' title='bbox 705 3744 862 3802; x_wconf 69' lang='lat' dir='ltr'>eumfacit</span> <span class='ocrx_word' id='word_1_555' title='bbox 916 3751 1094 3818; x_wconf 83' lang='lat' dir='ltr'>diliinitione,</span> <span class='ocrx_word' id='word_1_556' title='bbox 1123 3765 1189 3808; x_wconf 92' lang='lat' dir='ltr'>cum</span> <span class='ocrx_word' id='word_1_557' title='bbox 1218 3750 1323 3808; x_wconf 90' lang='lat' dir='ltr'>diceret</span> <span class='ocrx_word' id='word_1_558' title='bbox 1337 3751 1398 3807; x_wconf 87' lang='lat' dir='ltr'>sin:</span> <span class='ocrx_word' id='word_1_559' title='bbox 1420 3749 1536 3806; x_wconf 76' lang='lat' dir='ltr'>lustitia</span> <span class='ocrx_word' id='word_1_560' title='bbox 1556 3756 1598 3806; x_wconf 91' lang='lat' dir='ltr'>est</span> <span class='ocrx_word' id='word_1_561' title='bbox 1625 3756 1760 3806; x_wconf 87' lang='lat' dir='ltr'>constans</span> 
     </span>
     <span class='ocr_line' id='line_1_42' title="bbox 79 3834 1766 3919; baseline -0.002 -19"><span class='ocrx_word' id='word_1_562' title='bbox 79 3850 183 3910; x_wconf 89' lang='lat' dir='ltr'>entem,</span> <span class='ocrx_word' id='word_1_563' title='bbox 206 3841 346 3912; x_wconf 88' lang='lat' dir='ltr'>patientia</span> <span class='ocrx_word' id='word_1_564' title='bbox 365 3839 492 3894; x_wconf 87' lang='lat' dir='ltr'>charitas</span> <span class='ocrx_word' id='word_1_565' title='bbox 525 3844 585 3893; x_wconf 90' lang='lat' dir='ltr'>est:</span> <span class='ocrx_word' id='word_1_566' title='bbox 612 3844 639 3893; x_wconf 92' lang='grc' dir='ltr'>ιι</span> <span class='ocrx_word' id='word_1_567' title='bbox 663 3835 704 3891; x_wconf 89' lang='grc' dir='ltr'>ιιι</span> <span class='ocrx_word' id='word_1_568' title='bbox 727 3834 762 3891; x_wconf 90' lang='lat' dir='ltr'>de</span> <span class='ocrx_word' id='word_1_569' title='bbox 786 3834 860 3894; x_wconf 83' lang='lat' dir='ltr'>alus.</span> <span class='ocrx_word' id='word_1_570' title='bbox 915 3847 942 3898; x_wconf 89' lang='grc' dir='ltr'>ιι</span> <span class='ocrx_word' id='word_1_571' title='bbox 959 3849 1096 3919; x_wconf 80' lang='lat' dir='ltr'>perpetua</span> <span class='ocrx_word' id='word_1_572' title='bbox 1119 3840 1266 3911; x_wconf 81' lang='lat' dir='ltr'>voluntas,</span> <span class='ocrx_word' id='word_1_573' title='bbox 1289 3848 1343 3897; x_wconf 90' lang='lat' dir='ltr'>etc.</span> <span class='ocrx_word' id='word_1_574' title='bbox 1368 3841 1422 3895; x_wconf 85' lang='lat' dir='ltr'>Per</span> <span class='ocrx_word' id='word_1_575' title='bbox 1441 3839 1496 3895; x_wconf 94' lang='lat' dir='ltr'>hoc</span> <span class='ocrx_word' id='word_1_576' title='bbox 1516 3837 1595 3895; x_wconf 87' lang='lat' dir='ltr'>enim</span> <span class='ocrx_word' id='word_1_577' title='bbox 1619 3837 1697 3909; x_wconf 92' lang='lat' dir='ltr'>quod</span> <span class='ocrx_word' id='word_1_578' title='bbox 1721 3835 1766 3911; x_wconf 63' lang='grc' dir='ltr'>ιιιΛ</span> 
     </span>
     <span class='ocr_line' id='line_1_43' title="bbox 79 3924 1760 4001; baseline -0.002 -13"><span class='ocrx_word' id='word_1_579' title='bbox 79 3947 94 3989; x_wconf 91' lang='grc' dir='ltr'>ι</span> <span class='ocrx_word' id='word_1_580' title='bbox 126 3931 294 4001; x_wconf 79' lang='lat' dir='ltr'>Apostolus:</span> <span class='ocrx_word' id='word_1_581' title='bbox 335 3930 460 3985; x_wconf 78' lang='lat' dir='ltr'>Charitas</span> <span class='ocrx_word' id='word_1_582' title='bbox 498 3928 590 3981; x_wconf 80' lang='lat' dir='ltr'>omnia</span> <span class='ocrx_word' id='word_1_583' title='bbox 616 3926 730 3993; x_wconf 69' lang='lat' dir='ltr'>suffert,</span> <span class='ocrx_word' id='word_1_584' title='bbox 770 3924 863 3978; x_wconf 75' lang='lat' dir='ltr'>omnia</span> <span class='ocrx_word' id='word_1_585' title='bbox 915 3936 1050 3986; x_wconf 90' lang='lat' dir='ltr'>constans</span> <span class='ocrx_word' id='word_1_586' title='bbox 1077 3938 1105 3986; x_wconf 92' lang='lat' dir='ltr'>et</span> <span class='ocrx_word' id='word_1_587' title='bbox 1134 3937 1270 4000; x_wconf 88' lang='lat' dir='ltr'>perpetua</span> <span class='ocrx_word' id='word_1_588' title='bbox 1291 3929 1436 3994; x_wconf 88' lang='lat' dir='ltr'>voluntas,</span> <span class='ocrx_word' id='word_1_589' title='bbox 1462 3926 1633 3999; x_wconf 86' lang='lat' dir='ltr'>qualitatem</span> <span class='ocrx_word' id='word_1_590' title='bbox 1658 3926 1760 3984; x_wconf 86' lang='lat' dir='ltr'>mentis</span> 
     </span>
     <span class='ocr_line' id='line_1_44' title="bbox 79 4012 1759 4089; baseline -0.01 0"><span class='ocrx_word' id='word_1_591' title='bbox 79 4023 144 4088; x_wconf 70' lang='grc' dir='ltr'>ῑιθῑ,</span> <span class='ocrx_word' id='word_1_592' title='bbox 174 4018 195 4089; x_wconf 90' lang='lat' dir='ltr'>(l</span> <span class='ocrx_word' id='word_1_593' title='bbox 226 4020 287 4073; x_wconf 64' lang='lat'><em>0⁰7⁶·</em></span> <span class='ocrx_word' id='word_1_594' title='bbox 324 4030 387 4084; x_wconf 71' lang='grc' dir='ltr'><strong>Χ111,</strong></span> <span class='ocrx_word' id='word_1_595' title='bbox 414 4015 452 4087; x_wconf 83' lang='lat'>7).</span> <span class='ocrx_word' id='word_1_596' title='bbox 491 4014 614 4079; x_wconf 71' lang='lat' dir='ltr'>Quidam</span> <span class='ocrx_word' id='word_1_597' title='bbox 657 4021 753 4069; x_wconf 88' lang='lat' dir='ltr'>tamen</span> <span class='ocrx_word' id='word_1_598' title='bbox 788 4012 863 4068; x_wconf 75' lang='lat' dir='ltr'>banc</span> <span class='ocrx_word' id='word_1_599' title='bbox 915 4019 1078 4075; x_wconf 87' lang='lat' dir='ltr'>venientem</span> <span class='ocrx_word' id='word_1_600' title='bbox 1093 4032 1130 4074; x_wconf 91' lang='lat' dir='ltr'>ex</span> <span class='ocrx_word' id='word_1_601' title='bbox 1144 4016 1334 4088; x_wconf 89' lang='lat' dir='ltr'>applicatione</span> <span class='ocrx_word' id='word_1_602' title='bbox 1354 4024 1382 4073; x_wconf 94' lang='lat' dir='ltr'>et</span> <span class='ocrx_word' id='word_1_603' title='bbox 1396 4015 1512 4072; x_wconf 86' lang='lat' dir='ltr'>dilticile</span> <span class='ocrx_word' id='word_1_604' title='bbox 1527 4015 1660 4073; x_wconf 92' lang='lat' dir='ltr'>mobilem</span> <span class='ocrx_word' id='word_1_605' title='bbox 1678 4022 1759 4073; x_wconf 90' lang='lat' dir='ltr'>nota-</span> 
     </span>
     <span class='ocr_line' id='line_1_45' title="bbox 79 4102 1753 4178; baseline -0.01 -12"><span class='ocrx_word' id='word_1_606' title='bbox 79 4110 217 4166; x_wconf 67' lang='lat' dir='ltr'>toritatem</span> <span class='ocrx_word' id='word_1_607' title='bbox 248 4105 412 4178; x_wconf 81' lang='lat' dir='ltr'>Augustini,</span> <span class='ocrx_word' id='word_1_608' title='bbox 443 4117 509 4174; x_wconf 75' lang='lat' dir='ltr'>quaa</span> <span class='ocrx_word' id='word_1_609' title='bbox 536 4110 607 4159; x_wconf 91' lang='lat' dir='ltr'>est:</span> <span class='ocrx_word' id='word_1_610' title='bbox 637 4102 737 4159; x_wconf 87' lang='lat' dir='ltr'>Omnis</span> <span class='ocrx_word' id='word_1_611' title='bbox 769 4102 863 4158; x_wconf 89' lang='lat' dir='ltr'>virtus</span> <span class='ocrx_word' id='word_1_612' title='bbox 916 4107 1037 4166; x_wconf 72' lang='grc' dir='ltr'>ιιιιιι</span> <span class='ocrx_word' id='word_1_613' title='bbox 1060 4108 1124 4174; x_wconf 75' lang='lat' dir='ltr'>hoe,</span> <span class='ocrx_word' id='word_1_614' title='bbox 1146 4106 1329 4178; x_wconf 71' lang='lat' dir='ltr'>quoquina,</span> <span class='ocrx_word' id='word_1_615' title='bbox 1353 4105 1753 4177; x_wconf 70' lang='lat' dir='ltr'>suumunteuiquejusrrp.</span> 
     </span>
     <span class='ocr_line' id='line_1_46' title="bbox 79 4191 1761 4266; baseline -0.002 -12"><span class='ocrx_word' id='word_1_616' title='bbox 79 4198 212 4265; x_wconf 87' lang='lat' dir='ltr'>charitas,</span> <span class='ocrx_word' id='word_1_617' title='bbox 236 4196 278 4252; x_wconf 90' lang='lat' dir='ltr'>sic</span> <span class='ocrx_word' id='word_1_618' title='bbox 302 4200 471 4264; x_wconf 90' lang='lat' dir='ltr'>exponunt:</span> <span class='ocrx_word' id='word_1_619' title='bbox 495 4191 595 4248; x_wconf 87' lang='lat' dir='ltr'>Omnis</span> <span class='ocrx_word' id='word_1_620' title='bbox 617 4191 711 4249; x_wconf 89' lang='lat' dir='ltr'>virtus</span> <span class='ocrx_word' id='word_1_621' title='bbox 729 4198 771 4247; x_wconf 91' lang='grc' dir='ltr'>ιιι</span> <span class='ocrx_word' id='word_1_622' title='bbox 793 4191 860 4247; x_wconf 90' lang='lat' dir='ltr'>cha·</span> <span class='ocrx_word' id='word_1_623' title='bbox 877 4208 899 4261; x_wconf 81' lang='lat' dir='ltr'>p</span> <span class='ocrx_word' id='word_1_624' title='bbox 917 4195 1019 4263; x_wconf 90' lang='lat' dir='ltr'>bueus,</span> <span class='ocrx_word' id='word_1_625' title='bbox 1047 4196 1189 4265; x_wconf 91' lang='lat' dir='ltr'>optimum</span> <span class='ocrx_word' id='word_1_626' title='bbox 1210 4195 1331 4252; x_wconf 85' lang='lat' dir='ltr'>notavit.</span> <span class='ocrx_word' id='word_1_627' title='bbox 1353 4193 1440 4250; x_wconf 83' lang='lat' dir='ltr'>Saum</span> <span class='ocrx_word' id='word_1_628' title='bbox 1463 4201 1555 4266; x_wconf 89' lang='lat' dir='ltr'>potest</span> <span class='ocrx_word' id='word_1_629' title='bbox 1578 4193 1679 4251; x_wconf 87' lang='lat' dir='ltr'>relerri</span> <span class='ocrx_word' id='word_1_630' title='bbox 1701 4201 1761 4251; x_wconf 90' lang='lat' dir='ltr'>tam</span> 
     </span>
     <span class='ocr_line' id='line_1_47' title="bbox 79 4282 1755 4355; baseline -0.002 -12"><span class='ocrx_word' id='word_1_631' title='bbox 79 4301 88 4343; x_wconf 87' lang='grc' dir='ltr'>ι</span> <span class='ocrx_word' id='word_1_632' title='bbox 119 4286 164 4343; x_wconf 87' lang='grc' dir='ltr'>ιιι</span> <span class='ocrx_word' id='word_1_633' title='bbox 200 4300 236 4342; x_wconf 88' lang='lat' dir='ltr'>ex</span> <span class='ocrx_word' id='word_1_634' title='bbox 273 4284 431 4350; x_wconf 70' lang='lat' dir='ltr'>charitate,</span> <span class='ocrx_word' id='word_1_635' title='bbox 463 4283 516 4339; x_wconf 90' lang='lat' dir='ltr'>hoc</span> <span class='ocrx_word' id='word_1_636' title='bbox 544 4289 642 4338; x_wconf 89' lang='lat' dir='ltr'>autem</span> <span class='ocrx_word' id='word_1_637' title='bbox 674 4289 789 4351; x_wconf 90' lang='lat' dir='ltr'>propter</span> <span class='ocrx_word' id='word_1_638' title='bbox 815 4294 864 4336; x_wconf 87' lang='lat' dir='ltr'>eas</span> <span class='ocrx_word' id='word_1_639' title='bbox 916 4285 952 4341; x_wconf 89' lang='lat' dir='ltr'>ad</span> <span class='ocrx_word' id='word_1_640' title='bbox 976 4285 1161 4354; x_wconf 91' lang='lat' dir='ltr'>accipientem</span> <span class='ocrx_word' id='word_1_641' title='bbox 1182 4298 1272 4355; x_wconf 89' lang='lat' dir='ltr'>quam</span> <span class='ocrx_word' id='word_1_642' title='bbox 1301 4284 1337 4340; x_wconf 91' lang='lat' dir='ltr'>ad</span> <span class='ocrx_word' id='word_1_643' title='bbox 1359 4283 1543 4340; x_wconf 92' lang='lat' dir='ltr'>tribuentem.</span> <span class='ocrx_word' id='word_1_644' title='bbox 1575 4283 1603 4339; x_wconf 92' lang='lat' dir='ltr'>Si</span> <span class='ocrx_word' id='word_1_645' title='bbox 1622 4282 1658 4339; x_wconf 92' lang='lat' dir='ltr'>ad</span> <span class='ocrx_word' id='word_1_646' title='bbox 1682 4283 1755 4341; x_wconf 88' lang='lat' dir='ltr'>arci-</span> 
     </span>
     <span class='ocr_line' id='line_1_48' title="bbox 79 4370 1762 4446; baseline -0.002 -14"><span class='ocrx_word' id='word_1_647' title='bbox 79 4382 141 4432; x_wconf 92' lang='lat' dir='ltr'>utes</span> <span class='ocrx_word' id='word_1_648' title='bbox 163 4389 228 4446; x_wconf 72' lang='lat' dir='ltr'>quae</span> <span class='ocrx_word' id='word_1_649' title='bbox 255 4387 313 4430; x_wconf 92' lang='lat' dir='ltr'>non</span> <span class='ocrx_word' id='word_1_650' title='bbox 342 4371 513 4439; x_wconf 74' lang='lat' dir='ltr'>voluntates,</span> <span class='ocrx_word' id='word_1_651' title='bbox 540 4370 589 4427; x_wconf 91' lang='lat' dir='ltr'>sed</span> <span class='ocrx_word' id='word_1_652' title='bbox 614 4370 706 4441; x_wconf 88' lang='lat' dir='ltr'>magis</span> <span class='ocrx_word' id='word_1_653' title='bbox 731 4370 863 4440; x_wconf 79' lang='lat' dir='ltr'>potentie</span> <span class='ocrx_word' id='word_1_654' title='bbox 918 4374 1041 4444; x_wconf 89' lang='lat' dir='ltr'>pientem</span> <span class='ocrx_word' id='word_1_655' title='bbox 1066 4371 1218 4442; x_wconf 77' lang='lat' dir='ltr'>reseratur,</span> <span class='ocrx_word' id='word_1_656' title='bbox 1240 4380 1310 4430; x_wconf 90' lang='lat' dir='ltr'>tuno</span> <span class='ocrx_word' id='word_1_657' title='bbox 1336 4371 1589 4429; x_wconf 87' lang='lat' dir='ltr'>determinandum</span> <span class='ocrx_word' id='word_1_658' title='bbox 1612 4371 1762 4428; x_wconf 92' lang='lat' dir='ltr'>communi</span> 
     </span>
     <span class='ocr_line' id='line_1_49' title="bbox 79 4458 1763 4533; baseline -0.002 -12"><span class='ocrx_word' id='word_1_659' title='bbox 79 4471 95 4533; x_wconf 92' lang='lat' dir='ltr'>t,</span> <span class='ocrx_word' id='word_1_660' title='bbox 125 4471 159 4521; x_wconf 92' lang='lat' dir='ltr'>ut</span> <span class='ocrx_word' id='word_1_661' title='bbox 185 4463 215 4518; x_wconf 94' lang='lat' dir='ltr'>in</span> <span class='ocrx_word' id='word_1_662' title='bbox 244 4459 434 4532; x_wconf 89' lang='lat' dir='ltr'>sequentihus</span> <span class='ocrx_word' id='word_1_663' title='bbox 460 4459 563 4514; x_wconf 91' lang='lat' dir='ltr'>melius</span> <span class='ocrx_word' id='word_1_664' title='bbox 595 4459 756 4529; x_wconf 86' lang='lat' dir='ltr'>apparebit.</span> <span class='ocrx_word' id='word_1_665' title='bbox 790 4459 864 4524; x_wconf 85' lang='lat' dir='ltr'>Quo</span> <span class='ocrx_word' id='word_1_666' title='bbox 918 4461 1040 4518; x_wconf 89' lang='lat' dir='ltr'>utilitate</span> <span class='ocrx_word' id='word_1_667' title='bbox 1065 4469 1188 4518; x_wconf 86' lang='lat' dir='ltr'>servata.</span> <span class='ocrx_word' id='word_1_668' title='bbox 1223 4461 1343 4518; x_wconf 75' lang='lat' dir='ltr'>iustitie</span> <span class='ocrx_word' id='word_1_669' title='bbox 1369 4460 1512 4531; x_wconf 93' lang='lat' dir='ltr'>siquidem</span> <span class='ocrx_word' id='word_1_670' title='bbox 1539 4467 1581 4518; x_wconf 89' lang='lat' dir='ltr'>est</span> <span class='ocrx_word' id='word_1_671' title='bbox 1600 4459 1698 4517; x_wconf 90' lang='lat' dir='ltr'>omnia</span> <span class='ocrx_word' id='word_1_672' title='bbox 1723 4458 1763 4518; x_wconf 85' lang='lat' dir='ltr'>ad</span> 
     </span>
     <span class='ocr_line' id='line_1_50' title="bbox 78 4547 1763 4624; baseline -0.002 -17"><span class='ocrx_word' id='word_1_673' title='bbox 78 4552 103 4609; x_wconf 94' lang='lat' dir='ltr'>lo</span> <span class='ocrx_word' id='word_1_674' title='bbox 115 4553 204 4624; x_wconf 87' lang='lat' dir='ltr'>igitur</span> <span class='ocrx_word' id='word_1_675' title='bbox 214 4550 376 4606; x_wconf 88' lang='lat' dir='ltr'>dilliniatur</span> <span class='ocrx_word' id='word_1_676' title='bbox 395 4549 501 4616; x_wconf 86' lang='lat' dir='ltr'>virtus,</span> <span class='ocrx_word' id='word_1_677' title='bbox 524 4547 597 4605; x_wconf 91' lang='lat' dir='ltr'>etin</span> <span class='ocrx_word' id='word_1_678' title='bbox 621 4556 693 4619; x_wconf 91' lang='lat' dir='ltr'>quot</span> <span class='ocrx_word' id='word_1_679' title='bbox 720 4548 863 4618; x_wconf 88' lang='lat' dir='ltr'>principa·</span> <span class='ocrx_word' id='word_1_680' title='bbox 917 4564 1101 4607; x_wconf 90' lang='lat' dir='ltr'>communem</span> <span class='ocrx_word' id='word_1_681' title='bbox 1128 4550 1281 4607; x_wconf 90' lang='lat' dir='ltr'>utilitatem</span> <span class='ocrx_word' id='word_1_682' title='bbox 1305 4549 1420 4606; x_wconf 88' lang='lat' dir='ltr'>relerre.</span> <span class='ocrx_word' id='word_1_683' title='bbox 1451 4548 1496 4605; x_wconf 89' lang='lat' dir='ltr'>Sic</span> <span class='ocrx_word' id='word_1_684' title='bbox 1517 4547 1608 4621; x_wconf 88' lang='lat' dir='ltr'>igitur</span> <span class='ocrx_word' id='word_1_685' title='bbox 1622 4547 1652 4604; x_wconf 95' lang='lat' dir='ltr'>in</span> <span class='ocrx_word' id='word_1_686' title='bbox 1675 4561 1763 4620; x_wconf 90' lang='lat' dir='ltr'>repu-</span> 
     </span>
     <span class='ocr_line' id='line_1_51' title="bbox 79 4634 1764 4711; baseline -0.001 -15"><span class='ocrx_word' id='word_1_687' title='bbox 79 4648 173 4711; x_wconf 89' lang='lat' dir='ltr'>partes</span> <span class='ocrx_word' id='word_1_688' title='bbox 188 4638 346 4706; x_wconf 87' lang='lat' dir='ltr'>dividatur,</span> <span class='ocrx_word' id='word_1_689' title='bbox 371 4637 592 4708; x_wconf 90' lang='lat' dir='ltr'>intelligendum</span> <span class='ocrx_word' id='word_1_690' title='bbox 616 4644 667 4692; x_wconf 89' lang='lat' dir='ltr'>est.</span> <span class='ocrx_word' id='word_1_691' title='bbox 689 4634 789 4693; x_wconf 89' lang='lat' dir='ltr'>Virtus</span> <span class='ocrx_word' id='word_1_692' title='bbox 810 4642 864 4702; x_wconf 90' lang='lat' dir='ltr'>est,</span> <span class='ocrx_word' id='word_1_693' title='bbox 920 4638 996 4696; x_wconf 91' lang='lat' dir='ltr'>blica</span> <span class='ocrx_word' id='word_1_694' title='bbox 1019 4639 1135 4709; x_wconf 90' lang='lat' dir='ltr'>quidem</span> <span class='ocrx_word' id='word_1_695' title='bbox 1165 4637 1225 4694; x_wconf 88' lang='lat' dir='ltr'>ueri</span> <span class='ocrx_word' id='word_1_696' title='bbox 1250 4637 1343 4706; x_wconf 87' lang='lat' dir='ltr'>dohet,</span> <span class='ocrx_word' id='word_1_697' title='bbox 1371 4643 1404 4694; x_wconf 93' lang='lat' dir='ltr'>ut</span> <span class='ocrx_word' id='word_1_698' title='bbox 1432 4651 1499 4694; x_wconf 89' lang='lat' dir='ltr'>cum</span> <span class='ocrx_word' id='word_1_699' title='bbox 1520 4637 1626 4710; x_wconf 85' lang='lat' dir='ltr'>aliquis</span> <span class='ocrx_word' id='word_1_700' title='bbox 1648 4644 1764 4694; x_wconf 87' lang='lat' dir='ltr'>tantum</span> 
     </span>
     <span class='ocr_line' id='line_1_52' title="bbox 81 4722 1764 4798; baseline -0.002 -13"><span class='ocrx_word' id='word_1_701' title='bbox 81 4730 162 4785; x_wconf 92' lang='lat' dir='ltr'>aiunt</span> <span class='ocrx_word' id='word_1_702' title='bbox 192 4727 368 4798; x_wconf 88' lang='lat' dir='ltr'>philosophi,</span> <span class='ocrx_word' id='word_1_703' title='bbox 393 4725 509 4782; x_wconf 89' lang='lat' dir='ltr'>habitus</span> <span class='ocrx_word' id='word_1_704' title='bbox 531 4725 635 4781; x_wconf 91' lang='lat' dir='ltr'>mentis</span> <span class='ocrx_word' id='word_1_705' title='bbox 654 4725 788 4795; x_wconf 91' lang='lat' dir='ltr'>optimus,</span> <span class='ocrx_word' id='word_1_706' title='bbox 821 4722 864 4780; x_wconf 85' lang='lat' dir='ltr'>vel</span> <span class='ocrx_word' id='word_1_707' title='bbox 919 4728 1056 4785; x_wconf 89' lang='lat' dir='ltr'>meruerit</span> <span class='ocrx_word' id='word_1_708' title='bbox 1078 4727 1259 4783; x_wconf 90' lang='lat' dir='ltr'>remunerari</span> <span class='ocrx_word' id='word_1_709' title='bbox 1280 4726 1325 4782; x_wconf 91' lang='grc' dir='ltr'>ιιι</span> <span class='ocrx_word' id='word_1_710' title='bbox 1342 4733 1423 4782; x_wconf 90' lang='lat' dir='ltr'>tanta</span> <span class='ocrx_word' id='word_1_711' title='bbox 1446 4740 1532 4798; x_wconf 88' lang='lat' dir='ltr'>poena</span> <span class='ocrx_word' id='word_1_712' title='bbox 1557 4724 1665 4797; x_wconf 90' lang='lat' dir='ltr'>puniri,</span> <span class='ocrx_word' id='word_1_713' title='bbox 1690 4723 1764 4781; x_wconf 90' lang='lat' dir='ltr'>doli-</span> 
     </span>
     <span class='ocr_line' id='line_1_53' title="bbox 79 4813 1765 4884; baseline -0.004 -9"><span class='ocrx_word' id='word_1_714' title='bbox 79 4818 280 4875; x_wconf 86' lang='lat' dir='ltr'>econstitntae</span> <span class='ocrx_word' id='word_1_715' title='bbox 310 4815 424 4871; x_wconf 92' lang='lat' dir='ltr'>mentis.</span> <span class='ocrx_word' id='word_1_716' title='bbox 461 4813 625 4870; x_wconf 90' lang='lat' dir='ltr'>Notandum</span> <span class='ocrx_word' id='word_1_717' title='bbox 662 4820 757 4869; x_wconf 90' lang='lat' dir='ltr'>autem</span> <span class='ocrx_word' id='word_1_718' title='bbox 788 4813 866 4884; x_wconf 91' lang='lat' dir='ltr'>quod</span> <span class='ocrx_word' id='word_1_719' title='bbox 921 4818 1037 4873; x_wconf 86' lang='lat' dir='ltr'>heretur</span> <span class='ocrx_word' id='word_1_720' title='bbox 1051 4830 1098 4877; x_wconf 91' lang='lat' dir='ltr'>an,</span> <span class='ocrx_word' id='word_1_721' title='bbox 1116 4815 1140 4871; x_wconf 91' lang='lat' dir='ltr'>si</span> <span class='ocrx_word' id='word_1_722' title='bbox 1167 4822 1281 4871; x_wconf 90' lang='lat' dir='ltr'>tantum</span> <span class='ocrx_word' id='word_1_723' title='bbox 1305 4815 1459 4884; x_wconf 79' lang='lat' dir='ltr'>premium</span> <span class='ocrx_word' id='word_1_724' title='bbox 1476 4814 1503 4870; x_wconf 92' lang='lat' dir='ltr'>ei</span> <span class='ocrx_word' id='word_1_725' title='bbox 1518 4814 1603 4870; x_wconf 90' lang='lat' dir='ltr'>detur</span> <span class='ocrx_word' id='word_1_726' title='bbox 1619 4820 1669 4870; x_wconf 90' lang='lat' dir='ltr'>ant</span> <span class='ocrx_word' id='word_1_727' title='bbox 1684 4819 1765 4869; x_wconf 87' lang='lat' dir='ltr'>tauta</span> 
     </span>
     <span class='ocr_line' id='line_1_54' title="bbox 79 4901 1766 4978; baseline -0.002 -16"><span class='ocrx_word' id='word_1_728' title='bbox 79 4906 111 4962; x_wconf 87' lang='grc' dir='ltr'>ιιι</span> <span class='ocrx_word' id='word_1_729' title='bbox 134 4905 323 4962; x_wconf 88' lang='lat' dir='ltr'>dillinit&#39;mnes</span> <span class='ocrx_word' id='word_1_730' title='bbox 352 4905 493 4959; x_wconf 88' lang='lat' dir='ltr'>virtutum</span> <span class='ocrx_word' id='word_1_731' title='bbox 517 4917 533 4957; x_wconf 89' lang='lat' dir='ltr'>a</span> <span class='ocrx_word' id='word_1_732' title='bbox 561 4901 739 4973; x_wconf 89' lang='lat' dir='ltr'>philosophis</span> <span class='ocrx_word' id='word_1_733' title='bbox 762 4901 867 4972; x_wconf 90' lang='lat' dir='ltr'>positas</span> <span class='ocrx_word' id='word_1_734' title='bbox 921 4919 1006 4978; x_wconf 77' lang='lat' dir='ltr'>poena</span> <span class='ocrx_word' id='word_1_735' title='bbox 1016 4904 1200 4970; x_wconf 89' lang='lat' dir='ltr'>multaretur,</span> <span class='ocrx_word' id='word_1_736' title='bbox 1217 4903 1385 4973; x_wconf 75' lang='lat' dir='ltr'>reipublice</span> <span class='ocrx_word' id='word_1_737' title='bbox 1407 4902 1620 4974; x_wconf 74' lang='lat' dir='ltr'>praeiudicatur.</span> <span class='ocrx_word' id='word_1_738' title='bbox 1640 4903 1766 4959; x_wconf 87' lang='lat' dir='ltr'>Tantum</span> 
     </span>
     <span class='ocr_line' id='line_1_55' title="bbox 79 4990 1769 5064; baseline -0.001 -16"><span class='ocrx_word' id='word_1_739' title='bbox 79 4995 217 5051; x_wconf 78' lang='lat' dir='ltr'>irrisiones</span> <span class='ocrx_word' id='word_1_740' title='bbox 241 5008 292 5064; x_wconf 88' lang='lat' dir='ltr'>per</span> <span class='ocrx_word' id='word_1_741' title='bbox 316 4992 424 5063; x_wconf 88' lang='lat' dir='ltr'>speeies</span> <span class='ocrx_word' id='word_1_742' title='bbox 452 4998 727 5057; x_wconf 85' lang='lat' dir='ltr'>nonmutaverunt,</span> <span class='ocrx_word' id='word_1_743' title='bbox 752 4990 867 5047; x_wconf 88' lang='lat' dir='ltr'>sedeas</span> <span class='ocrx_word' id='word_1_744' title='bbox 921 4996 998 5052; x_wconf 90' lang='lat' dir='ltr'>enim</span> <span class='ocrx_word' id='word_1_745' title='bbox 1037 4999 1130 5062; x_wconf 88' lang='lat' dir='ltr'>posset</span> <span class='ocrx_word' id='word_1_746' title='bbox 1158 4992 1225 5063; x_wconf 90' lang='lat' dir='ltr'>quis</span> <span class='ocrx_word' id='word_1_747' title='bbox 1262 4992 1442 5049; x_wconf 89' lang='lat' dir='ltr'>remunerari</span> <span class='ocrx_word' id='word_1_748' title='bbox 1467 5005 1518 5047; x_wconf 92' lang='lat' dir='ltr'>seu</span> <span class='ocrx_word' id='word_1_749' title='bbox 1543 4990 1629 5048; x_wconf 88' lang='lat' dir='ltr'>etiam</span> <span class='ocrx_word' id='word_1_750' title='bbox 1655 4990 1769 5062; x_wconf 83' lang='lat' dir='ltr'>puniri,</span> 
     </span>
     <span class='ocr_line' id='line_1_56' title="bbox 79 5077 1767 5153; baseline -0.001 -14"><span class='ocrx_word' id='word_1_751' title='bbox 79 5085 114 5140; x_wconf 77' lang='lat' dir='ltr'>ais</span> <span class='ocrx_word' id='word_1_752' title='bbox 143 5090 274 5153; x_wconf 89' lang='lat' dir='ltr'>acceptas</span> <span class='ocrx_word' id='word_1_753' title='bbox 297 5082 450 5152; x_wconf 85' lang='lat' dir='ltr'>diligenter</span> <span class='ocrx_word' id='word_1_754' title='bbox 473 5087 669 5149; x_wconf 86' lang='lat' dir='ltr'>exposuerunt</span> <span class='ocrx_word' id='word_1_755' title='bbox 693 5087 720 5135; x_wconf 90' lang='lat' dir='ltr'>et</span> <span class='ocrx_word' id='word_1_756' title='bbox 740 5079 867 5136; x_wconf 87' lang='lat' dir='ltr'>retinue-</span> <span class='ocrx_word' id='word_1_757' title='bbox 923 5080 1000 5152; x_wconf 80' lang='grc' dir='ltr'>ιμιιιι</span> <span class='ocrx_word' id='word_1_758' title='bbox 1021 5079 1188 5148; x_wconf 86' lang='lat' dir='ltr'>respublica</span> <span class='ocrx_word' id='word_1_759' title='bbox 1211 5093 1351 5152; x_wconf 87' lang='lat' dir='ltr'>magnum</span> <span class='ocrx_word' id='word_1_760' title='bbox 1374 5078 1580 5135; x_wconf 90' lang='lat' dir='ltr'>detrimentum</span> <span class='ocrx_word' id='word_1_761' title='bbox 1601 5077 1667 5134; x_wconf 93' lang='lat' dir='ltr'>inde</span> <span class='ocrx_word' id='word_1_762' title='bbox 1689 5086 1767 5149; x_wconf 88' lang='lat' dir='ltr'>pate·</span> 
     </span>
     <span class='ocr_line' id='line_1_57' title="bbox 79 5166 1768 5242; baseline -0.002 -14"><span class='ocrx_word' id='word_1_763' title='bbox 79 5180 102 5228; x_wconf 92' lang='lat' dir='ltr'>t.</span> <span class='ocrx_word' id='word_1_764' title='bbox 131 5172 290 5231; x_wconf 87' lang='lat' dir='ltr'>Videamus</span> <span class='ocrx_word' id='word_1_765' title='bbox 322 5171 410 5242; x_wconf 87' lang='lat' dir='ltr'>igitur</span> <span class='ocrx_word' id='word_1_766' title='bbox 435 5168 645 5236; x_wconf 84' lang='lat' dir='ltr'>dilirniuonem,</span> <span class='ocrx_word' id='word_1_767' title='bbox 664 5168 808 5239; x_wconf 91' lang='lat' dir='ltr'>quomodo</span> <span class='ocrx_word' id='word_1_768' title='bbox 832 5169 869 5225; x_wconf 91' lang='lat' dir='ltr'>sit</span> <span class='ocrx_word' id='word_1_769' title='bbox 923 5178 1013 5228; x_wconf 91' lang='lat' dir='ltr'>retur.</span> <span class='ocrx_word' id='word_1_770' title='bbox 1030 5168 1108 5226; x_wconf 87' lang='lat' dir='ltr'>Sicut</span> <span class='ocrx_word' id='word_1_771' title='bbox 1123 5177 1165 5226; x_wconf 89' lang='lat' dir='ltr'>est</span> <span class='ocrx_word' id='word_1_772' title='bbox 1183 5170 1211 5225; x_wconf 90' lang='grc' dir='ltr'>ιι</span> <span class='ocrx_word' id='word_1_773' title='bbox 1227 5168 1387 5240; x_wconf 90' lang='lat' dir='ltr'>republica,</span> <span class='ocrx_word' id='word_1_774' title='bbox 1407 5167 1448 5223; x_wconf 88' lang='lat' dir='ltr'>sic</span> <span class='ocrx_word' id='word_1_775' title='bbox 1462 5167 1500 5224; x_wconf 93' lang='lat' dir='ltr'>sit</span> <span class='ocrx_word' id='word_1_776' title='bbox 1513 5166 1601 5224; x_wconf 90' lang='lat' dir='ltr'>etiam</span> <span class='ocrx_word' id='word_1_777' title='bbox 1616 5167 1647 5224; x_wconf 91' lang='lat' dir='ltr'>in</span> <span class='ocrx_word' id='word_1_778' title='bbox 1667 5168 1768 5225; x_wconf 80' lang='lat' dir='ltr'>Eccle-</span> 
     </span>
     <span class='ocr_line' id='line_1_58' title="bbox 79 5256 1769 5332; baseline 0.003 -21"><span class='ocrx_word' id='word_1_779' title='bbox 79 5260 221 5332; x_wconf 88' lang='lat' dir='ltr'>lligenda.</span> <span class='ocrx_word' id='word_1_780' title='bbox 246 5259 343 5315; x_wconf 87' lang='lat' dir='ltr'>Virtus</span> <span class='ocrx_word' id='word_1_781' title='bbox 357 5266 399 5314; x_wconf 88' lang='lat' dir='ltr'>est</span> <span class='ocrx_word' id='word_1_782' title='bbox 416 5257 532 5313; x_wconf 88' lang='lat' dir='ltr'>habitus</span> <span class='ocrx_word' id='word_1_783' title='bbox 557 5257 669 5325; x_wconf 89' lang='lat' dir='ltr'>mentis,</span> <span class='ocrx_word' id='word_1_784' title='bbox 690 5257 719 5312; x_wconf 92' lang='lat' dir='ltr'>id</span> <span class='ocrx_word' id='word_1_785' title='bbox 735 5264 776 5313; x_wconf 91' lang='lat' dir='ltr'>est</span> <span class='ocrx_word' id='word_1_786' title='bbox 793 5257 868 5313; x_wconf 88' lang='lat' dir='ltr'>bona</span> <span class='ocrx_word' id='word_1_787' title='bbox 923 5260 977 5314; x_wconf 85' lang='lat' dir='ltr'>sia.</span> <span class='ocrx_word' id='word_1_788' title='bbox 1011 5258 1057 5315; x_wconf 88' lang='lat' dir='ltr'>Sic</span> <span class='ocrx_word' id='word_1_789' title='bbox 1091 5260 1179 5330; x_wconf 83' lang='lat' dir='ltr'>judex</span> <span class='ocrx_word' id='word_1_790' title='bbox 1208 5259 1333 5330; x_wconf 89' lang='lat' dir='ltr'>quisque</span> <span class='ocrx_word' id='word_1_791' title='bbox 1370 5256 1510 5314; x_wconf 88' lang='lat' dir='ltr'>discretus</span> <span class='ocrx_word' id='word_1_792' title='bbox 1535 5261 1594 5315; x_wconf 90' lang='lat' dir='ltr'>tam</span> <span class='ocrx_word' id='word_1_793' title='bbox 1623 5258 1769 5316; x_wconf 76' lang='lat' dir='ltr'>secularis</span> 
     </span>
     <span class='ocr_line' id='line_1_59' title="bbox 79 5342 1769 5418; baseline 0 -14"><span class='ocrx_word' id='word_1_794' title='bbox 79 5356 158 5405; x_wconf 80' lang='lat' dir='ltr'>nutas</span> <span class='ocrx_word' id='word_1_795' title='bbox 174 5348 277 5404; x_wconf 92' lang='lat' dir='ltr'>mentis</span> <span class='ocrx_word' id='word_1_796' title='bbox 290 5347 331 5403; x_wconf 91' lang='lat' dir='ltr'>sic</span> <span class='ocrx_word' id='word_1_797' title='bbox 357 5346 386 5401; x_wconf 93' lang='grc' dir='ltr'>ιι</span> <span class='ocrx_word' id='word_1_798' title='bbox 410 5345 542 5400; x_wconf 90' lang='lat' dir='ltr'>habitum</span> <span class='ocrx_word' id='word_1_799' title='bbox 566 5342 720 5415; x_wconf 88' lang='lat' dir='ltr'>peranimi</span> <span class='ocrx_word' id='word_1_800' title='bbox 742 5344 867 5414; x_wconf 86' lang='lat' dir='ltr'>applica·</span> <span class='ocrx_word' id='word_1_801' title='bbox 924 5362 1013 5418; x_wconf 89' lang='lat' dir='ltr'>qnam</span> <span class='ocrx_word' id='word_1_802' title='bbox 1028 5348 1238 5404; x_wconf 89' lang='lat' dir='ltr'>ecclesiasticus</span> <span class='ocrx_word' id='word_1_803' title='bbox 1253 5354 1355 5414; x_wconf 90' lang='lat' dir='ltr'>totum,</span> <span class='ocrx_word' id='word_1_804' title='bbox 1379 5346 1457 5418; x_wconf 91' lang='lat' dir='ltr'>quod</span> <span class='ocrx_word' id='word_1_805' title='bbox 1482 5346 1560 5415; x_wconf 89' lang='lat' dir='ltr'>lacit,</span> <span class='ocrx_word' id='word_1_806' title='bbox 1586 5346 1622 5403; x_wconf 91' lang='lat' dir='ltr'>ad</span> <span class='ocrx_word' id='word_1_807' title='bbox 1640 5361 1769 5404; x_wconf 92' lang='lat' dir='ltr'>commu-</span> 
     </span>
     <span class='ocr_line' id='line_1_60' title="bbox 79 5434 1772 5507; baseline -0.002 -12"><span class='ocrx_word' id='word_1_808' title='bbox 79 5451 133 5495; x_wconf 88' lang='lat' dir='ltr'>tem</span> <span class='ocrx_word' id='word_1_809' title='bbox 149 5450 240 5505; x_wconf 70' lang='lat' dir='ltr'>versa,</span> <span class='ocrx_word' id='word_1_810' title='bbox 257 5436 334 5506; x_wconf 91' lang='lat' dir='ltr'>quod</span> <span class='ocrx_word' id='word_1_811' title='bbox 354 5435 404 5492; x_wconf 86' lang='lat' dir='ltr'>vix</span> <span class='ocrx_word' id='word_1_812' title='bbox 424 5441 475 5491; x_wconf 88' lang='lat' dir='ltr'>aut</span> <span class='ocrx_word' id='word_1_813' title='bbox 492 5442 644 5505; x_wconf 89' lang='lat' dir='ltr'>nunquam</span> <span class='ocrx_word' id='word_1_814' title='bbox 665 5434 790 5504; x_wconf 87' lang='lat' dir='ltr'>separari</span> <span class='ocrx_word' id='word_1_815' title='bbox 804 5448 868 5505; x_wconf 91' lang='lat' dir='ltr'>pos·</span> <span class='ocrx_word' id='word_1_816' title='bbox 923 5450 990 5492; x_wconf 91' lang='lat' dir='ltr'>nem</span> <span class='ocrx_word' id='word_1_817' title='bbox 1006 5437 1158 5494; x_wconf 90' lang='lat' dir='ltr'>utilitatem</span> <span class='ocrx_word' id='word_1_818' title='bbox 1179 5435 1345 5505; x_wconf 78' lang='lat' dir='ltr'>reipublice</span> <span class='ocrx_word' id='word_1_819' title='bbox 1360 5442 1412 5492; x_wconf 88' lang='lat' dir='ltr'>ant</span> <span class='ocrx_word' id='word_1_820' title='bbox 1434 5435 1523 5493; x_wconf 89' lang='lat' dir='ltr'>etiam</span> <span class='ocrx_word' id='word_1_821' title='bbox 1544 5437 1689 5507; x_wconf 79' lang='lat' dir='ltr'>parmula</span> <span class='ocrx_word' id='word_1_822' title='bbox 1710 5449 1772 5494; x_wconf 80' lang='lat' dir='ltr'>sua</span> 
     </span>
    </p>
   </div>
   <div class='ocr_carea' id='block_1_3' title="bbox 0 0 1911 5962">
    <p class='ocr_par' dir='ltr' id='par_1_4' title="bbox 0 0 1911 5962">
     <span class='ocr_line' id='line_1_61' title="bbox 0 0 1911 5962; baseline 0 0"><span class='ocrx_word' id='word_1_823' title='bbox 0 0 1911 5962; x_wconf 95' lang='lat' dir='ltr'> </span> 
     </span>
    </p>
   </div>
  </div>
 </body>
</html>
