3804 5962
528 188 1160 248 runouoeucunrsrmux.-u1s.u.
1325 152 1328 158 ’
1598 215 1600 218 -
1646 191 1716 250 uoa

80 321 142 378 ibro
159 336 165 376 :
182 342 196 370 «
214 319 361 393 Vergilius
377 318 443 392 (df),
460 319 557 392 inquit
572 318 662 377 filiam
677 334 759 377 suam
778 319 808 375 in
824 317 847 371 Α
862 317 1038 376 interfecisse
1050 332 1117 376 cum
1134 315 1252 390 gaudio,
1281 324 1315 375 ut
1328 331 1382 375 nec
1399 317 1496 376 rivere
1510 316 1637 377 voluerit
1650 326 1714 390 post

82 410 236 468 deductam
251 409 365 477 occidit,
381 423 415 466 eo
430 409 508 480 quod
523 408 664 466 Claudius
676 416 808 479 stuprum
865 408 1008 480 perditam
1029 408 1201 478 castitatem,
1220 421 1274 464 nee
1288 414 1355 464 ante
1379 408 1463 475 mori,
1481 420 1571 480 qnam
1594 408 1640 467 sui
1666 408 1712 467 nl·

79 498 193 556 testatis
215 497 328 554 viribus
348 498 439 554 fretus
458 503 613 568 expeteret,
639 497 811 568 pudiceque
866 497 924 553 trix
938 498 1086 554 existeret.
1105 520 1119 546 »
1134 496 1281 564 Quantum
1303 504 1401 553 autem
1414 496 1551 554 virtutem
1567 496 1715 573 pudicitiae

79 595 215 657 corruptae
230 600 289 643 esse
305 594 386 657 pater
398 587 512 643 maluit.
529 607 544 637 »
560 587 629 643 item
641 602 647 642 :
661 585 811 642 «Heteilus
866 586 942 643 Deus
954 586 1102 657 approbet,
1123 583 1282 641 manifestis
1297 583 1457 648 miraculis,
1474 584 1503 640 in
1518 584 1626 644 talibus
1640 602 1715 659 quo·

77 691 86 731 r
111 691 176 747 quae
197 675 301 731 vinum
327 674 443 731 bibisset
475 675 549 732 fuste
576 688 739 746 percussam
767 674 809 731 in·
866 689 924 745 que
945 675 1110 746 virginibus
1131 673 1279 730 declarare
1302 688 1361 731 non
1376 680 1419 730 est
1433 672 1619 745 dedignatus.
1635 675 1716 734 Unde

81 764 176 835 ,quia
190 777 373 834 quaecuuque
391 763 498 819 femina
521 763 582 820 vini
599 776 685 819 usum
706 765 811 819 immo·
865 763 941 820 inter
967 770 1070 820 caetera
1104 763 1179 818 idem
1205 762 1374 832 Hieronymi
1397 761 1472 819 liber
1502 763 1541 820 ita
1568 764 1715 822 continet:

85 852 203 922 appetit,
224 851 385 908 virtutibus
401 852 523 921 januam
549 850 669 918 claudit,
688 860 716 909 et
737 851 809 908 deli·
866 874 880 902 «
900 851 1021 908 Claudia
1036 851 1121 922 virgo
1136 849 1257 908 Vestalis
1271 864 1339 907 cum
1361 851 1391 906 in
1404 851 1600 921 suspicionem
1614 852 1716 910 renis·

79 941 145 997 ierit.
164 965 177 987 »
209 940 311 996 idem:
343 940 516 1011 «Sulpicius
540 954 662 997 uxorem
687 940 807 1004 dimisit,
865 947 907 998 set
923 940 1029 1010 stupri,
1043 938 1136 996 fertur
1150 938 1396 1009 cinguloduxisse
1407 947 1497 996 ratem
1512 953 1605 1012 quam
1620 940 1715 998 homi·
1760 984 1762 986 ,

79 1043 128 1085 am
149 1028 242 1099 capite
268 1035 367 1099 aperto
394 1029 462 1085 foris
480 1037 641 1086 versantem
668 1043 809 1101 cognore—
866 1044 938 1086 num
962 1026 1053 1084 millia
1077 1027 1193 1084 trabere
1215 1027 1418 1098 nequiverant.
1435 1051 1449 1075 n
1466 1027 1510 1084 Ad
1525 1029 1578 1087 boc
1600 1037 1628 1087 ct
1644 1028 1715 1088 illud

79 1118 193 1175 ntistius
218 1131 340 1174 uxorem
362 1117 536 1188 repudiavit,
567 1116 645 1189 quod
675 1117 752 1173 illam
781 1117 811 1174 in
866 1116 975 1174 Sidonii
1001 1116 1124 1188 pertinet
1141 1115 1376 1187 iuPropenticon
1403 1115 1440 1173 ad
1469 1116 1599 1176 libellum
1627 1132 1715 1177 suum

100 1221 167 1263 cum
185 1206 311 1278 quadam
328 1206 462 1262 libertina
475 1206 593 1277 vulgari
608 1213 715 1263 secreto
730 1206 811 1278 loqui
866 1206 905 1263 ita
925 1205 1091 1277 loquentis:
1118 1226 1133 1254 s
1157 1203 1255 1273 Qualis
1278 1220 1331 1263 uec
1349 1206 1493 1278 Tanaquil
1507 1205 1574 1276 fuit,
1590 1222 1644 1266 nec
1664 1209 1715 1267 illa

80 1335 86 1348 .
103 1294 291 1366 Sempronius
305 1309 426 1351 uxorem
448 1294 566 1361 dimisit,
583 1294 660 1365 quod
674 1307 703 1351 se
726 1295 811 1366 igno·
866 1310 951 1367 quem
967 1294 1115 1366 Teipitinae
1125 1293 1293 1367 procreasti.
1307 1294 1405 1362 Qualis
1421 1309 1475 1353 nec
1489 1296 1621 1369 Phrygia
1636 1297 1712 1356 dica·

79 1383 158 1440 ludos
185 1391 333 1454 spectaret.
363 1405 378 1433 s
402 1383 476 1440 Proh
510 1382 622 1454 pudori
649 1390 676 1440 et
705 1384 811 1441 multos
865 1393 895 1443 ta
910 1391 987 1442 reste
1008 1399 1099 1456 quam
1113 1390 1213 1441 contra
1227 1383 1296 1441 satis
1311 1382 1441 1442 albulam
1455 1391 1613 1445 tumentem
1627 1385 1714 1446 duxit

79 1486 192 1530 cnorum
235 1473 371 1529 norimus
405 1472 580 1528 lenocinium
611 1472 641 1528 iu
668 1472 810 1529 uxoribus
864 1474 995 1546 virgineo
1011 1481 1102 1530 ratem
1114 1470 1227 1542 capillo.
1244 1494 1257 1519 »ι

79 1568 133 1618 des,
161 1561 214 1618 Sed
242 1576 294 1618 uec
322 1561 375 1617 ista
397 1561 583 1617 continentie
614 1561 727 1629 virtus,
759 1567 810 1617 aut
900 1563 928 1619 Si
947 1570 1045 1621 autem
1066 1569 1129 1634 post
1149 1559 1322 1633 virginalem
1346 1559 1712 1637 castimoniemedconju·

79 1650 108 1707 ie
134 1664 225 1720 amor,
252 1650 365 1706 feminis
391 1649 460 1720 ipsis
476 1649 662 1720 philosophiae
681 1658 708 1707 et
736 1649 847 1719 litte-13
865 1652 959 1724 galcm
982 1651 1189 1722 transmigrare
1216 1649 1310 1721 juret,
1341 1652 1512 1723 quantaque
1538 1650 1710 1722 reverentia,

86 1739 268 1796 abundantia
304 1739 449 1810 insignitis
471 1738 594 1796 ‹lefuisse
614 1739 807 1810 cognoscitur,
864 1755 954 1814 quam
978 1741 1091 1812 integro
1119 1752 1216 1796 amore
1247 1738 1332 1795 fidem
1360 1737 1490 1811 coniugii
1509 1737 1629 1796 illaesam
1652 1752 1712 1797 ser·

79 1828 187 1901 insigne
204 1829 347 1884 virtutum
365 1827 490 1884 maxime
510 1841 669 1899 congruere
684 1827 807 1899 pbiloso·
861 1844 931 1888 vare
954 1838 982 1888 et
1004 1837 1102 1902 gentes
1129 1827 1305 1899 studuerint,
1335 1842 1389 1885 nec
1407 1828 1438 1884 iu
1452 1827 1500 1884 bis
1511 1827 1712 1900 exemplorum
1739 1871 1752 1888 ,

82 1930 116 1972 eo
146 1929 353 1987 cognoscamus
386 1917 578 1984 excellentiae,
608 1925 635 1974 et
663 1925 808 1989 quantum
862 1919 946 1991 copia
965 1919 1097 1976 defuerit.
1119 1917 1237 1974 Praestat
1273 1917 1303 1974 in
1329 1915 1462 1988 exemplo
1487 1916 1537 1973 illa
1566 1917 1709 1982 Lucretia,

91 2005 129 2062 ab
144 2004 274 2061 obscenis
293 2005 495 2076 voluptatibus
509 2006 747 2076 concupiscentiae
761 2005 806 2062 de·
862 2022 953 2080 quam
968 2020 1068 2063 omnes
1086 2005 1145 2062 fere
1167 2005 1289 2063 Romani
1312 2012 1371 2061 tam
1389 2010 1490 2077 poetae,
1516 2019 1605 2078 quam
1619 2005 1710 2064 histo·

79 2093 257 2151 subtraxerit
275 2093 472 2165 philosophiae.
504 2094 586 2151 Unde
617 2095 808 2166 Hieronymus
861 2095 1009 2168 riograpbi
1034 2093 1131 2165 dignis
1149 2092 1286 2151 laudibus
1303 2108 1354 2164 pro
1379 2093 1518 2151 castitatis
1541 2107 1638 2152 amore
1662 2107 1710 2152 co·

79 2189 221 2239 utcontra
236 2182 423 2239 lucinianum
440 2182 513 2238 libro
530 2197 537 2235 :
556 2204 569 2228 s
585 2181 659 2249 Quid
674 2182 807 2249 referam,
860 2184 923 2242 nati
948 2189 1018 2240 sunt
1041 2180 1151 2240 efferre.
1169 2182 1250 2239 Unde
1279 2190 1322 2239 est
1353 2181 1426 2239 illud
1455 2181 1561 2243 Valerii
1591 2181 1711 2240 Maximi

79 2268 240 2342 .Sibyflam
270 2271 438 2341 Erythream
470 2277 558 2342 atque
591 2269 753 2327 Cumanam
781 2277 809 2327 et
862 2272 919 2345 (63)
936 2288 943 2327 :
962 2293 976 2323 ιι
992 2270 1330 2342 Lueretiaa'l'arquinio
1347 2284 1395 2343 per
1414 2271 1475 2328 rim
1489 2277 1624 2341 stuprum
1649 2271 1710 2344 pari

79 2361 179 2432 liques.
208 2362 280 2419 Nam
312 2361 401 2419 Varro
425 2361 522 2417 decem
549 2359 640 2418 fuisse
662 2367 806 2429 autumat,
861 2369 970 2429 coacta,
996 2375 1063 2418 cum
1088 2359 1227 2431 injuriam
1243 2373 1327 2415 suam
1342 2371 1439 2415 coram
1463 2357 1563 2414 amieis
1584 2358 1710 2417 suisde-

79 2449 220 2521 rinsigno
241 2448 393 2521 virginitas
420 2458 471 2517 cst,
498 2455 526 2505 et
548 2449 724 2521 virginitatis
744 2464 806 2521 pre·
861 2450 1010 2521 plorasset,
1030 2449 1106 2506 ferro
1134 2462 1165 2504 se
1195 2446 1273 2519 quod
1298 2453 1376 2504 veste
1392 2451 1499 2503 tectum
1511 2445 1648 2504 attulerat
1667 2447 1710 2505 in·

78 2537 206 2593 irinatio.
231 2558 245 2586 >›
265 2538 335 2594 item
355 2537 385 2592 in
407 2537 528 2594 eodem:
554 2562 569 2587 «
594 2538 736 2594 Diodorus
759 2539 805 2595 So-
861 2537 1014 2597 teremit.»
1037 2539 1108 2594 item
1133 2536 1192 2609 (66)
1213 2551 1220 2591 :
1238 2557 1253 2588 c
1277 2535 1409 2592 Plautius
1425 2534 1585 2593 Honestillae
1608 2537 1711 2595 uxoris

79 2641 87 2684 a
112 2626 244 2697 quinque
266 2625 341 2682 filias
363 2625 528 2683 dialecticas
549 2627 672 2699 insignis
695 2628 806 2697 pudici·
860 2640 920 2683 suae
949 2633 1040 2683 morte
1058 2625 1168 2693 audita,
1193 2623 1291 2681 stricto
1316 2625 1391 2680 ferro
1415 2624 1558 2690 incubuit.
1587 2623 1710 2697 ejusque

79 2715 163 2773 tuisse
182 2722 330 2782 narratur,
356 2715 390 2770 de
414 2714 522 2786 quibus
544 2715 625 2772 Philo
649 2715 807 2772 Carneadis
860 2728 958 2772 amore
973 2727 1003 2772 se
1022 2711 1171 2771 interfecit.
1190 2732 1204 2761 a
1225 2713 1297 2768 Item
1313 2711 1387 2768 idem
1417 2709 1472 2783 (65)
1485 2726 1520 2766 :c
1539 2711 1635 2769 Portia
1657 2714 1707 2768 Ca·

79 2817 99 2861 tr
113 2803 307 2875 plenissimam
322 2804 422 2861 scribit
441 2804 597 2861 historiam.
615 2824 630 2854 »
862 2803 936 2860 tonis
961 2803 1022 2861 fllia
1035 2816 1102 2859 cum
1117 2801 1193 2872 apud
1214 2800 1361 2871 Pbilippos
1386 2800 1591 2872 interemptum
1611 2801 1707 2860 virum

93 2892 117 2949 si
139 2893 226 2949 etiam
245 2900 308 2964 post
328 2893 512 2964 philosophos
534 2901 584 2949 aut
607 2893 746 2950 litteratas
767 2890 804 2949 fe·
822 2937 845 2997 c
861 2907 946 2951 suum
967 2893 1091 2949 Brutum
1107 2890 1245 2959 audisset,
1265 2889 1336 2961 quia
1354 2889 1464 2947 ferrum
1484 2889 1590 2959 deerat,
1607 2880 1710 2949 arden·

81 2981 118 3038 ad
139 2981 291 3038 saeculares
311 2981 354 3037 vel
375 2980 462 3037 laicos
485 2982 585 3039 venire
608 2981 737 3048 delectat,
754 2995 807 3038 nee
863 2989 906 3040 tes
920 2995 968 3039 ore
982 2981 1121 3038 carbones
1134 2980 1255 3038 haurire
1269 2992 1327 3035 non
1348 2978 1501 3042 dubitavit,
1514 2992 1589 3036 noro
1605 2992 1710 3053 genere

79 3083 120 3126 us
140 3068 273 3139 exempla
287 3068 419 3136 deerunt,
435 3084 501 3140 quae
521 3085 572 3127 nos
587 3070 622 3126 ad
638 3069 807 3141 pudicitiam
862 3069 962 3126 mortis
986 3075 1145 3140 assumpto.
1178 3088 1194 3117 »
1222 3068 1258 3125 Et
1283 3065 1360 3124 idem
1374 3066 1454 3138 (66);
1482 3084 1497 3121 c
1526 3067 1710 3139 Hypsicratia

79 3163 94 3220 t,
124 3164 183 3213 taur
204 3157 238 3212 de
262 3157 393 3227 innuptis
419 3170 508 3228 quam
533 3158 567 3214 de
589 3159 698 3228 nuptis.
727 3157 808 3214 Unde
861 3158 1040 3216 bletridatem
1060 3159 1214 3230 conjugem
1243 3170 1330 3214 suum
1354 3170 1422 3213 vere
1447 3155 1567 3225 amarit,
1592 3163 1710 3228 propter

79 3259 155 3311 rmus
178 3245 208 3301 in
237 3246 330 3316 primo
361 3260 477 3317 quoque
501 3254 602 3303 contra
622 3246 808 3304 lorinianum
861 3262 950 3321 quem
971 3245 1069 3304 formae
1083 3261 1143 3303 suae
1156 3247 1290 3303 decorem
1310 3245 1340 3301 in
1360 3244 1494 3303 habitum
1508 3243 1622 3302 virilem
1640 3258 1706 3304 con·

79 3333 176 3390 talium
191 3348 308 3405 quoque
322 3334 438 3390 laudem
457 3343 623 3405 prosecutus
638 3336 677 3392 ait
693 3352 700 3389 :
722 3356 733 3385 ι
750 3336 808 3391 De·
861 3337 958 3406 vertit,
988 3336 1078 3394 tunsis
1096 3336 1173 3393 enim
1196 3334 1319 3407 capillis,
1332 3349 1408 3407 equo
1422 3347 1452 3391 se
1466 3342 1495 3391 et
1507 3333 1598 3392 armis
1611 3347 1709 3391 assue-

79 3422 99 3478 is
117 3422 357 3493 Areopagitarum
373 3423 511 3493 principis
526 3424 608 3494 virgo
624 3423 692 3491 filia,
709 3424 807 3481 audito
860 3424 912 3494 vit,
941 3440 1000 3497 quo
1026 3424 1141 3482 facilius
1167 3425 1231 3495 ejus
1253 3423 1401 3481 laboribus
1429 3422 1617 3481 interesset.»
1639 3421 1710 3491 Quis

96 3509 263 3566 leosthenis
298 3502 427 3577 interitu,
457 3524 486 3566 se
497 3511 649 3578 interfecit,
677 3524 808 3568 asserens
860 3514 959 3586 itaquo
980 3528 1038 3571 non
1062 3513 1190 3570 attendat
1214 3521 1359 3584 quantum
1388 3512 1515 3569 inomni
1536 3518 1711 3584 gentosens

79 3613 132 3656 tam
151 3599 256 3656 intacta
275 3607 347 3656 esset
374 3613 503 3670 corpore,
528 3607 625 3657 tamen
638 3600 662 3656 si
684 3599 807 3657 alterum
861 3616 913 3675 per
928 3605 985 3658 Deo
1009 3609 1124 3672 accepta
1139 3601 1226 3658 fuerit
1239 3601 1337 3658 carnis
1357 3600 1508 3673 integritas
1520 3607 1548 3658 et
1560 3600 1706 3658 continen-

79 3703 91 3745 e
111 3696 271 3760 cogeretur,
293 3689 376 3758 quasi
399 3689 558 3744 secuudum
573 3688 724 3760 acciperet,
740 3703 807 3745 curn
860 3689 901 3746 tia
925 3690 1001 3757 vitae,
1027 3702 1095 3746 cum
1124 3688 1207 3744 beato
1234 3688 1320 3744 etiam
1343 3695 1496 3745 attestante
1522 3689 1708 3759 Hieronymo,

79 3786 166 3835 mente
184 3779 366 3848 nupsisset.»
394 3778 489 3833 item:
509 3796 522 3830 o
547 3777 617 3845 Quis
640 3777 745 3846 valeat,
763 3779 805 3835 iu·
862 3777 1036 3848 supradicta
1060 3791 1101 3832 ru
1124 3775 1240 3846 Sibyllae
1261 3790 1298 3832 ex
1326 3776 1504 3848 virginitatis
1525 3790 1586 3834 suae
1607 3775 1709 3832 decore

79 3865 176 3923 ilentio
203 3866 402 3937 praeterirem
426 3866 562 3924 blillesies
576 3867 716 3939 virgines,
741 3881 807 3938 quae
861 3867 996 3939 spiritum
1023 3872 1194 3922 meruerunt
1223 3864 1391 3938 prophetiae.
1425 3866 1478 3930 oui
1507 3872 1534 3922 et
1558 3864 1709 3923 Claudiam

83 3969 111 4010 m
132 3955 241 4024 impetu
256 3963 360 4011 cuncta
379 3963 520 4023 vastante,
542 3955 660 4027 nequid
676 3955 806 4012 indecen-
860 3954 997 4014 vestalem
1011 3953 1190 4026 virginema
1211 3953 1383 4026 suspicionis
1402 3953 1466 4011 fabe
1486 3960 1638 4026 protegens
1656 3953 1707 4011 ad·

78 4043 218 4108 tinerent,
247 4051 368 4100 mortem
407 4051 615 4115 sumpserunt,
642 4045 808 4115 exemplum
861 4043 1003 4101 mirabilis
1025 4043 1098 4116 signi
1114 4042 1254 4101 miraculo
1270 4057 1328 4100 non
1344 4042 1443 4101 tacuit.
1461 4043 1497 4099 Et
1513 4041 1586 4114 quid
1600 4040 1721 4101 mirum·

79 4131 138 4189 etis
158 4132 325 4204 virginibus
344 4131 550 4204 relinquentes.
566 4133 692 4189 honestis
707 4134 805 4190 menti·
862 4148 929 4191 eum
943 4134 997 4191 boc
1015 4133 1056 4190 illi
1085 4134 1262 4191 continentia
1285 4133 1352 4191 vites
1375 4132 1540 4199 contulerit,
1556 4131 1580 4189 si
1601 4144 1709 4205 magna

79 4222 131 4293 rjus
144 4222 314 4292 pudicitiam
334 4236 395 4278 esse
428 4236 517 4292 quam
532 4223 622 4279 vitam
638 4222 703 4294 (du).
722 4222 804 4279 Nica·
820 4224 844 4281 b
860 4222 938 4294 apud
965 4223 1056 4280 Deum
1089 4223 1281 4295 promeruerit
1305 4228 1387 4280 tante
1408 4220 1643 4293 pbilosophorum
1658 4219 1706 4277 ab·

82 4309 146 4366 ictis
177 4311 283 4366 'fbebis
316 4317 403 4382 atque
438 4311 596 4380 subversis,
640 4313 729 4368 unius
761 4325 808 4368 ca·
863 4312 1000 4369 alluentia
1020 4321 1047 4368 et
1079 4311 1265 4378 continentia,
1289 4326 1357 4368 cum
1386 4310 1447 4367 haee
1474 4317 1554 4369 tanto
1575 4309 1709 4368 laudabi-

79 4397 185 4470 irginis
200 4412 296 4454 amore
312 4405 466 4469 superatus
477 4407 527 4464 est,
543 4400 628 4472 cujus
640 4401 810 4473 conjugium
863 4399 936 4457 liora
953 4400 984 4456 in
1003 4399 1043 4457 eis
1056 4399 1221 4468 rideantur,
1237 4407 1265 4457 et
1291 4399 1392 4471 majori
1414 4398 1576 4471 reputanda
1595 4398 1708 4464 merito,

79 4501 108 4550 ts,
131 4488 208 4558 quod
231 4488 345 4556 captiva
364 4495 462 4558 optare
484 4488 631 4554 debuerat,
647 4490 733 4546 sentit
752 4503 810 4560 pu·
865 4484 1094 4561 quantominus
1127 4487 1252 4544 ad'baee
1287 4487 1411 4545 aliorum
1437 4487 1640 4559 predicatione
1663 4485 1709 4545 vel

79 4576 192 4632 entibus
208 4577 272 4647 plus
287 4576 483 4647 virginitatem
494 4591 555 4634 esse
569 4593 658 4650 quam
674 4592 808 4651 reguum.
864 4577 1006 4649 exemplis
1027 4577 1137 4634 incitati
1150 4583 1229 4643 sunt,
1245 4575 1294 4633 sed
1320 4575 1435 4647 propria
1450 4575 1560 4633 ratione
1578 4582 1606 4632 ct
1626 4581 1710 4632 natu-

79 4670 145 4720 :tam
170 4664 285 4734 propria
314 4678 405 4720 uranu
434 4665 505 4720 flens
528 4679 562 4722 ac
584 4667 812 4738 lugensarnator
863 4668 932 4725 ralis
956 4667 1026 4740 legis
1054 4665 1243 4722 instructione
1272 4663 1415 4720 commoti.
1440 4662 1616 4721 sicutenim
1641 4677 1708 4719 con·

92 4750 219 4808 Narrant
244 4752 397 4822 scriptores
424 4752 514 4810 Graeci
539 4761 566 4810 et
594 4753 680 4811 aliam
700 4756 809 4813 'foeba-
865 4764 992 4815 statues
1014 4763 1073 4813 tam
1097 4752 1225 4811 naturali
1242 4765 1332 4824 quam
1346 4752 1454 4823 scripta
1472 4750 1535 4824 lege
1557 4751 1710 4823 utriusque

80 4841 212 4913 irginem‚
246 4855 335 4913 quam
372 4842 461 4898 bostis
487 4843 602 4901 Macedo
630 4853 809 4916 corruperat,
866 4843 1051 4914 Testamenti,
1072 4850 1100 4902 ei
1121 4848 1161 4900 tot
1177 4840 1223 4898 vel
1245 4840 1337 4912 ipsius
1351 4838 1464 4897 bomini
1483 4836 1530 4897 rel
1544 4845 1710 4898 sanctorum

78 4928 162 4986 rlasse
183 4929 331 5000 paulisper
356 4928 493 4998 dolorem,
510 4938 538 4988 et
559 4931 728 4989 violatorem
752 4931 810 4990 rir·
866 4935 985 4993 Petrum
1003 4932 1142 5004 exemplis
1168 4931 1333 4999 instructos,
1361 4936 1441 4987 tanto
1465 4927 1590 4986 deterius
1624 4927 1712 4987 reliu-

79 5032 96 5073 s
118 5032 178 5074 sum
199 5017 349 5090 jugulasse
378 5026 476 5089 postca
501 5020 700 5092 dormientem,
724 5035 812 5093 seque
867 5034 956 5091 querc
972 5022 1005 5093 [f.
1031 5019 1211 5091 delinquere]
1244 5025 1355 5090 quanto
1375 5015 1621 5075 inexcusabilius:
1638 5017 1711 5074 itae

79 5174 159 5242 apud
176 5175 324 5232 Valerium
340 5177 500 5232 Maximum
519 5191 577 5233 non
593 5179 729 5247 Vergilius
745 5179 813 5252 legi·
904 5176 960 5247 (63)
975 5179 1044 5234 Vre.
1061 5177 1141 5235 Har.
1159 5176 1222 5233 l.r1
1238 5189 1263 5231 c.
1283 5178 1306 5231 l.

77 5245 86 5302 l
105 5247 249 5315 Virginius
260 5247 363 5316 plebeii
376 5251 494 5316 generis,
509 5249 558 5303 ced
569 5251 685 5318 patricii
695 5253 738 5306 eir
750 5255 811 5322 spi·
904 5249 961 5389 (ἓὲ)
974 5247 1121 5375 {gidiblidw
1133 5261 1158 5302 c.
1172 5249 1199 5302 6.

79 5388 169 5514 §md
196 5389 298 5455 Hier„
327 5388 417 5458 magis
444 5391 609 5462 pudicitiam
638 5406 710 5448 curae
739 5408 812 5463 esse,
904 5391 950 5460 (66
976 5388 1029 5459 ld,
1044 5387 1114 5446 ibid.
