3804 5962
550 260 749 318 renotocrn
768 233 988 318 cunrsrvnrvn.
1003 289 1039 304 -
1053 259 1120 318 nte.
1140 260 1187 318 ιιι.
1670 260 1739 317 taso

79 381 219 441 usitilia
235 399 241 438 :
258 397 324 454 qum
340 383 458 455 quidem
472 383 622 456 pluralitas
648 384 728 441 nullo
750 384 835 442 modo
851 383 875 439 A
890 384 939 441 illa
953 385 1117 443 Divinitatis
1131 383 1303 457 gloria1alia
1324 396 1443 455 persona
1464 383 1560 440 minor
1580 397 1642 441 esse
1654 383 1739 456 [adde

79 471 219 542 rplicitate
232 471 339 528 divinae
353 471 521 529 substantiae
541 480 630 544 potest
650 486 729 543 esse3
744 486 779 529 ac
795 473 837 528 sic
892 489 950 531 non
964 473 1077 546 potestl,
1093 489 1161 530 cnm
1176 473 1233 530 sint
1246 473 1378 544 ejusdem
1395 472 1512 543 penitus
1525 474 1664 530 esseutiae.
1682 473 1737 532 Sed

79 567 147 619 vtum
169 559 289 631 aliquod
304 574 340 616 ex
360 559 547 618 multitudiue
576 561 676 632 aliqua
696 562 834 632 partium,
890 571 994 620 etcum
1008 564 1184 620 Athanasius
1207 562 1396 632 premissus
1423 559 1523 627 Qualis
1547 560 1642 630 Pater,
1673 561 1737 621 talis
1839 553 1841 557 ’

84 650 263 708 nullomodo
287 650 326 706 ibi
350 665 396 707 res
423 652 522 708 multae
547 651 616 719 sint,
645 651 710 708 licet
737 651 836 709 multae
892 652 979 710 Filius
992 660 1020 710 ει
1034 653 1156 723 Spiritus
1170 659 1288 708 sanctus
1303 650 1373 722 (el),
1397 649 1493 706 statim
1518 648 1631 721 adjecit,
1651 652 1737 721 quasi

79 752 201 804 ersoute,
231 747 259 796 ει
282 739 362 795 nullo
386 739 469 797 modo
493 739 534 797 ihi
560 739 597 795 sit
619 738 771 797 diversitas
788 754 837 796 re·
890 743 926 797 ad
941 741 1190 799 determinandum
1207 739 1236 795 in
1260 753 1318 810 qno
1333 741 1391 796 siut
1413 738 1529 806 similes,
1546 737 1601 794 hoe
1617 745 1660 795 est
1674 752 1735 797 nou

84 828 149 885 licet
166 829 202 885 sit
215 840 419 901 personarum,
449 828 530 885 Unde
551 829 607 885 Leo
630 842 705 899 papa
728 829 759 885 in
779 842 837 885 ser·
889 830 1006 899 diversi,
1032 830 1128 886 dicens
1150 847 1156 884 :
1178 851 1193 879 «
1213 831 1375 886 immensus
1399 829 1493 893 Pater,
1518 827 1678 884 immensus
1691 826 1736 885 Ti·

83 915 281 973 Pentccostcs:
313 916 560 972 «lnTrtnlrate»
583 916 689 987 inquit,
707 918 836 974 «divina
890 919 955 990 lius,
970 920 1129 975 immensus
1153 918 1277 989 Spiritus
1300 924 1428 984 sanctus,
1445 936 1459 966 »
1476 923 1541 980 etc..
1573 923 1669 986 aperte
1686 916 1733 973 de

79 1004 219 1072 dissimile,
240 1004 314 1061 nihil
331 1004 424 1075 impar
447 1013 497 1061 εει.
526 1029 539 1052 »
569 1005 634 1062 Tale
649 1019 777 1077 namque
795 1013 837 1062 εει
891 1007 1022 1075 claravit,
1050 1006 1193 1077 quomodo
1219 1006 1247 1062 ld
1271 1005 1349 1077 quod
1374 1005 1551 1077 praemiserat
1571 1004 1734 1076 intelligen-

79 1093 130 1159 ait,
146 1092 230 1160 nihil,
247 1106 281 1148 ac
300 1093 324 1148 si
343 1094 449 1149 diceret
463 1092 548 1150 nulla
566 1108 630 1163 res;
654 1102 682 1151 ει
706 1093 837 1165 quodait
891 1097 961 1152 dum
986 1102 1067 1164 esset,
1095 1101 1127 1151 ut
1158 1094 1292 1151 videlicet
1317 1094 1392 1151 idem
1416 1093 1497 1164 qnod
1521 1091 1576 1150 uni
1605 1106 1735 1163 personae

79 1180 171 1238 estibi
186 1181 337 1250 dissimile,
362 1180 418 1238 tale
435 1189 478 1238 εει
502 1196 535 1238 ae
559 1183 584 1238 si
600 1184 726 1239 diceret:
749 1182 837 1239 Nulla
890 1183 1034 1250 convenit,
1058 1191 1086 1240 et
1114 1181 1207 1245 alteri,
1230 1180 1265 1238 de
1291 1182 1336 1238 his
1358 1180 1465 1238 scilicet
1491 1181 1666 1252 casstatim
1681 1181 1736 1238 ad-

81 1269 143 1326 lest
158 1269 273 1326 diversa
288 1270 324 1325 ab
344 1269 411 1337 alis,
443 1284 511 1326 cum
528 1271 585 1327 sint
608 1279 710 1344 ,tamen
739 1271 833 1327 diver·
887 1273 995 1345 jungit.
1009 1273 1068 1328 Nec
1083 1271 1210 1327 fortassis
1227 1271 1422 1342 incongruum
1438 1277 1490 1338 εει,
1515 1270 1538 1325 si
1564 1269 1673 1326 similia
1692 1269 1737 1326 di·

91 1358 214 1413 invicem
237 1372 366 1427 personae
381 1359 541 1414 secundum
565 1359 754 1430 proprietates
769 1372 837 1415 suas
891 1374 991 1417 eamus
1005 1375 1063 1417 non
1083 1360 1258 1430 solumque
1274 1358 1462 1416 essentialiter
1487 1357 1532 1415 vel
1556 1372 1678 1415 numero
1692 1358 1737 1414 di·

79 1445 125 1502 ius
145 1445 303 1514 distinctas,
324 1459 382 1501 uon
408 1447 568 1503 secundum
594 1461 761 1504 numerum.
778 1448 835 1505 lin·
889 1463 974 1506 versa
993 1455 1070 1513 sunt,
1084 1463 1188 1506 verum
1202 1452 1288 1505 etlam
1303 1462 1369 1519 quae
1385 1446 1735 1520 proprietatibusdlsjun-

79 1534 260 1606 Augustinus
274 1537 311 1589 lte
343 1536 477 1591 Trinitute
499 1535 573 1592 libro
587 1550 637 1604 vu,
649 1535 776 1606 capitulo
791 1539 807 1592 d
824 1550 831 1592 :
890 1545 1011 1610 guntur.
1026 1537 1072 1594 Sic
1100 1536 1209 1608 quippe
1229 1535 1451 1608 propositionem
1478 1542 1506 1593 et
1521 1532 1735 1593 conclusionem

78 1630 216 1680 stantum
239 1631 281 1680 est
304 1637 382 1680 unus
410 1623 494 1679 homo
511 1630 654 1694 quantum
676 1632 732 1680 tres
744 1623 834 1680 homi·
852 1624 873 1677 B
890 1627 1043 1683 convenire
1066 1626 1190 1682 dicimus
1218 1625 1248 1681 in
1278 1625 1407 1682 terminis
1434 1631 1462 1681 et
1480 1625 1511 1679 in
1534 1623 1601 1681 aliis
1623 1623 1734 1694 multis,

78 1711 160 1782 mul;
176 1719 204 1767 et
219 1711 284 1782 plus
308 1710 421 1782 aliquid
435 1719 504 1768 sunt
517 1712 574 1768 duo
589 1711 730 1780 homines,
746 1726 836 1784 quam
892 1729 959 1773 eum
973 1727 1031 1770 non
1046 1715 1104 1770 sint
1115 1721 1210 1770 tamen
1232 1713 1269 1769 ab
1291 1713 1416 1769 invicem
1443 1725 1565 1768 numero
1577 1712 1623 1769 vel
1637 1727 1732 1770 εεεειι·

86 1800 180 1857 homo.
197 1801 233 1857 At
256 1800 285 1856 in
304 1800 362 1856 Deo
384 1815 441 1857 non
464 1808 507 1856 est
531 1801 579 1856 ita.
607 1801 761 1858 Nenenim
776 1815 835 1859 ma·
891 1802 996 1859 tialiter
1028 1801 1180 1871 disjunctas
1212 1799 1367 1870 propositio
1403 1806 1431 1855 et
1458 1797 1615 1855 conclusio.
1654 1797 1737 1856 Unde

80 1888 172 1946 sentia
199 1895 242 1945 εει
265 1889 349 1945 Pater
364 1896 391 1945 et
415 1888 507 1946 Filius
523 1888 623 1958 simul,
646 1902 736 1960 quam
756 1888 835 1947 solus
890 1891 975 1948 etiarn
1001 1889 1126 1957 divinas,
1152 1901 1288 1959 personas
1310 1895 1432 1944 nonest
1466 1887 1663 1958 incongruum
1682 1887 1737 1944 hoc

111 1984 163 2034 aut
190 1977 269 2033 solus
293 1976 403 2033 Filius:
430 1976 479 2032 sed
505 1983 561 2032 tres
588 1976 675 2033 simul
709 1988 837 2045 personae
890 1979 974 2036 modo
995 1978 1102 2034 similes
1120 1977 1156 2033 ad
1177 1977 1303 2033 invicem
1327 1975 1392 2032 dici.
1420 1975 1516 2033 Simile
1531 1975 1619 2032 etiam
1643 1988 1737 2047 quau·

78 2065 117 2123 les
133 2072 202 2123 sunt
216 2064 349 2136 singulis.
366 2086 381 2114 »
404 2069 444 2120 Ac
472 2066 495 2120 si
524 2065 640 2133 diceret,
661 2079 719 2121 non
736 2065 766 2120 in
783 2064 834 2121 ali·
890 2069 984 2139 doque
1000 2080 1051 2137 pro
1071 2066 1171 2122 eodem
1200 2064 1328 2136 ponitur,
1352 2064 1429 2121 sicut
1448 2064 1478 2121 in
1507 2064 1590 2121 tertio
1620 2066 1736 2135 Topieo-

78 2168 187 2211 ruruevo
203 2168 301 2212 rerum
326 2153 506 2220 excedentes,
524 2168 560 2210 ue
575 2168 663 2225 quern
689 2153 761 2210 torte
776 2167 834 2210 mo·
889 2171 961 2221 rum,
988 2154 1038 2211 uhi
1056 2155 1096 2210 ait
1120 2154 1245 2221 Boetius,
1270 2154 1349 2224 quod
1374 2152 1455 2210 locus
1481 2153 1657 2209 econtrario
1676 2159 1737 2210 eta

107 2241 184 2314 quod
221 2242 348 2299 isidorus
397 2244 633 2311 Etpmolopiorum
679 2242 746 2299 libri
791 2255 832 2305 vr,
889 2242 1121 2314 repugnantibus
1146 2241 1348 2299 videturesse
1376 2241 1486 2305 similis,
1512 2241 1733 2306 hocestidem,

82 2330 103 2402 r]
126 2330 253 2400 capitulo
288 2330 315 2397 l,
354 2330 423 2387 dum
460 2331 666 2402 etymologiam
709 2330 836 2389 nominis
889 2331 1010 2403 Quippe,
1040 2331 1114 2388 sicut
1140 2330 1266 2388 dicimus
1290 2329 1402 2400 aliquid
1430 2329 1614 2386 diversuma
1641 2329 1734 2400 seipso

79 2432 97 2475 e
144 2418 293 2475 Trinitatis
328 2427 561 2489 prosequeretur,
611 2421 702 2490 ipsam
743 2419 837 2477 Triui·
890 2421 964 2490 lieri,
989 2427 1077 2492 atque
1100 2418 1244 2488 dillerens,
1271 2420 1332 2475 sive
1355 2417 1503 2485 dissimile,
1529 2431 1563 2474 ac
1585 2431 1643 2474 non
1660 2417 1736 2473 idem

79 2554 80 2560 ,
114 2519 206 2563 unum
246 2513 336 2563 totum
371 2506 406 2562 ad
442 2506 575 2579 singulas
603 2506 711 2565 dixerit
737 2521 835 2579 perso·
890 2523 1066 2580 permanere,
1087 2508 1205 2579 quando
1226 2514 1368 2573 mutatur,
1384 2520 1438 2563 cur
1456 2519 1515 2562 non
1535 2505 1648 2576 aliquid
1662 2518 1737 2575 quo·

889 2597 1041 2653 dammodo
1066 2595 1159 2651 simile
1179 2594 1235 2651 sibi
1250 2594 1381 2651 dicamus
1410 2593 1529 2665 quando
1543 2592 1572 2648 id
1586 2599 1736 2663 permanet

103 2682 220 2754 quidem
251 2683 346 2741 verbis
373 2683 499 2740 Trinitas
524 2685 668 2756 appellata
687 2685 834 2755 estquod
889 2699 941 2742 nec
955 2684 1108 2742 variatur?
1123 2682 1200 2748 Quid
1221 2683 1301 2738 enim
1315 2688 1356 2738 εει
1386 2681 1480 2738 simile
1495 2681 1591 2749 alicui,
1609 2680 1665 2736 nisi
1680 2680 1736 2737 tale

79 2785 148 2829 num
169 2778 262 2828 totum
281 2786 318 2828 ex
333 2772 511 2843 quibusdam
532 2773 624 2830 tribus
639 2775 723 2844 quasi
737 2773 833 2829 Trini·
888 2789 949 2832 esse
973 2773 1061 2845 quale
1086 2772 1157 2829 iilud
1177 2772 1242 2828 est?
1268 2773 1309 2828 Ac
1331 2769 1466 2827 similiter
1493 2769 1588 2826 similo
1608 2769 1662 2826 sibi
1678 2768 1735 2826 tale

79 2860 163 2917 endat
202 2860 322 2916 abusive
359 2868 452 2917 totum
483 2861 539 2917 diei
574 2876 626 2930 pro
649 2864 834 2933 [quacunque
851 2878 872 2935 g
888 2878 959 2931 esse,
979 2863 1066 2934 quale
1081 2860 1216 2933 primitus
1230 2867 1302 2917 erat.
1331 2859 1423 2927 Quem
1451 2858 1569 2930 quidem
1594 2857 1735 2914 rationem

79 2961 168 3005 rerum
199 2962 287 3019 quam
312 2949 519 3019 proprietatum
544 2950 740 3007 multitudine.
765 2949 833 3015 Qui·
888 2944 1071 3022 Augustinus
1097 2957 1213 3005 secutus
1240 2947 1313 3005 libro
1339 2947 1482 3017 primolte
1499 2960 1564 3001 vera
1588 2945 1732 3015 religione,

92 3037 121 3092 in
141 3036 238 3093 eodem
253 3037 379 3105 capitulo
395 3052 462 3094 cum
479 3039 594 3108 propria
610 3045 637 3094 et
660 3037 833 3109 appellativa
888 3053 955 3097 eum
970 3040 1005 3096 de
1027 3037 1175 3095 identitate
1199 3043 1289 3108 atque
1316 3033 1606 3092 incommutabilitate
1623 3033 1734 3092 divinat

79 3125 175 3182 omina
191 3125 392 3196 distingueret,
409 3126 448 3182 ita
468 3127 504 3182 ab
526 3127 604 3182 omni
620 3127 769 3183 hominum
786 3140 830 3183 ra·
888 3126 1114 3200 pulchritudinis
1131 3131 1228 3198 ageret
1243 3125 1283 3182 ait
1299 3141 1306 3179 :
1325 3144 1337 3175 ι
1359 3122 1553 3192 Quamobrem
1566 3120 1733 3180 sanandum

86 3217 115 3270 et
130 3227 184 3269 usu
203 3213 361 3281 recesserit,
389 3206 422 3270 ut
441 3215 556 3285 propria
572 3215 677 3272 diceret
692 3229 758 3286 quae
771 3229 832 3271 ma·
887 3231 948 3274 esse
958 3216 1089 3273 animum
1103 3214 1139 3271 ad
1159 3213 1328 3271 intuendam
1348 3210 1615 3269 iucommutabilem
1633 3224 1731 3268 rerum

79 3300 226 3373 ›pellativa
249 3302 395 3366 videntur,
426 3310 454 3358 et
469 3318 484 3359 ε
500 3317 638 3361 converso
660 3304 833 3374 appellative
887 3304 1019 3372 lormam,
1039 3311 1067 3360 ει
1095 3303 1194 3359 codem
1222 3301 1305 3357 modo
1328 3313 1416 3370 super
1443 3314 1473 3356 se
1497 3299 1661 3364 habentem,
1691 3306 1732 3357 at·

79 3390 115 3445 ie.
139 3390 173 3447 ln
198 3389 262 3459 hac,
291 3391 395 3461 inquit,
424 3392 561 3449 Trinitate
588 3392 833 3464 aliaappellativa
887 3392 1087 3464 queundique
1119 3391 1167 3446 sui
1196 3390 1320 3446 similem
1349 3387 1608 3458 pulchritudinem,
1622 3400 1677 3444 nec
1688 3385 1731 3443 di·

79 3491 116 3544 ta,
130 3478 188 3534 alia
201 3479 318 3549 propria
341 3487 418 3535 sunt.
440 3480 559 3551 Propria
574 3487 642 3536 sunt
656 3479 831 3549 essentialia,
887 3487 1010 3536 stentem
1038 3479 1117 3546 locis,
1142 3492 1194 3535 nec
1218 3485 1345 3548 tempore
1371 3477 1525 3546 variatam,
1556 3475 1605 3534 sed
1636 3490 1731 3538 unum

79 3580 120 3634 us,
142 3567 293 3633 Dominus,
318 3567 513 3638 Omnipotem,
542 3568 746 3634 immutabilis,
776 3570 830 3623 lm·
887 3576 974 3638 atque
989 3569 1064 3624 idem
1078 3582 1115 3623 ex
1129 3567 1208 3624 omni
1227 3575 1308 3638 parte
1327 3573 1502 3635 servantem,
1518 3589 1533 3618 ε
1561 3572 1616 3622 etc.
1636 3565 1732 3623 Simile

81 3652 134 3722 lis3
159 3660 186 3710 et
210 3654 276 3710 inde
300 3655 427 3724 propria,
451 3654 522 3725 qula
549 3655 642 3725 ipsam
667 3654 833 3726 significant
887 3656 985 3727 itaque
1005 3670 1057 3726 pro
1080 3655 1179 3712 eodem
1201 3655 1284 3722 dixit,
1315 3661 1343 3711 et
1370 3653 1400 3709 in
1424 3654 1479 3710 hac
1504 3667 1622 3725 quoque
1653 3667 1730 3710 acce-

79 3742 179 3799 tntiam
195 3755 255 3812 qua
277 3756 370 3798 unum
397 3750 475 3799 suut.
496 3743 675 3813 Appellativa
697 3756 765 3798 vero
778 3743 831 3799 Pa·
887 3745 984 3815 ptione
1005 3751 1096 3815 potest
1116 3743 1182 3799 dici.
1208 3744 1293 3799 Pater
1312 3730 1415 3798 similis
1443 3740 1515 3797 Filio
1533 3741 1579 3797 vel
1601 3740 1730 3810 Spiritui,

83 3828 174 3886 Filius
192 3835 221 3885 ει
247 3829 374 3899 Spiritus
387 3837 519 3900 sanctus;
532 3831 692 3902 ingenitus,
712 3829 831 3887 Genitus
887 3832 941 3888 hoc
960 3839 1003 3889 cst
1017 3832 1091 3888 idem
1105 3831 1221 3902 penitus
1243 3843 1309 3887 cum
1336 3828 1385 3886 illo
1415 3828 1445 3884 in
1473 3827 1646 3896 substantia,
1669 3827 1750 3883 sive,

79 3917 210 3983 caedens,
237 3918 338 3973 eadem
365 3924 393 3973 et
416 3917 537 3974 relativa
565 3932 719 3988 possumus
745 3919 832 3975 etiam
886 3921 916 3977 in
945 3920 1076 3992 hisquae
1099 3919 1196 3977 statim
1226 3916 1403 3975 Athanasius
1427 3913 1640 3982 determinavit,
1663 3927 1730 3971 cum

79 4029 90 4069 l,
106 4004 265 4076 quodcum
283 4005 409 4061 nominis
424 4006 513 4076 huius
534 4007 614 4078 quod
632 4007 757 4064 Trinitas
770 4015 831 4078 cty·
886 4007 1020 4064 videlicet
1030 4006 1102 4064 illud
1118 4006 1192 4063 idem
1208 4006 1285 4078 quod
1300 4006 1475 4062 immensum
1490 4011 1533 4061 est
1550 4002 1634 4060 Pater
1648 4002 1684 4060 sit
1702 4010 1731 4060 et

79 4091 142 4152 lam
166 4092 292 4149 isidorus
316 4093 484 4160 reddiderit,
507 4095 567 4151 vim
589 4096 679 4166 ipsam
705 4095 832 4152 norniuis
886 4096 988 4166 Filius,
1005 4105 1058 4154 etc.

79 4179 158 4237 aliter
186 4181 268 4238 nobis
294 4183 481 4252 expresserit,
502 4197 562 4238 non
586 4171 773 4255 singulariter
800 4185 871 4269 in„
923 4184 1016 4241 Sedet
1031 4185 1101 4241 illud
1118 4184 1194 4255 quod
1214 4182 1376 4255 opponitur,
1403 4196 1471 4238 cum
1497 4179 1731 4251 unumquodque

79 4283 87 4326 t
102 4269 281 4326 solummodo
296 4270 445 4326 Trinitale.
479 4273 513 4327 St
529 4284 632 4329 verum
657 4273 772 4346 qrudem
789 4280 833 4331 est
888 4273 966 4344 quod
983 4273 1081 4330 existit
1095 4272 1131 4328 sit
1155 4273 1201 4329 vel
1226 4271 1390 4328 substantia
1403 4270 1450 4327 vel
1467 4269 1570 4336 iorma,
1586 4266 1730 4339 quomodo

79 4356 162 4428 iuxta
187 4358 332 4428 propriam
359 4366 387 4415 et
414 4359 551 4417 usitatam
578 4362 831 4433 significationem,
887 4361 1046 4419 multadici
1079 4368 1207 4432 possunt,
1236 4361 1260 4417 si
1288 4360 1530 4417 nousintmnltae
1548 4357 1729 4434 substantie,

79 4452 138 4502 ttur
160 4444 285 4502 Trinitas
300 4445 344 4502 vel
369 4447 436 4514 tria,
451 4449 678 4516 &multitudinem
692 4465 790 4507 rerum
804 4458 832 4507 et
887 4451 932 4508 vel
943 4449 1041 4506 multe
1056 4449 1164 4516 lormae,
1179 4449 1224 4506 vel
1248 4449 1340 4505 multa
1353 4463 1390 4505 ex
1404 4448 1538 4518 utrisque
1551 4447 1728 4519 conjuncta:

79 4546 141 4590 rum
168 4541 341 4600 monstrant,
364 4535 443 4605 quod
463 4535 493 4591 iu
515 4536 572 4592 Deo
594 4537 830 4594 minimeconve·
884 4539 944 4611 jam
958 4538 1127 4611 jugulatum
1141 4545 1194 4605 est,
1227 4523 1387 4595 secundum
1407 4536 1479 4593 illud
1506 4535 1585 4607 quod
1605 4537 1729 4607 jamne·

81 4621 110 4678 bi
124 4635 313 4695 nequaquam
328 4623 484 4680 multitudo
497 4632 539 4680 εει
554 4638 662 4691 rerum,
674 4625 722 4682 sed
738 4626 830 4683 diror-
887 4628 1021 4700 gavlmus
1048 4629 1167 4684 omnino
1192 4628 1283 4684 ileum
1307 4640 1368 4683 esse
1391 4623 1491 4692 multa,
1513 4624 1584 4696 quia
1606 4622 1672 4680 licet
1692 4623 1731 4680 sit

79 4723 273 4780 liminium·
887 4715 985 4773 multae
999 4730 1137 4787 personae,
1163 4730 1221 4773 non
1239 4715 1302 4772 ideo
1327 4714 1457 4771 fortassis
1484 4720 1527 4770 cst
1548 4712 1641 4768 multa
1655 4711 1729 4769 sim-

79 4798 102 4854 ei
125 4806 221 4855 autem
239 4799 268 4855 in
288 4815 321 4856 so
345 4800 422 4871 quod
437 4800 546 4857 dicitur
561 4802 626 4858 talis
641 4803 724 4859 Pater
736 4803 832 4874 qualis
887 4804 1009 4874 pliciter,
1024 4819 1091 4867 cnm
1105 4805 1237 4861 videlicet
1263 4803 1429 4868 multitudo,
1453 4802 1529 4859 sicut
1552 4801 1728 4869 dictumest,

105 4894 133 4943 et
152 4886 277 4956 Spiritus
300 4895 428 4956 sanctus,
456 4890 588 4960 quaedam
618 4890 777 4947 similitudo
794 4891 833 4947 in·
886 4900 962 4949 recte
977 4907 1034 4949 non
1050 4901 1192 4960 sumatur,
1218 4892 1272 4948 nisi
1289 4892 1462 4948 indiscretis
1481 4890 1613 4947 essentiis
1622 4903 1657 4946 ac
1669 4903 1729 4947 nu·

79 4987 100 5043 r,
115 4981 148 5030 ut
161 4974 268 5031 scilieet
287 4977 370 5038 Pater
388 4977 424 5032 sit
447 4978 551 5034 similis
567 4978 634 5034 lilio
649 4978 694 5055 vel
713 4978 831 5050 Spiritui
887 4993 965 5036 mero
978 4980 1110 5037 diversis.
1128 4979 1291 5036 &cundum
1316 4991 1381 5035 vero
1406 4977 1477 5035 illud
1497 4977 1574 5049 quod
1602 4976 1669 5048 quis
1689 4990 1732 5034 re-

79 5078 100 5130 r;
117 5061 172 5119 tale
184 5069 226 5119 est
238 5076 271 5120 ac
285 5063 310 5119 si
322 5064 445 5121 dicatur.
466 5066 528 5122 Non
543 5074 584 5123 est
609 5067 638 5121 in
659 5066 758 5137 aliquo
773 5079 833 5122 ma·
888 5068 994 5138 ceperit
1009 5069 1100 5124 Deum
1114 5082 1175 5124 esso
1189 5067 1280 5124 multa
1303 5073 1448 5138 quantum
1474 5067 1511 5123 ad
1535 5065 1731 5123 diversitatem

82 5150 185 5207 sbono
205 5151 242 5207 ab
262 5167 295 5209 eo
324 5153 467 5221 diversus,
491 5161 521 5210 ut
533 5154 665 5211 videlicet
680 5157 833 5227 negatione
888 5156 1106 5228 proprietatum,
1134 5165 1166 5214 ut
1194 5154 1359 5226 expositum
1382 5162 1434 5222 est,
1454 5169 1505 5213 seu
1530 5153 1732 5211 dilliuitionem

79 5254 82 5289 t
104 5251 194 5308 qrram
214 5238 406 5297 alllrnratlone
434 5242 621 5314 intelligatur,
639 5243 673 5298 Et
702 5243 834 5302 similiter
889 5259 946 5300 non
968 5244 1094 5315 procedit
1109 5244 1266 5311 conclusio,
1289 5248 1322 5301 ut
1349 5243 1482 5302 videlicet
1496 5244 1519 5302 si
1536 5244 1612 5301 licus
1627 5244 1663 5300 sit
1679 5243 1733 5300 hoc

79 5325 178 5384 licitur
192 5328 314 5398 equalis
327 5343 397 5396 esse,
424 5330 481 5387 tale
502 5337 544 5387 est
559 5344 593 5388 ac
611 5332 634 5388 si
661 5333 787 5403 dicatur,
803 5335 833 5390 in
888 5332 1082 5401 modomulta,
1100 5331 1163 5391 ideo
1184 5333 1220 5389 sit
1243 5339 1294 5389 aut
1322 5332 1419 5389 multae
1449 5333 1630 5402 substantie,
1654 5333 1733 5405 quod

79 5433 177 5515 ’.flae0
197 5432 349 5518 desumpta
372 5443 440 5493 sunt
461 5451 500 5517 ex
521 5436 750 5519 Symboloquod
777 5440 852 5508 sin-J
888 5438 1027 5520 qnodque
1040 5438 1128 5512 vulgo
1144 5439 1287 5498 tribuitur
1301 5437 1468 5509 Athanasio,
1491 5446 1524 5499 ut
1538 5439 1595 5509 hic,
1611 5438 1732 5499 sedn'on
1801 5414 1807 5486 Ῐ

79 5505 183 5561 diebus
210 5504 366 5562 Domrnrcrs
391 5507 426 5562 ad
455 5508 580 5565 Prtmam
602 5516 679 5566 cauit
693 5509 831 5582 Ecclesia,
888 5518 930 5569 est
945 5510 1034 5568 tillus.
