3804 5962
74 189 128 243 ato
538 187 640 246 bunut
662 189 850 248 temnant
870 182 1057 249 obediatis
1075 190 1096 247 t.
1118 217 1153 231 -
1170 187 1360 250 nrtsrobm.
1769 201 1823 254 nte

73 311 135 370 sine
148 310 276 384 periculo
292 320 351 369 non
372 309 524 370 valemus:
552 312 603 369 ubi
630 326 761 384 unquam
786 315 821 371 ad
849 313 964 373 cotti-a
979 312 1198 387 dispensationis
1238 316 1464 375 moderationem
1486 317 1667 392 indulgentia
1701 321 1824 392 pertinet

30 475 32 480 Ι
71 402 180 476 gendes
202 414 306 458 messes
321 409 479 458 conventus
491 401 661 458 monialium
686 404 776 472 exire,
804 403 850 461 vel
875 404 917 461 la·
971 418 1140 476 puerorum,
1157 419 1259 463 senum
1283 414 1311 463 et
1325 406 1443 464 omnino
1458 407 1607 475 debilium,
1634 410 1748 467 lectoris
1770 425 1822 468 seu

70 492 154 549 hores
192 504 331 563 agrorum
360 490 466 548 habere
501 491 668 549 consuerit?
697 495 917 565 autsuscipien·
971 494 1252 564 septimanariorum,
1278 496 1711 568 coquinaeantealiosreiectio,
1736 503 1765 555 et
1793 500 1822 555 in

71 581 175 638 darum
211 581 387 637 feminarum
417 582 606 637 constantiam
630 597 689 638 uno
710 597 787 639 anno
815 584 918 654 proha·
972 582 1142 655 ipsofetiam
1162 592 1307 641 contentu
1326 584 1360 641 de
1383 586 1445 655 ipsa
1464 586 1521 642 cibi
1547 587 1590 642 vel
1619 596 1705 657 potus
1729 589 1823 659 quali-

68 671 154 737 verit,
170 683 276 741 easque
299 670 382 726 tertio
401 669 526 739 perlecta
552 670 673 742 Regula,
699 672 774 729 sicut
796 673 826 729 in
856 674 918 744 ipsa
972 678 1030 729 tate
1045 686 1097 728 seu
1125 672 1287 743 quantitate
1314 687 1366 744 pro
1397 673 1561 732 diversitate
1581 676 1731 733 hominum
1758 690 1824 747 pro·

66 759 188 831 jubetur
214 759 289 829 (cap.
306 758 363 829 ts),
389 758 583 815 instruxerit?
605 758 678 827 Quid
703 775 821 818 rursum
848 762 918 819 stul·
973 761 1110 818 videntia.
1130 762 1170 816 lle
1192 762 1301 832 quihus
1316 762 1434 832 quidem
1463 763 1585 835 singulis
1612 764 1652 820 ihi
1671 764 1823 837 diligenter

70 848 129 905 tius
144 861 233 920 quam
248 848 326 904 viam
340 847 477 919 ignotam,
492 861 545 904 nec
572 848 668 905 adhuc
695 849 918 909 demonstratam
972 848 1167 918 scriptumest
1190 848 1263 919 (cap.
1287 850 1345 920 41).
1366 850 1431 920 lpsa
1446 864 1564 922 quoque
1587 859 1696 909 statuta
1717 854 1820 924 jejunit

70 936 212 1008 aggredi?
239 935 312 1004 Quid
347 936 607 1006 praesumptuosius
632 952 721 1008 quam
749 940 853 1012 eligere
886 954 919 998 ac
972 939 1102 1007 tempera
1131 950 1183 1007 pro
1212 938 1350 1008 qualitate
1368 940 1505 1008 temporis
1529 940 1573 996 vel
1590 942 1754 1012 quantitate
1787 943 1826 998 la-

69 1023 198 1097 proilteri
222 1023 311 1080 vitam
349 1037 438 1095 quam
466 1024 589 1094 nescias,
619 1034 669 1083 aut
697 1034 796 1084 votum
824 1028 920 1086 lacere
973 1025 1049 1083 horis
1068 1026 1107 1081 ita
1122 1025 1243 1092 relaxat,
1271 1033 1484 1097 proutneturae
1513 1029 1819 1097 postulatinbrmitas.

72 1113 150 1185 quod
168 1112 590 1184 implerenonqueas‘lSedet
620 1129 686 1171 cum
711 1117 841 1173 omnium
858 1118 918 1174 vir·
971 1114 1044 1181 Quid
1073 1113 1207 1171 obsecro?
1237 1114 1287 1171 uhi
1313 1116 1374 1182 iste,
1406 1116 1458 1187 qui
1479 1116 1520 1173 sic
1547 1118 1583 1174 ad
1613 1117 1764 1174 hominum
1796 1126 1825 1174 et

72 1209 168 1259 tutum
194 1201 325 1258 diseretio
354 1202 391 1259 sit
432 1209 532 1271 mater,
573 1212 601 1261 et
623 1205 753 1264 omnium
777 1207 918 1265 bonorum
972 1209 1135 1275 temporum
1157 1202 1324 1274 qualitatem
1341 1205 1629 1272 omniamoderatur,
1658 1216 1690 1264 ut
1704 1209 1740 1263 ab
1765 1221 1825 1264 om-

69 1290 225 1347 mediatrix
253 1291 300 1363 [ot.
319 1291 504 1366 moderatrix]
523 1292 559 1350 sit
583 1294 666 1363 ratio,
697 1296 763 1365 quis
792 1304 844 1353 aut
861 1297 920 1354 vir·
973 1292 1061 1348 nibus
1086 1293 1148 1350 sine
1177 1294 1410 1349 murmuratione
1449 1295 1569 1364 prolerri
1608 1295 1655 1365 iol.
1685 1297 1824 1367 protlteri]

69 1385 161 1436 tutem
175 1387 226 1436 aut
249 1379 359 1438 honum
389 1388 502 1437 censeat
528 1382 606 1453 qnod
621 1383 657 1439 ah
686 1383 748 1440 istis
771 1384 921 1443 dissentire
973 1390 1091 1452 queant,
1116 1396 1181 1452 quae
1210 1381 1419 1453 instituuntur;
1444 1383 1515 1453 quid
1532 1385 1661 1455 inquam,
1687 1384 1722 1441 de
1743 1385 1825 1441 temi-

70 1466 224 1537 rideatur?
239 1469 317 1539 lpsas
333 1468 439 1539 quippe
469 1469 593 1527 virtutes
607 1471 777 1529 excedentes
802 1474 919 1530 modum
974 1471 1020 1527 nis
1035 1470 1208 1542 provideret,
1224 1471 1248 1526 si
1267 1470 1308 1527 eis
1323 1485 1440 1542 quoque
1454 1472 1561 1542 pariter
1578 1480 1608 1529 ut
1635 1473 1706 1529 viris
1730 1474 1826 1545 Regu-

74 1563 162 1626 atque
186 1570 362 1622 mensuram,
389 1557 463 1615 sicut
487 1558 679 1631 Hieronymus
701 1562 802 1618 asserit
826 1562 918 1633 (epist.
976 1559 1036 1616 lam
1056 1560 1239 1616 institueret?
1265 1559 1293 1615 st
1314 1560 1433 1616 enimin
1449 1560 1623 1630 quibusdam
1647 1562 1765 1632 Regula
1790 1563 1828 1617 ri-

73 1646 111 1716 8),
127 1645 201 1702 inter
215 1645 287 1702 vitia
301 1646 428 1718 reputari
443 1648 585 1705 convenit.
603 1648 673 1716 Quis
683 1658 779 1707 autem
796 1651 832 1709 ah
858 1665 958 1719 cm-13
976 1662 1073 1722 gorem
1089 1647 1197 1718 pueris,
1222 1647 1340 1704 senibus
1366 1656 1393 1704 et
1417 1647 1560 1706 debilibus
1575 1663 1627 1719 pro
1651 1651 1710 1720 ipsa
1737 1658 1826 1706 natu-

72 1734 102 1792 ni
117 1734 227 1791 ratione
242 1748 275 1790 ac
297 1734 466 1793 discretione
486 1735 650 1808 sejunctum
678 1752 737 1795 uon
766 1740 875 1809 rideat,
898 1741 922 1798 si
976 1751 1016 1795 rae
1046 1737 1190 1795 debilitate
1223 1735 1268 1792 vel
1304 1736 1470 1793 infirmitate
1505 1745 1664 1808 temperare
1701 1739 1826 1807 cogitur,

73 1823 109 1880 ad
135 1823 308 1894 imponenda
328 1838 416 1881 onera
438 1838 552 1891 eorum,
582 1826 691 1898 quibus
719 1827 920 1900 imponuntur,
976 1825 1092 1898 quidde
1111 1824 1207 1897 fragili
1230 1839 1303 1882 sexu
1329 1825 1500 1895 provideret.
1527 1827 1611 1896 cuius
1632 1828 1757 1882 maxime
1777 1827 1825 1883 de-

73 1910 247 1968 valitudines
273 1910 425 1982 priusuon
442 1913 646 1984 discutiantur,
672 1923 704 1973 ut
730 1924 843 1974 naturas
857 1933 923 1974 con·
976 1914 1042 1972 hilis
1062 1922 1090 1971 et
1111 1914 1226 1970 inbrma
1252 1919 1359 1970 natura
1382 1915 1585 1984 cognoscitur?
1609 1915 1755 1984 Perpende
1776 1916 1826 1970 ita-

74 1999 250 2057 stitutlonem
276 2000 407 2058 humana
430 2011 572 2074 sequatur
598 2004 759 2062 industria?
775 2005 845 2074 Quis
868 2009 923 2063 asi-
977 2018 1035 2076 que
1062 2015 1150 2073 quam
1175 2001 1260 2073 longe
1274 2002 1394 2059 absistat
1409 2003 1445 2059 ab
1465 2003 1543 2058 omni
1568 2004 1688 2060 rationis
1715 2004 1825 2060 discre-

74 2089 363 2147 numsarcinatanta
383 2089 416 2162 [f.
439 2092 513 2148 deest
539 2101 648 2160 onerat,
667 2095 792 2164 oelqoid
811 2096 921 2167 simitel,
977 2093 1064 2158 tione,
1095 2089 1225 2161 eiusdem
1248 2091 1365 2161 negatae
1400 2091 1577 2161 proiesslone
1606 2101 1664 2148 tam
1706 2092 1827 2148 leminas

76 2191 136 2249 qua
146 2178 268 2251 dignum
277 2179 389 2250 judicat
400 2180 607 2251 elephantem?
620 2183 689 2250 Quis
717 2186 798 2240 muta
825 2185 923 2255 pueris
977 2193 1066 2253 quam
1078 2179 1156 2236 viros
1169 2179 1302 2250 obligari,
1318 2180 1476 2251 eademque
1491 2181 1606 2237 sarcina
1633 2191 1691 2237 tam
1721 2182 1828 2237 debiles

76 2273 126 2322 aut
143 2267 261 2324 senibus
275 2276 385 2339 quanta
396 2268 468 2326 viris
484 2270 639 2343 injungat?
667 2272 758 2329 'lanta
781 2273 924 2330 debilibus
978 2282 1067 2341 quam
1082 2267 1168 2325 icrtes
1182 2268 1308 2325 onerari.
1325 2268 1399 2325 Satis
1420 2283 1480 2325 esse
1509 2279 1613 2327 nostrae
1637 2271 1761 2327 arbitror
1786 2271 1828 2324 in·

77 2352 185 2410 scilicet
200 2361 312 2425 quanta
326 2355 460 2426 torribus,
479 2363 560 2414 tanta
576 2357 697 2415 infirmis
711 2363 822 2429 quanta
835 2361 923 2425 sanis,
979 2355 1118 2422 firmitati,
1136 2355 1166 2418 si
1192 2369 1244 2411 nos
1269 2355 1338 2426 ipsis
1364 2357 1498 2413 Ecclesiae
1524 2357 1693 2424 rectoribus,
1722 2365 1750 2415 et
1775 2359 1826 2430 qui

78 2448 159 2499 tanta
184 2443 297 2500 leminis
321 2453 433 2516 quanta
461 2447 611 2504 maribus?
639 2448 793 2506 lniirmiori
820 2448 925 2506 videli-
979 2446 1008 2505 in
1033 2443 1122 2502 sacris
1143 2444 1295 2501 ordinibus
1321 2445 1468 2502 constituti
1500 2454 1579 2514 sunt,
1611 2446 1731 2511 clericis,
1763 2452 1821 2502 tam

78 2533 222 2591 cetsexui
242 2542 352 2606 quanta
380 2543 407 2592 et
438 2537 525 2593 lorti?
552 2536 632 2605 Quod
648 2538 799 2609 diligenter
824 2538 925 2595 heatus
981 2535 1167 2591 continentie
1204 2548 1293 2604 quam
1321 2534 1501 2591 abstinentia
1528 2535 1623 2591 virtus
1659 2537 1828 2604 aequaverit.

80 2634 155 2694 papa
173 2621 329 2694 Gregorius
352 2624 512 2691 attendens,
542 2624 695 2683 Pastoralis
726 2627 770 2683 sui
787 2640 850 2698 cap.
883 2628 926 2692 ti,
982 2632 1117 2698 llaxime,
1132 2645 1198 2687 oum
1214 2632 1325 2687 lleritas
1339 2632 1431 2687 dicat:
1453 2653 1467 2681 «
1478 2631 1623 2687 Perfectus
1649 2632 1742 2688 omnis
1763 2632 1827 2697 erit,

80 2717 154 2782 llari·
181 2725 220 2775 m,
246 2711 383 2769 admonit,
414 2713 450 2784 l],
473 2720 531 2769 tam
551 2713 586 2769 de
624 2715 812 2773 admonendis
838 2729 927 2786 quant
983 2721 1052 2779 sisit
1080 2719 1154 2775 sicut
1182 2718 1319 2788 magister
1345 2719 1408 2788 ejus
1435 2719 1513 2789 (hoc.
1538 2733 1577 2783 m,
1606 2719 1688 2784 lbi.»
1719 2717 1831 2783 Quibus

81 2800 116 2858 de
130 2801 330 2872 praecipiendis
345 2802 385 2858 lta
400 2803 547 2860 distinxit:
572 2802 687 2861 «Aliter
715 2804 804 2876 igitur
828 2805 927 2860 admo·
982 2810 1067 2866 etiam
1096 2821 1147 2878 pro
1170 2819 1277 2877 magno
1302 2805 1496 2875 reputandum
1525 2813 1607 2871 esset,
1635 2805 1657 2860 si
1682 2806 1832 2876 religiosos

81 2889 167 2947 nendi
182 2891 327 2960 suntviri,
349 2897 437 2963 atque
447 2891 530 2949 aliter
541 2891 666 2962 feminae,
691 2893 761 2965 quia
782 2892 839 2950 illis
862 2907 928 2965 gra·
982 2896 1265 2967 latensaequiparare
1287 2907 1444 2963 possemus.
1462 2896 1530 2958 Quae
1544 2907 1671 2964 namque
1696 2894 1723 2949 in
1755 2894 1832 2949 terti-

80 2977 139 3048 lia,
160 2977 222 3035 istis
249 2992 317 3036 V0l⁰
345 2987 414 3036 ⁵³⁰1
441 2979 621 3053 iniungenda
645 2980 776 3037 lilim:
803 2986 832 3036 ⁰1
859 2979 930 3036 3ῐίῡὸ
945 3008 968 3067 0
984 2987 1145 3056 husparva
1168 2996 1326 3049 censemus,
1355 2982 1384 3037 in
1406 2982 1549 3038 debilibus
1576 2981 1765 3038 admiramur.
1797 2984 1832 3037 Et

81 3069 621 3140 magssfflesoeisshislesveffllfllid
645 3069 833 3127 demuloessdo
858 3082 929 3124 001¹·
981 3077 1067 3148 juxta
1093 3073 1165 3131 illud
1193 3071 1366 3142 llpostoli:‹
1399 3070 1494 3126 llirtus
1524 3071 1553 3125 ιιι
1582 3070 1750 3127 infirmitate
1772 3085 1834 3142 per-

80 3164 225 3213 vertant.»
242 3157 324 3216 Certe
346 3165 374 3215 et
403 3157 453 3230 qui
482 3159 692 3216 monachorum
717 3157 834 3229 regulas
861 3157 929 3214 scri·
984 3165 1080 3221 poitur
1099 3162 1141 3234 (li
1171 3162 1231 3218 cor.
1247 3174 1299 3227 xu,
1317 3158 1353 3228 b).
1373 3180 1384 3207 ι
1401 3159 1442 3215 Ne
1469 3173 1538 3215 vero
1568 3158 1706 3215 laieorum
1732 3160 1832 3230 religio

81 3251 211 3318 pserunt,
237 3261 290 3303 nec
316 3247 408 3304 solum
424 3247 458 3304 de
477 3247 591 3304 leminis
618 3248 736 3304 omnino
765 3253 927 3315 tacuerunt,
983 3265 1035 3321 pro
1051 3262 1141 3320 parvo
1160 3246 1295 3313 dueatur,
1312 3247 1408 3317 qualis
1428 3247 1481 3304 luit
1496 3247 1632 3314 Abrahae,
1654 3249 1757 3312 David,
1780 3249 1833 3304 leh

82 3335 274 3393 verumetiam
289 3334 339 3392 illa
353 3343 519 3393 statuerunt
533 3350 599 3407 quae
613 3335 654 3392 eis
677 3334 844 3393 nullatenus
865 3350 930 3391 con·
983 3339 1033 3410 [at.
1056 3336 1157 3407 lacch]
1182 3335 1245 3391 licet
1270 3336 1505 3407 coniugatorum,
1546 3334 1770 3406 chrysostomus
1803 3337 1833 3391 in

83 3423 182 3482 venire
210 3424 346 3493 sciebant,
374 3425 443 3482 satis
466 3424 613 3482 commode
636 3425 795 3482 innuerunt
821 3437 930 3494 nequa·
983 3426 1112 3498 Epistola
1140 3425 1176 3481 ad
1214 3424 1349 3481 ttehraeos
1388 3438 1519 3481 sermono
1543 3429 1559 3478 7
1587 3425 1670 3481 nohis
1696 3425 1832 3490 occurrit,

83 3513 367 3585 quameodemjugo
392 3512 499 3585 regule
515 3514 590 3571 tauri
610 3513 782 3584 etjuvence
796 3527 926 3584 premen-
984 3517 1082 3573 dicens
1109 3516 1184 3587 (cap.
1216 3514 1269 3582 ll:
1299 3513 1402 3569 «Sunt
1429 3514 1523 3570 multa
1552 3514 1581 3568 in
1620 3514 1729 3585 quihus
1751 3522 1835 3584 pote-

85 3601 152 3658 dam
179 3616 238 3660 esse
268 3600 419 3669 cervicem,
453 3603 523 3673 quia
552 3616 626 3675 quos
663 3603 792 3673 dispares
825 3609 931 3658 natura
985 3605 1022 3661 rit
1047 3603 1179 3660 laborare
1209 3610 1241 3658 ut
1265 3600 1386 3658 bestiam
1405 3600 1485 3657 illam
1514 3601 1648 3657 incantet.
1675 3601 1744 3668 Ωιι
1767 3610 1834 3656 sunt

84 3691 193 3748 creavit
212 3691 322 3763 aequari
348 3691 517 3748 lahorenon
541 3691 682 3747 convenit.
712 3689 808 3761 hujus
834 3698 932 3747 atatem
985 3692 1060 3750 ista‘?
1095 3691 1216 3759 labores,
1257 3689 1401 3756 lectiones,
1437 3689 1555 3761 vigilie.
1595 3691 1646 3746 Sed
1689 3689 1759 3760 quid
1799 3690 1834 3746 ad

85 3779 265 3837 discretionis
289 3780 390 3837 heatus
410 3794 468 3835 non
487 3780 638 3836 immemor
657 3780 828 3838 Benedictus
856 3779 928 3851 (cap.
985 3797 1038 3841 nos
1082 3782 1154 3848 hmo,
1190 3780 1295 3850 inquit,
1338 3779 1389 3849 qui
1438 3793 1495 3835 non
1538 3793 1640 3836 sumus
1680 3777 1835 3835 monachii

84 3867 141 3939 48),
171 3877 313 3941 tanquam
346 3867 475 3924 omnium
501 3868 647 3939 justorum
680 3868 785 3939 spiritu
818 3869 929 3940 plenus,
986 3872 1052 3929 llaec
1080 3870 1153 3927 mihi
1180 3868 1275 3924 dicis?
1305 3868 1358 3922 Dic
1382 3866 1480 3934 Paulo,
1518 3882 1584 3924 cum
1612 3868 1703 3923 dicit:
1730 3867 1839 3937 ‹Vigi-

86 3970 138 4028 pro
154 3957 293 4029 qualitate
318 3957 468 4013 hominum
495 3966 546 4013 aut
578 3963 740 4027 temporum
763 3965 868 4014 cuncta
891 3958 933 4014 sic
983 3962 1076 4017 lantes
1089 3958 1209 4015 inomni
1227 3956 1364 4026 patientia
1392 3963 1419 4012 et
1433 3956 1561 4012 oratione
1582 3957 1669 4025 (hom.
1685 3970 1745 4023 xm,
1776 3957 1836 4024 ιι);

87 4046 255 4102 moderatur
270 4044 561 4118 inflegulalcallffl,
578 4052 611 4103 lli
634 4046 740 4113 Omnia,
761 4046 836 4104 sicul
861 4047 932 4116 illse·
985 4069 1052 4112 cum
1078 4052 1165 4109 dicit:
1192 4050 1320 4108 «Carnis
1347 4063 1448 4106 curam
1475 4064 1512 4105 ue
1539 4050 1661 4106 feceritis
1676 4051 1703 4105 ln
1731 4064 1835 4105 concu-

87 4142 144 4192 mct
171 4149 231 4192 uno
261 4134 406 4192 concludit
432 4135 502 4203 loco,
535 4145 701 4193 mensurate
723 4136 803 4192 liant.
828 4137 932 4193 ·Primo
986 4141 1168 4214 piscenius.»
1188 4140 1250 4197 Non
1279 4138 1356 4195 enim
1372 4140 1433 4195 haec
1449 4138 1597 4194 monachis
1619 4138 1837 4194 scribebatten-

86 4223 307 4294 itaqueahlpso
328 4223 469 4295 incipiens
492 4225 595 4282 abbate
620 4226 749 4298 praecipit
772 4226 846 4298 (cap.
875 4227 931 4298 ci),
986 4239 1060 4301 tum,
1088 4231 1136 4288 sed
1161 4229 1297 4286 omnihus
1319 4227 1470 4298 quierant
1499 4227 1529 4283 in
1559 4226 1734 4283 civitatibus.
1775 4227 1837 4281 Non

86 4326 152 4370 eum
179 4310 220 4368 ita
241 4313 378 4385 subjectis
401 4314 564 4385 presidere,
586 4321 619 4371 ut
647 4316 805 4372 secundum
832 4316 930 4384 unius,
948 4361 971 4414 D
986 4321 1063 4377 enlm
1083 4317 1229 4377 saecularis
1253 4318 1337 4373 homo
1353 4317 1436 4372 dehet
1453 4315 1563 4386 aliquid
1580 4315 1706 4384 amplius
1731 4314 1837 4371 hahere

87 4401 193 4474 inquit,
220 4403 364 4477 cujusque
387 4407 557 4478 qualitatem
583 4406 628 4462 vel
653 4404 871 4475 intelligentiam
895 4406 934 4462 lta
991 4409 1129 4466 monacho
1157 4421 1246 4479 quom
1274 4420 1341 4462 cum
1372 4418 1463 4461 uxore
1501 4404 1692 4460 concumbere
1712 4410 1837 4459 tantum.

87 4505 117 4549 se
131 4493 266 4551 omnihus
284 4494 442 4552 conformet
460 4503 488 4552 et
510 4503 596 4567 aptet,
617 4503 720 4553 utnon
735 4495 828 4552 solum
850 4494 934 4551 detri·
988 4498 1040 4555 llic
1052 4498 1130 4554 enim
1144 4496 1230 4553 habet
1254 4494 1380 4559 veniam,
1411 4493 1442 4548 in
1457 4492 1521 4548 aliis
1534 4500 1630 4549 autem
1651 4505 1839 4563 nequaquam

88 4588 185 4640 menta
200 4582 296 4655 gregis
310 4582 365 4640 sihi
376 4583 520 4641 commissi
536 4598 593 4641 non
616 4583 753 4654 patiatur,
780 4597 881 4641 verum
904 4582 933 4639 in
987 4583 1037 4640 sed
1049 4581 1148 4640 omnia
1165 4580 1316 4651 aequaliter
1327 4578 1541 4635 sicutmonaeht
1559 4592 1644 4650 agere
1657 4576 1755 4634 dehet.
1766 4577 1839 4633 llam

88 4672 324 4745 augmentatione
350 4672 415 4729 boni
432 4673 527 4745 gregis
551 4673 686 4744 gaudeat,
712 4685 856 4742 suamque
878 4671 934 4727 ira·
987 4680 1016 4730 et
1029 4670 1230 4736 beatitudines,
1247 4682 1346 4739 quaea
1368 4667 1482 4724 Christo
1505 4666 1646 4724 dicuntur
1670 4667 1781 4736 (Metti.
1810 4680 1840 4733 v,

89 4761 228 4835 gilitatem
242 4776 354 4833 semper
372 4769 522 4833 suspectus
550 4762 597 4830 sit,
620 4761 840 4832 memineritque
854 4759 934 4817 cala-
987 4761 1024 4832 3),
1038 4774 1097 4817 non
1112 4757 1261 4814 monacbis
1274 4764 1389 4813 tantum
1414 4755 1496 4813 dictae
1524 4763 1602 4812 sunt.
1620 4755 1758 4825 alioquin
1773 4756 1840 4810 uni·

88 4867 170 4911 mum
186 4861 355 4924 quassatum
382 4865 441 4909 non
462 4851 668 4909 conterendum
700 4848 776 4920 (lsai.
805 4864 872 4919 ιιιιι,
895 4850 933 4921 3).
988 4860 1090 4908 versus
1114 4847 1243 4904 mundus
1267 4845 1382 4918 peribit,
1400 4852 1427 4902 et
1451 4845 1481 4900 in
1496 4852 1653 4916 angustum
1674 4843 1786 4900 inclusit
1808 4858 1842 4897 eo

88 4940 240 4999 Discemat
259 4949 287 4999 et
301 4950 440 5015 tempora,
460 4942 589 5014 cogitans
617 4940 818 4998 discretionem
843 4939 934 4996 sancti
987 4953 1054 5011 qua
1079 4936 1195 4994 virtutis
1214 4943 1292 4993 sunt.
1323 4935 1359 4991 ιιι
1387 4934 1531 5005 quomodo
1560 4932 1745 4989 honorabiles
1766 4943 1836 4989 sum

88 5030 175 5088 Iacob
204 5029 347 5087 dicentis:
379 5031 435 5088 «si
459 5044 560 5103 greges
587 5043 664 5087 meos
689 5029 754 5100 plus
780 5029 811 5085 in
832 5028 935 5085 amhn·
987 5029 1107 5098 nuptiae,
1122 5041 1188 5098 quat
1214 5025 1428 5082 nobistantum
1452 5021 1632 5092 impediunt?
1660 5022 1703 5077 Ex
1732 5021 1842 5091 quihus

88 5119 175 5178 lando
206 5118 297 5175 iecero
323 5119 463 5188 laborare,
488 5117 649 5177 morientur
676 5117 773 5175 cuncti
808 5130 869 5174 una
890 5115 935 5174 die
988 5117 1107 5188 quidem
1121 5114 1218 5172 verbis
1233 5120 1330 5185 aperte
1343 5110 1497 5182 colligitur,
1515 5109 1592 5180 quod
1605 5110 1741 5180 quisquis
1750 5123 1834 5166 eran·

89 5208 167 5283 (deo.
193 5221 294 5276 xxxut,
324 5208 406 5280 ¹³)·”
433 5209 498 5265 llaec
518 5223 586 5282 ergo
617 5207 732 5279 aliaque
774 5206 935 5264 testimonia
988 5205 1088 5280 geticis
1113 5203 1260 5276 praeceptis
1288 5200 1472 5260 continentiae
1498 5199 1638 5255 virtutem
1686 5198 1842 5265 addiderit,

88 5298 268 5356 discretionis
281 5298 381 5353 matris
403 5297 547 5356 virtutum
576 5311 695 5356 sumens
723 5297 798 5369 (cap.
822 5297 867 5364 37,
888 5297 932 5364 38,
988 5291 1176 5351 monasticam
1203 5289 1405 5363 perlectionem
1422 5285 1560 5358 implebit.
1607 5286 1703 5356 Atque
1731 5287 1843 5343 utinam

18 5420 22 5427 =
89 5386 145 5458 39),
175 5386 217 5443 ιιι
240 5384 357 5442 omnino
394 5392 542 5455 temperet,
567 5393 598 5443 ut
633 5393 662 5443 et
687 5385 773 5444 tortos
796 5384 832 5442 sit
856 5384 935 5456 quod
988 5382 1025 5441 ad
1039 5382 1094 5440 hoc
1118 5388 1218 5438 nostra
1242 5379 1343 5451 religio
1365 5375 1556 5435 conscendere
1577 5382 1681 5447 posset,
1693 5382 1727 5435 ut
1751 5376 1847 5432 Evan-

88 5473 216 5548 cnpitnt,
232 5482 260 5533 et
281 5471 389 5532 indrmi
403 5487 461 5531 non
475 5474 630 5548 refugiant.
648 5474 690 5533 hd
715 5475 791 5533 hanc
817 5473 935 5546 quidem
990 5471 1100 5544 gelium
1127 5469 1269 5542 impleret,
1298 5481 1357 5526 non
1382 5464 1607 5533 transcenderet,
1627 5478 1664 5521 ne
1686 5463 1843 5536 plusquam
