3804 5962
52 197 124 253 arsa
606 187 761 248 ιιιιιιιι
778 185 1237 250 luuohodmcuulsrteum.
1730 178 1801 247 ιιιι

10 339 29 386 n
51 320 129 380 modi
143 318 284 392 potentias
306 333 365 379 uon
380 318 446 378 illas
467 318 625 388 naturales,
655 333 722 392 pue
748 324 815 376 actu
834 331 893 375 uon
908 316 934 370 A
949 315 995 385 sit,
1013 316 1066 374 etsi
1078 316 1156 374 euim
1178 321 1248 374 tuuc
1270 313 1444 372 amemoria
1458 311 1624 385 sejunctum
1638 313 1687 381 ait,
1699 318 1798 373 umen

10 428 28 476 a
51 410 170 477 adsunt,
194 408 241 468 ιιι
255 417 330 468 certe
352 410 376 467 si
400 411 505 467 adsunt
518 408 601 466 facile
615 407 735 466 mobiles
749 415 829 473 sunt,
846 408 896 464 sed
953 405 1024 462 dum
1036 406 1072 462 ad
1091 405 1262 463 memoriam
1278 403 1454 472 reducimus,
1482 416 1518 458 ax
1539 401 1717 460 conscientia
1738 416 1799 461 uou

52 499 223 571 potiusque
240 500 401 557 secundum
416 499 508 556 animi
536 498 757 570 applicationem
786 498 895 562 insunt,
954 494 1121 565 probamus.
1145 494 1261 552 llortale
1282 506 1351 551 reru
1376 492 1448 550 illud
1476 498 1637 562 peccatum,
1657 489 1736 565 quod
1752 503 1797 548 ιι-
1858 554 1861 564 ,

10 596 28 655 ἠ
53 595 87 647 ιι
106 587 159 644 iste
178 587 286 645 dicitnr
311 602 422 656 cursor,
451 602 511 645 non
537 588 614 659 qnod
634 588 714 645 illam
739 587 895 658 potentiam
954 583 1016 641 lum
1038 586 1074 641 ad
1095 592 1216 643 mortem
1238 582 1384 642 sulliaiens
1408 587 1460 650 est,
1482 588 1516 638 ιι
1538 587 1581 637 ιιι
1608 593 1693 638 omne
1723 578 1798 638 illud

10 698 27 745 n
53 678 227 735 naturaliter
248 677 363 744 haheat,
387 678 437 735 sed
463 677 534 749 quia
552 691 582 734 se
611 676 646 733 ad
676 677 730 734 huc
745 676 895 748 disposuit.
955 674 1032 747 quod
1054 682 1154 731 contra
1182 673 1386 731 conscientiam
1408 685 1445 728 cx
1476 669 1567 728 animi
1593 668 1800 727 deliberatione

10 777 26 847 tp
52 765 138 824 hiulti
160 780 288 839 namque
316 765 476 822 inlidelium
500 765 553 823 has
581 765 730 824 naturales
757 765 899 836 potentias
955 763 1422 836 perpetratur.Quantumcunque
1436 760 1538 833 igitur,
1554 765 1587 816 ut
1602 758 1800 831 aithugusti-

10 865 26 924 ι
53 855 170 924 ιιιιιι,
183 856 236 928 qui
248 860 345 913 tamen
359 854 521 912 virtutihus
534 863 643 925 carent,
660 858 769 927 quippe
778 856 815 913 ad
830 854 899 913 istas
953 867 1020 921 nus,
1036 852 1066 908 in
1081 867 1111 908 se
1129 853 1192 909 lere
1207 851 1242 908 sit
1257 856 1416 922 peccatum,
1429 848 1500 905 dnm
1515 847 1607 919 placet
1621 853 1699 903 etex
1714 845 1801 904 ludu·

10 968 25 1012 ι
52 960 112 1004 ιιι
125 960 163 1003 ex
178 946 329 1004 dilectione
351 944 546 1016 applicantur.
574 945 675 1003 Omnis
694 945 771 1002 euim
790 945 897 1014 virtus,
954 940 1026 1010 stria
1043 946 1233 1012 perpetratur,
1250 937 1371 996 mortale
1392 943 1443 995 est.
1459 936 1725 1007 Quantumcunque
1746 946 1799 992 an·

10 1048 28 1102 p
53 1041 87 1093 ut
101 1034 236 1104 diximus,
253 1034 299 1092 ιιι
318 1034 446 1090 ιιιιιιιι
471 1040 524 1102 ιιι,
549 1040 583 1091 ιι
609 1047 644 1091 ιι
668 1048 734 1106 quaa
761 1034 898 1092 voluntas
953 1037 1010 1088 tem
1025 1030 1062 1088 sit
1077 1043 1175 1102 grave,
1191 1030 1261 1087 dum
1276 1026 1427 1098 displiceat
1449 1033 1477 1083 ιι
1499 1040 1536 1082 ex
1552 1025 1643 1083 animi
1657 1024 1800 1082 delibera·

10 1147 25 1201 p
53 1131 105 1191 est,
121 1124 168 1181 ιιι
182 1138 218 1181 ex
233 1122 383 1191 charitate,
397 1129 430 1179 ut
445 1123 571 1193 potentia
601 1121 747 1196 talisque
772 1138 809 1181 ex
828 1124 897 1181 dile·
954 1121 1031 1178 tione
1060 1135 1118 1176 non
1145 1119 1205 1187 liat,
1229 1117 1343 1177 veniale
1366 1123 1417 1173 est.
1443 1115 1553 1172 llornm
1577 1113 1743 1172 mortalium
1757 1119 1802 1170 est

10 1238 23 1279 p
53 1213 146 1270 ctione
159 1219 211 1269 est.
236 1212 299 1269 Non
323 1212 403 1268 enim
423 1211 503 1268 lortis
529 1210 575 1270 rel
604 1213 719 1270 sobrius
739 1213 784 1270 ιιι
801 1213 900 1285 justus
954 1207 1033 1266 aliud
1046 1208 1209 1275 criminale,
1222 1207 1302 1264 aliud
1316 1220 1386 1262 uon.
1407 1203 1563 1262 Crimiuale
1577 1212 1619 1261 est
1635 1202 1708 1261 illud
1722 1201 1801 1274 quod

10 1328 23 1370 ι
52 1302 100 1359 ιιι
121 1301 240 1358 humilis
267 1300 312 1357 ιιι
338 1300 410 1368 {talis
436 1300 551 1368 dicitur,
578 1300 634 1357 nisi
663 1315 751 1373 quem
773 1301 900 1359 charitas
954 1297 1112 1355 notabilem
1135 1305 1163 1354 et
1177 1296 1315 1354 inlamem
1346 1294 1439 1353 reddit
1460 1307 1622 1366 personam.
1645 1289 1801 1351 Grimiuale

10 1418 23 1470 ll
54 1390 133 1458 lacit,
148 1390 193 1448 vel
212 1389 342 1446 sobrium
358 1390 404 1446 ιιι
414 1390 509 1447 talem.
953 1387 1088 1459 estquod
1103 1392 1145 1444 est
1160 1387 1343 1444 accusatione
1359 1384 1561 1458 dignissimum
1578 1390 1606 1439 et
1621 1387 1690 1439 sunt
1703 1381 1801 1439 maxi-

10 1509 22 1546 ,
90 1474 477 1551 visodevlrtntequids'tt,
498 1492 579 1536 nnnc
599 1479 672 1551 quid
694 1477 899 1552 villamquid
954 1491 1000 1534 ma
1028 1476 1191 1533 criminalia
1215 1477 1245 1532 iu
1279 1483 1379 1546 aperta
1406 1472 1615 1531 consuetudine
1632 1470 1801 1554 eilratrum

10 1598 21 1636 p
53 1569 91 1626 sit
105 1576 272 1640 peccatum,
289 1583 415 1641 quasque
435 1569 511 1625 inter
537 1582 571 1626 ea
598 1569 636 1625 sit
654 1567 826 1639 differentia,
857 1570 898 1627 vi·
955 1566 1148 1637 corruptione.
1178 1565 1269 1634 Unde,
1298 1564 1348 1636 qni
1372 1562 1442 1621 tales
1464 1568 1543 1630 sum,
1573 1561 1652 1633 qnod
1679 1560 1801 1619 crimina

10 1676 19 1728 ι
54 1658 185 1716 deamns.
208 1658 259 1714 Est
276 1658 365 1730 igitur
384 1657 489 1714 vitium
513 1657 661 1728 corruptio
685 1664 798 1715 naturae
823 1658 897 1728 talis,
916 1663 937 1717 Β
954 1655 1053 1726 aliquo
1068 1653 1206 1712 notabiles
1222 1661 1335 1725 sunt,a
1356 1652 1560 1710 communione
1584 1649 1727 1720 Ecclesiae,
1744 1649 1802 1707 nisi

12 1780 19 1816 ,
53 1761 119 1818 quse
134 1746 229 1804 reddit
238 1735 395 1804 hominem
423 1745 608 1817 impotentem
634 1745 765 1803 resistere
800 1747 899 1804 illicito
956 1745 1120 1815 resipiscere
1135 1743 1235 1812 velint,
1251 1746 1428 1800 resecantur.
1450 1742 1606 1799 Estaulem
1628 1740 1684 1798 tale
1706 1740 1800 1811 quod·

10 1868 15 1908 ,
53 1835 156 1904 motui,
172 1833 218 1892 ιιι
231 1834 374 1891 uolentem
394 1835 500 1905 cuique
514 1834 632 1892 reddere
646 1835 725 1907 quod
742 1850 830 1893 sunm
844 1843 898 1905 est,
955 1834 1035 1903 libet,
1051 1840 1083 1890 ut
1105 1832 1240 1900 ebrietas,
1256 1833 1407 1903 rapacitas,
1428 1838 1493 1899 ιιι,
1516 1830 1587 1906 dum
1610 1829 1640 1886 in
1663 1834 1802 1901 promptu
1883 1817 1886 1823 ’

11 1962 16 1997 ,
53 1924 128 1982 sicut
162 1923 354 1990 irascibilitas,
390 1923 521 1992 luxuria,
550 1923 630 1994 gula,
661 1932 715 1982 etc.
748 1927 899 1982 Peccatum
954 1932 982 1981 et
997 1923 1204 1980 consuetudine
1219 1921 1373 1978 hahentur.
1390 1920 1556 1978 Notandum
1581 1919 1671 1992 igitur
1685 1917 1802 1977 ridetur

10 2048 15 2087 ,
52 2025 122 2071 vero
135 2019 178 2069 est
192 2011 264 2069 velle
281 2013 377 2082 irasci,
394 2012 467 2070 velle
488 2012 645 2069 luxuriari.
662 2013 736 2070 lliuc
751 2013 842 2086 igitur
853 2014 899 2070 ia·
955 2011 1284 2084 quodpeccatumltdae,
1304 2008 1609 2076 etsimortalelnerit,
1631 2014 1802 2066 nontamen

10 2136 13 2175 ,
53 2101 213 2159 cilerideri
227 2107 319 2172 potest
340 2101 372 2158 in
388 2100 487 2158 multis
502 2116 563 2159 esse
583 2110 736 2173 peccatum
750 2103 813 2159 siue
827 2103 900 2160 vitio
955 2100 1106 2158 criminale
1127 2099 1191 2157 luit.
1214 2098 1287 2157 Cum
1312 2099 1389 2155 enim
1409 2106 1509 2156 contra
1533 2097 1739 2155 conscientiam
1754 2110 1804 2154 ιι·

53 2198 81 2248 et
94 2191 198 2248 vitium
209 2190 271 2248 siue
288 2200 413 2262 peccato,
434 2192 508 2248 sicut
534 2191 650 2263 aliquis,
676 2191 727 2263 qui
741 2191 823 2248 facile
838 2205 900 2249 mo·
954 2189 1041 2246 titum
1071 2196 1225 2260 appeteret,
1259 2187 1378 2245 sciebatr
1393 2187 1472 2244 euim
1501 2187 1555 2242 hoc
1583 2200 1645 2244 esse
1666 2184 1799 2254 vetitum,

10 2351 11 2354 Ἴ
54 2279 176 2337 ιιιιιιιι
191 2280 229 2336 ad
257 2279 449 2346 irascendum,
464 2280 517 2352 qni
533 2295 563 2337 se
590 2280 619 2337 in
635 2288 749 2338 tautum
774 2280 898 2348 cohibet,
955 2277 1075 2335 mortale
1087 2276 1151 2334 luit.
1180 2277 1253 2335 Cum
1282 2275 1421 2334 verohoc
1446 2290 1483 2333 ax
1509 2275 1720 2332 consuetudine
1741 2288 1802 2332 uon

54 2369 134 2441 quod
153 2369 185 2425 iu
205 2369 341 2425 ardorem
364 2370 448 2426 malta
470 2368 629 2427 voluntatis
654 2370 683 2426 in
699 2368 822 2427 alterum
840 2384 899 2427 nou
955 2367 1082 2434 haberet,
1099 2367 1156 2423 iuro
1170 2373 1312 2438 tauquam
1328 2365 1439 2423 inritus
1454 2366 1508 2422 hoc
1522 2372 1629 2436 ageret,
1646 2370 1756 2437 putans
1770 2377 1800 2422 ιι

31 2458 201 2528 irrumpit,
221 2457 266 2515 ιιι
286 2466 362 2515 certe
384 2459 533 2515 materiam
553 2458 752 2516 commovendi
773 2459 802 2514 iu
834 2458 901 2515 alte
955 2468 1006 2527 per
1040 2456 1239 2527 poenitentiam
1267 2454 1430 2512 satisfacere
1462 2467 1552 2525 posse,
1570 2461 1598 2511 ιι
1628 2452 1690 2511 idco
1716 2452 1803 2510 uxori

55 2561 122 2604 rum
134 2561 193 2603 uon
210 2546 305 2604 hahet.
324 2548 403 2604 ldem
417 2549 452 2604 de
468 2547 618 2605 luxurioso
642 2546 805 2618 coniectare
824 2546 899 2604 licet.
956 2559 1065 2604 morem
1079 2560 1177 2618 gerare
1200 2545 1302 2614 voluit,
1326 2544 1478 2601 criminale
1503 2558 1562 2600 non
1592 2543 1656 2600 fuit.
1686 2540 1803 2600 Constat

56 2634 139 2693 hlulti
157 2635 300 2706 siquidem
324 2644 403 2705 sunt,
430 2637 482 2707 qui
511 2651 578 2693 cnm
594 2635 677 2708 proni
692 2643 761 2692 suut
784 2637 821 2693 ad
836 2636 899 2706 hoc,
956 2637 1047 2707 igitur
1060 2634 1215 2691 nonnullos
1229 2634 1319 2690 multo
1331 2633 1451 2705 gravius
1461 2645 1591 2703 peccare,
1607 2644 1696 2703 quam
1710 2629 1803 2687 Adam

54 2724 234 2783 voluntatem
245 2732 342 2782 tamen
359 2725 503 2782 cohibent.
521 2725 601 2782 Unde
618 2732 645 2782 ιι
669 2725 786 2797 majoris
805 2725 901 2782 meriti
958 2723 1129 2796 peccaverit,
1156 2722 1205 2779 sed
1226 2723 1288 2779 ideo
1316 2721 1387 2778 illud
1420 2720 1547 2791 primum
1574 2725 1724 2790 peccatum
1743 2725 1804 2776 tam

55 2813 86 2869 iu
114 2819 229 2869 tautum
262 2826 322 2869 esse
347 2810 581 2883 deprehenditur,
611 2812 690 2883 quod
718 2811 840 2869 victores
869 2814 899 2870 in
956 2813 1084 2885 graviter
1098 2813 1174 2869 Deus
1188 2811 1291 2881 punire
1305 2809 1409 2876 voluit,
1426 2815 1459 2882 ut
1473 2808 1525 2865 sibl
1539 2803 1803 2877 peccatumdispli-
1874 2862 1878 2866 .

54 2902 134 2960 lucta
142 2900 319 2958 elliciuutur.
342 2900 415 2957 Sunt
429 2901 515 2973 etiam
528 2900 586 2963 alii,
602 2901 654 2972 qui
670 2915 737 2958 cum
752 2901 901 2959 materiam
921 2917 1020 2979 geere
1034 2901 1195 2959 ostenderet
1216 2907 1244 2957 et
1273 2907 1305 2956 nt
1330 2899 1480 2955 horrorem
1504 2895 1642 2968 peccandi
1667 2894 1804 2953 omnibus

55 2991 184 3049 exterius
197 2991 233 3047 ad
254 2990 310 3047 hoc
333 3005 391 3047 nou
406 2989 521 3057 hahent,
535 2990 588 3048 etsi
602 2991 637 3047 ad
654 2991 708 3049 hoc
730 2991 903 3049 naturaliter
957 2992 1076 3063 posteris
1092 2990 1245 3047 incuteret.

55 3079 139 3151 proni
162 3086 240 3148 sunl,
261 3093 319 3135 nou
347 3087 444 3136 tamen
463 3079 500 3135 ad
519 3080 573 3136 hoc
597 3087 762 3146 moventur,
778 3088 810 3138 ιι
834 3087 902 3137 ιιιι
1244 3075 1356 3135 CAPUT
1375 3073 1508 3131 XXXIV.

56 3166 140 3225 multi
160 3169 194 3224 de
215 3168 417 3226 claustralibus
438 3168 521 3237 viris,
538 3168 572 3225 de
593 3169 729 3226 solitariis
748 3177 776 3227 et
799 3169 900 3241 hujus·
1166 3170 1204 3223 De
1224 3167 1338 3234 meritis,
1358 3164 1407 3220 abi
1420 3165 1582 3219 consistant.

56 3257 145 3313 modi.
157 3256 203 3313 Sic
218 3271 336 3328 quoque
354 3257 385 3314 iu
404 3258 514 3314 caeteris
530 3257 612 3314 lacile
636 3264 679 3315 est
704 3257 899 3319 considerare.
990 3255 1059 3316 Viso
1078 3255 1113 3313 de
1128 3255 1286 3314 virtutibus
1304 3261 1332 3311 ιι
1368 3253 1456 3320 ιιιιιι,
1481 3252 1549 3309 data
1570 3250 1648 3308 euim
1669 3248 1802 3309 differen-

56 3345 147 3402 liutet
170 3353 319 3415 peccatum
344 3347 374 3403 in
400 3346 496 3418 aliquo
515 3346 576 3404 siue
593 3347 675 3416 vitio,
693 3354 725 3404 ut
747 3347 777 3403 lu
801 3348 901 3419 coqui
954 3345 994 3403 tia
1009 3345 1084 3402 iuter
1102 3351 1218 3416 peccata
1230 3351 1258 3400 et
1271 3342 1353 3410 vitia,
1370 3341 1445 3398 iuter
1467 3341 1530 3412 ipsa
1548 3354 1670 3412 quoque
1685 3344 1802 3412 peccata

56 3434 146 3505 hujus
170 3433 215 3491 rel
240 3433 318 3491 illius
340 3435 472 3505 potentiae
499 3448 558 3491 uon
589 3442 642 3501 est,
677 3434 777 3507 aliqua
804 3443 901 3493 tamen
954 3433 1117 3491 diversitate
1134 3439 1260 3498 ostensa,
1276 3429 1433 3487 demeritis
1448 3428 1498 3486 uhi
1514 3426 1803 3499 consistant,amodo

27 3563 31 3583 .
57 3522 163 3596 grandi
175 3536 263 3580 causa
274 3523 484 3581 interveniente
500 3524 536 3580 ad
559 3524 634 3580 iram
655 3523 701 3581 vel
721 3523 901 3582 iracundiam
953 3521 1132 3593 relinquitur
1150 3519 1317 3578 videndum.
1336 3517 1586 3586 Quemadmodum
1607 3516 1698 3590 igitur
1717 3530 1803 3575 omne

56 3617 261 3669 commoretur.
275 3611 320 3668 Sic
335 3613 425 3685 igitur
438 3612 509 3670 vitia
524 3613 554 3670 iu
577 3621 691 3670 natura
706 3615 900 3687 corruptione,
954 3616 1103 3682 peccatum
1119 3608 1223 3665 insola
1242 3607 1540 3674 voluntateconsistit,
1556 3607 1597 3663 sic
1615 3614 1642 3664 et
1654 3606 1802 3665 meritum.

57 3707 175 3772 peccata
198 3715 267 3758 vero
293 3702 323 3757 iu
346 3702 494 3760 voluntate
517 3701 681 3760 consistunt
706 3716 740 3759 ac
767 3717 819 3775 per
847 3703 901 3760 hoc
954 3699 1089 3758 hieritum
1104 3705 1200 3754 autern
1216 3695 1289 3752 nihil
1309 3695 1389 3752 aliud
1416 3702 1458 3751 est
1479 3708 1570 3766 quam
1583 3693 1613 3750 id
1635 3694 1713 3767 quod
1729 3695 1804 3752 hona

56 3790 312 3847 vitiaexmaxima
330 3798 411 3862 parte
442 3799 469 3847 et
498 3792 693 3862 complexione
720 3791 771 3850 tali
788 3793 830 3850 vel
851 3792 901 3850 tali
954 3788 1103 3846 voluntate
1116 3798 1272 3852 meremur,
1303 3784 1331 3841 id
1358 3783 1608 3850 estritauterna,
1624 3797 1714 3860 quam
1732 3783 1805 3856 quia

57 3878 165 3935 habent
193 3879 294 3935 inesse.
324 3879 403 3936 liude
430 3887 458 3935 et
490 3880 619 3936 carnalla
645 3888 797 3937 vocantur.
828 3880 902 3938 Sunt
954 3874 1285 3934 dirersisvoluntatihus
1295 3874 1363 3931 boui
1386 3886 1542 3942 meremur,
1555 3872 1715 3930 secundum
1728 3887 1804 3944 quus

56 3968 134 4025 enim
150 3968 292 4038 quaedam,
308 3982 375 4039 que
391 3975 504 4025 tantum
523 3969 627 4026 animae
645 3976 724 4033 sunt,
754 3977 786 4027 ut
802 3984 900 4040 super·
955 3967 1037 4025 stella
1050 3980 1066 4022 a
1081 3964 1163 4022 stella
1188 3962 1284 4021 diflert
1314 3964 1352 4021 ibi
1368 3964 1399 4021 in
1422 3964 1564 4033 claritate,
1597 3962 1659 4020 ideo
1687 3963 1804 4021 diversa

57 4056 116 4124 bia,
140 4056 260 4123 invidia,
287 4064 341 4113 etc.
365 4058 518 4114 Peccatum
545 4058 618 4115 nihil
640 4067 681 4116 ιιι
708 4057 787 4116 aliud
812 4073 901 4131 quam
954 4066 982 4116 et
1009 4058 1094 4128 plura
1120 4055 1221 4112 merita
1244 4054 1414 4110 vocitamus.
1434 4051 1546 4109 Dicitur
1561 4051 1647 4109 etiam
1667 4051 1804 4110 meritum

58 4146 121 4218 ipsa
134 4145 229 4216 culpa,
242 4159 317 4216 quae,
336 4154 368 4203 ut
378 4146 564 4214 ostendimus,
583 4147 613 4203 in
638 4147 737 4205 multis
753 4148 815 4204 siue
830 4147 900 4205 ritio
933 4200 941 4245 ,
958 4147 1019 4217 ipsa
1040 4146 1116 4203 bona
1138 4144 1339 4213 voluntasque
1352 4155 1510 4199 meremur.
1529 4139 1611 4208 Quod
1626 4148 1724 4198 autem
1743 4154 1804 4199 me·

58 4242 234 4307 potestesse.
250 4236 300 4292 Est
316 4242 412 4292 antem
434 4235 520 4306 culpa
534 4235 605 4293 nihil
631 4236 709 4293 aliud
732 4250 821 4309 quam
836 4251 902 4293 eou-
958 4238 1045 4293 ritum
1061 4234 1091 4290 in
1101 4233 1161 4290 sola
1175 4232 1325 4289 voluntate
1345 4231 1492 4299 consistat,
1507 4229 1692 4303 Augustinus
1705 4227 1806 4287 multis

59 4330 183 4394 templus
212 4322 363 4391 Creatoris,
391 4325 468 4396 quod
496 4333 548 4394 est,
589 4326 658 4381 dum
688 4325 733 4383 ιιι
766 4325 903 4382 volumus
958 4323 1051 4381 modis
1064 4330 1093 4380 ιι
1113 4320 1254 4392 exemplis
1278 4320 1403 4377 inductis
1431 4319 1542 4391 prohat,
1558 4327 1590 4376 ut
1605 4319 1640 4375 de
1655 4316 1805 4390 discipulis

58 4419 159 4468 contra
191 4412 394 4468 conscientiam
419 4413 498 4484 quod
522 4415 549 4471 ei
573 4413 723 4486 displicere
746 4414 853 4472 scimus
876 4421 904 4472 ιι
957 4412 1074 4471 loannis
1104 4411 1155 4484 qui
1177 4409 1350 4483 jejunabant
1375 4415 1403 4466 et
1432 4408 1583 4481 discipulis
1609 4406 1724 4465 Domini
1751 4405 1805 4479 qui

59 4499 97 4556 ah
110 4501 411 4571 eoesseprohibitum,
430 4502 476 4559 ιιι
499 4503 635 4561 nolumus
654 4504 733 4575 quod
753 4504 779 4561 ei
798 4505 904 4562 scimus
957 4501 1154 4568 comedebant,
1184 4498 1325 4571 aquibus
1340 4507 1437 4556 temen
1458 4498 1617 4571 justificata
1631 4504 1673 4555 est
1687 4495 1806 4568 saplen-

60 4588 172 4659 plaoere
197 4588 280 4661 etlah
308 4604 342 4646 eo
370 4605 431 4647 esse
458 4598 645 4662 praeceptum.
684 4592 765 4649 Unde
795 4606 848 4649 nec
874 4592 904 4648 in
958 4592 1008 4650 tia.
1037 4591 1118 4649 Unde
1142 4589 1301 4646 Dominus:
1338 4590 1430 4658 Venit,
1459 4587 1568 4659 iuquit,
1592 4589 1711 4643 loannes
1728 4584 1807 4656 ιιι-
1836 4621 1844 4648 ,

58 4678 159 4749 pneris
177 4692 229 4735 nec
249 4679 278 4735 iu
301 4680 473 4737 naturaliter
488 4679 594 4750 stultis,
620 4680 691 4752 qnia
714 4681 788 4737 nihil
804 4689 904 4739 contra
958 4696 1038 4749 eous,
1062 4686 1088 4735 ιι
1113 4681 1251 4736 diaulia:
1276 4680 1448 4735 Daemonium
1480 4678 1570 4734 behet.
1608 4678 1688 4733 Venit
1714 4677 1808 4731 ιιιιιι

58 4767 208 4824 scientiam
230 4776 332 4840 agunt,
348 4769 447 4840 aliqua
468 4768 554 4840 culpa
574 4783 635 4826 esse
663 4770 903 4840 deprehenditur.
958 4771 1046 4828 Filias
1070 4770 1184 4825 hominis
1212 4768 1381 4825 manducone
1408 4773 1435 4825 ιι
1446 4768 1549 4837 dibeas,
1573 4774 1598 4823 ιι
1622 4767 1715 4822 dicitis
1732 4763 1806 4835 pund

58 4855 225 4913 Notandum
236 4871 306 4914 vero
321 4865 363 4913 est
379 4857 456 4929 quod
467 4858 636 4915 translative
656 4859 718 4929 ipsa
733 4872 819 4929 poeua
838 4873 920 4936 pec·¹
958 4875 1045 4915 voras
1066 4863 1105 4914 est
1129 4862 1154 4913 ιι
1178 4862 1291 4929 potator
1320 4860 1379 4914 ιιιι
1407 4861 1432 4913 ιι
1458 4860 1562 4913 amicus
1584 4856 1805 4927 publicanorum.

59 4952 157 5001 catum
184 4946 300 5016 dicitnr,
331 4955 365 5005 ut
389 4962 456 5005 cnm
482 4947 607 5005 dicitur:
633 4950 708 5005 Deus
734 4948 851 5007 dimittit
878 4951 904 5008 ei
958 4947 1114 5020 iustificata
1138 4952 1179 5002 est
1202 4951 1291 5002 eutem
1318 4949 1457 5017 snpientia
1483 4962 1501 5002 a
1524 4946 1589 5016 filiis
1615 4946 1683 5000 suis.
1710 4942 1807 5002 lieri·

59 5041 221 5106 peccatum,
236 5035 319 5093 idest
337 5050 451 5107 poenam
467 5040 605 5093 aeternam
622 5037 743 5094 relaxat.
959 5038 1019 5094 dua
1039 5050 1166 5109 quoque,
1192 5050 1258 5107 ιιι
1283 5036 1342 5093 ιιι
1362 5037 1478 5092 minuta
1493 5035 1523 5091 in
1539 5030 1742 5106 gazophylacio
1756 5045 1808 5106 po·

96 5124 204 5181 Horum
223 5133 404 5195 peccatorum
424 5125 482 5182 alia
510 5134 579 5183 snut
594 5125 729 5194 venialia,
752 5126 810 5183 alia
826 5140 900 5184 mor·
959 5127 1027 5194 snit,
1052 5125 1092 5183 ait
1121 5126 1262 5182 hominus
1286 5123 1365 5196 quod
1393 5124 1459 5194 plus
1482 5137 1571 5194 quam
1594 5121 1700 5180 divites
1722 5122 1804 5181 ohln·

59 5211 140 5269 talia.
156 5212 275 5271 veniale
297 5214 414 5283 dicitur,
431 5213 509 5286 quod
525 5228 576 5285 per
591 5230 620 5273 se
638 5214 674 5271 ad
689 5215 904 5275 damnationem
959 5217 1032 5274 lerit.
1050 5215 1129 5271 Unde
1148 5215 1363 5286 hieronymus:
1381 5210 1445 5269 Non
1468 5219 1570 5285 pensat
1584 5213 1661 5269 heus
1676 5224 1806 5281 censum,

57 5315 117 5360 uon
133 5302 249 5370 suflicit,
273 5303 358 5374 qrrale
380 5310 423 5360 est
448 5318 532 5360 omne
562 5302 633 5361 illud
653 5305 741 5376 quod,
766 5304 835 5362 dum
860 5305 903 5376 lit,
958 5301 1164 5362 sedaiiectum.
1194 5301 1272 5358 Idem
1293 5314 1412 5373 quoque
1429 5282 1712 5374 delosiareged'icit
1727 5297 1807 5372 quod

57 5391 287 5449 memoriaenon
314 5393 440 5449 occurrit
466 5392 543 5464 quod
576 5394 633 5450 lieo
660 5392 817 5464 displiceat.
845 5394 903 5453 llec
958 5407 1024 5452 cum
1055 5392 1149 5450 exiret
1172 5391 1208 5448 ad
1235 5389 1426 5464 pugnandum
1451 5403 1502 5462 pro
1520 5388 1684 5463 populoI)
1739 5402 1807 5447 cum

57 5486 154 5538 tamen
184 5487 276 5554 potest
305 5478 360 5538 dici
390 5479 468 5553 quod
489 5488 589 5552 contra
608 5481 812 5542 conscientiam
842 5497 901 5543 uon
960 5482 1092 5550 inimicis,
1119 5495 1177 5539 nou
1194 5487 1309 5553 propter
1335 5480 1390 5538 hoc
1417 5479 1484 5552 plus
1509 5480 1616 5540 meruit
1632 5495 1692 5556 pua
1742 5481 1806 5558 prl-
