3804 5962
1618 18 1827 31 ἡ

749 198 871 261 8811Ηο
887 201 983 261 xviii.
1690 214 1742 274 500

79 338 134 385 rus
150 323 317 398 signaretur
343 326 549 398 apostolorum,
576 325 687 400 quibus
704 341 756 399 per
772 326 994 401 831-3333133
1007 328 1176 400 11333311
1196 340 1239 391 331
1258 333 1474 406 quinquaginta
1502 332 1563 390 dies
1581 332 1655 405 jussi
1674 341 1742 392 sunt

93 415 841 491 3333133331333333313331131331333,31133333
894 425 1083 488 mmmutare,
1095 429 1124 479 et
1149 429 1258 481 extunc
1272 421 1478 480 solemnitatem
1499 421 1675 481 Pentecostes
1696 435 1743 478 ce-

79 506 213 577 spatius
237 519 327 577 quam
341 505 451 564 timoris
471 504 693 579 imprimendam
707 508 842 567 cordibus
895 507 1017 578 lebrare,
1046 510 1165 581 quaudo
1205 510 1235 567 in
1262 510 1442 583 susceptione
1479 509 1551 582 legis
1576 510 1666 583 digito
1692 509 1743 568 1131

79 593 293 666 rpromiserat,
318 595 440 652 dicens:
469 594 581 665 1133313
598 597 709 651 Patrem
726 611 840 666 meam,
895 595 1018 668 scripto,
1039 607 1259 670 perceperunta
1281 600 1403 658 homino
1418 599 1536 671 potioris
1550 598 1659 657 donum
1675 614 1742 674 gra·

79 700 119 739 aa
140 683 314 739 Paracletum
328 684 406 738 dabit
426 683 514 754 cobis,
537 688 689 740 almaneal
702 684 841 740 nobiseum
895 685 952 743 tiae.
973 686 1063 758 Cujus
1077 688 1195 760 quidem
1222 690 1323 762 gratiae
1348 690 1570 762 prerogativam
1584 689 1658 747 nulli
1672 698 1744 748 tunc

79 789 177 830 3333313
196 773 369 844 (13333333,
396 775 447 842 ib)
466 773 502 830 m
523 786 666 830 rursum:
685 774 772 844 Apud
794 790 841 831 aas
896 774 945 832 alii
974 776 1081 848 populo
1115 790 1277 835 concessam
1316 778 1467 836 Psalmista
1496 778 1691 847 considerans,
1715 785 1744 836 et

79 862 281 934 1333331113
307 864 338 918 in
351 863 427 919 cobis
453 862 763 935 3311(1111.,11).1113
785 863 842 922 uti·
895 865 965 922 hinc
994 865 1120 924 maxime
1143 867 1281 938 populum
1297 867 1379 925 illum
1405 867 1441 925 ad
1463 867 1625 939 gratiarum
1654 867 1742 924 actio-

79 951 177 1009 uansio
191 952 361 1010 duodecima
385 951 639 1022 indecorumque
659 950 706 1010 lex
730 950 841 1021 datur,
895 968 963 1011 nem
984 954 1151 1024 exhortans,
1187 971 1254 1014 cum
1277 957 1484 1030 promisisset:
1506 957 1742 1027 1331313333-

79 1056 130 1100 um
156 1041 351 1114 praeeignabat
375 1054 474 1099 reram
499 1040 636 1112 apostolis
664 1039 758 1113 legem
781 1053 841 1097 cre·
897 1044 958 1112 1331,
1003 1046 1169 1108 Dominam
1209 1046 1293 1101 13313
1321 1048 1405 1102 Deum
1447 1050 1537 1116 tunm,
1564 1045 1632 1102 Sica
1655 1046 1741 1117 (Psal.

79 1145 132 1200 rm,
156 1138 185 1188 et
210 1130 241 1188 in
266 1131 385 1188 313333
405 1132 570 1200 transitum,
591 1130 641 1188 sed
663 1130 843 1189 mansionem
896 1146 1001 1197 33333,
1022 1133 1215 1202 1113331311
1237 1134 1742 1208 33331333131331,3313)33311,31-

79 1232 148 1277 um.
164 1218 292 1290 Populus
306 1219 404 1277 111331
428 1218 521 1292 legem
539 1219 620 1279 illam
634 1217 841 1293 imperfectam,
896 1233 954 1291 que
971 1220 1010 1276 ita
1030 1223 1265 1279 consummavit:
1284 1222 1337 1288 Qui
1361 1226 1511 1279 annuntiat
1525 1223 1639 1279 3331333
1662 1237 1743 1279 snum

101 1307 150 1364 die
167 1307 391 1379 suscipiendam,
413 1308 528 1368 duobus
541 1323 571 1367 33
594 1309 769 1383 preparavit
781 1308 841 1365 die·
894 1309 987 1378 Jacob,
1005 1309 1135 1378 justitiae
1149 1310 1295 1384 3131111313
1309 1327 1361 1367 sna
1384 1314 1481 1368 israel.
1497 1314 1557 1371 Non
1570 1313 1637 1381 feeit
1649 1312 1744 1367 taliter

83 1394 144 1453 ilos
167 1395 206 1452 ad
223 1410 394 1466 supremum
421 1396 545 1468 Spiritus
566 1399 658 1457 sancti
671 1400 840 1467 adrentum,
896 1401 971 1454 omna·
998 1401 1115 1469 3311331,
1129 1404 1156 1455 31
1173 1400 1283 1469 jndicio
1313 1417 1366 1458 sna
1402 1416 1457 1457 nan
1483 1403 1673 1470 manifestavit
1705 1403 1744 1455 eie

79 1482 134 1558 egis
154 1483 355 1554 perlectionem
384 1486 520 1557 apostolis
541 1487 649 1557 attulit,
673 1488 721 1545 his
741 1487 841 1545 saltem
896 1486 989 1559 (1111..
1017 1487 1071 1560 19).
1098 1488 1179 1545 lianc
1196 1497 1224 1548 31
1247 1490 1356 1550 Paulus
1379 1492 1502 1564 gratiam
1523 1491 1608 1564 longe
1634 1490 1744 1547 31313313

79 1586 108 1631 ne
128 1587 325 1645 praeparamus
346 1574 460 1645 diebus,
490 1583 522 1634 ut
537 1584 623 1634 tanta
639 1577 844 1651 3331333311-
861 1582 882 1637 Β
899 1577 1054 1648 3333133333
1077 1577 1178 1635 donis:
1194 1581 1276 1649 Quid,
1292 1580 1398 1653 inquit,
1427 1581 1544 1651 amplias
1572 1583 1613 1636 est
1638 1579 1743 1641 indeo,

94 1675 259 1720 3333333333
284 1676 354 1721 csse.
379 1664 446 1722 Post
467 1666 664 1723 ascensionem
691 1666 845 1738 apostolia
897 1670 1025 1736 331333
1051 1667 1159 1723 utilitas
1178 1666 1412 1725 circumcisionis?
1432 1669 1550 1727 11311333
1561 1683 1615 1740 per
1639 1681 1745 1723 omnem

79 1748 207 1808 30113311
230 1751 413 1824 lerosolymae
440 1755 558 1823 reversi,
573 1769 641 1812 eum
661 1754 691 1812 in
709 1769 842 1813 3333333-
896 1755 1016 1811 modam.
1031 1758 1153 1813 Primum
1179 1759 1290 1828 quidem
1313 1761 1379 1830 guia
1399 1758 1505 1815 eredita
1532 1762 1597 1832 eant
1618 1758 1677 1813 illis
1691 1757 1745 1814 elo·

79 1837 276 1908 meandisseul,
291 1841 472 1900 orationibus
487 1850 516 1900 31
532 1843 652 1915 jejuniis
668 1845 843 1914 promissum
897 1846 971 1911 qaia
986 1848 1036 1901 1131
1054 1847 1142 1919 (Pom.
1156 1862 1197 1915 m,
1227 1846 1262 1920 1).
1275 1848 1318 1905 Aa
1331 1849 1355 1905 si
1370 1854 1469 1921 aperte
1482 1848 1559 1907 dicat
1574 1864 1582 1906 3
1598 1848 1658 1905 lieo
1681 1859 1743 1903 am-

80 1942 118 1986 us
150 1927 434 1987 333311113331333
468 1939 648 1990 meruerunt.
672 1934 712 1990 lle
735 1932 844 2004 quibus
898 1932 975 2005 plius
992 1941 1021 1992 et
1039 1935 1095 1993 133
1114 1936 1252 2007 primum,
1273 1935 1358 1995 idest
1382 1937 1678 2004 maximnmdonum,
1692 1936 1744 1993 lu·

79 2023 119 2075 33
142 2016 262 2090 jejuniis
284 2026 347 2088 post
375 2020 571 2090 asmnsionem
599 2035 684 2079 suam
710 2021 841 2093 tuturis,
896 2022 997 2080 daicns
1010 2023 1136 2097 populus
1158 2038 1218 2096 pres
1232 2025 1508 2096 caterisaliiomino
1522 2025 1626 2084 babuit
1641 2068 1649 2096 ‚
1666 2025 1744 2097 quod

79 2121 134 2166 uns
161 2107 222 2178 ipse
246 2108 445 2179 predixerat:
476 2113 592 2168 Venient
607 2112 676 2181 dies,
692 2128 753 2168 anm
767 2114 843 2182 ante
896 2111 923 2169 ei
958 2111 1067 2171 eredita
1092 2121 1171 2185 aunt,
1195 2113 1226 2172 id
1250 2121 1292 2172 est
1315 2115 1468 2172 commissa
1493 2117 1597 2187 scripta
1633 2115 1742 2172 113133.

85 2197 120 2253 31
148 2198 187 2252 eie
201 2212 328 2268 3333333,
356 2199 842 2272 3113331313331331(11311133,
897 2199 978 2257 11313
997 2207 1025 2258 31
1039 2199 1113 2259 11333
1127 2201 1398 2273 333313133,133333
1431 2203 1605 2275 scriptorum
1618 2203 1744 2274 amplius

79 2288 131 2343 *ost
154 2287 253 2359 itaque
268 2287 329 2344 dics
340 2288 531 2359 jejuniorum,
555 2289 624 2346 istus
645 2289 707 2348 1133
719 2304 842 2363 sequen·
896 2292 1044 2350 scientiam
1059 2292 1191 2365 adeptus,
1218 2294 1255 2351 31
1281 2294 1357 2351 1333
1371 2294 1580 2353 solemnitatem
1607 2294 1744 2351 Penteco-

79 2382 122 2434 ost
142 2384 258 2434 octavas
277 2377 469 2448 recensionis,
497 2385 526 2436 et
539 2380 736 2451 'praecedentes
765 2380 842 2440 diem
896 2386 953 2437 stes
965 2380 1126 2450 plurimum
1141 2379 1291 2443 33131333.
1307 2394 1378 2437 cum
1401 2394 1515 2438 summo
1530 2393 1649 2452 quoque
1672 2379 1745 2451 peri·

79 2473 181 2536 333133,
201 2481 260 2525 333
287 2468 450 2541 incongrue
475 2470 647 2542 accepimus.
677 2472 843 2530 cumcuim
896 2469 962 2527 culo
993 2470 1062 2527 vita
1089 2484 1153 2527 eam
1180 2468 1364 2542 ierosolymis
1398 2470 1552 2528 iestinabat
1587 2469 1743 2537 celebrare,

79 2555 131 2613 itas
160 2558 343 2617 demissionis
369 2559 474 2618 habeat
498 2568 624 2632 namtas,
648 2569 742 2621 totum
769 2562 842 2621 illud
896 2557 1146 2616 sicutindctibus
1164 2559 1363 2629 apostulorum
1377 2560 1423 2617 bis
1443 2560 1609 2616 3331133133
1622 2558 1742 2616 verbis:

79 2659 108 2703 11
131 2654 197 2705 3313
230 2646 344 2707 dierum
371 2650 556 2708 decensionls
583 2660 626 2710 est
662 2653 840 2722 dicendum
895 2649 1062 2716 Navigantes
1088 2652 1212 2718 33333311
1238 2647 1283 2703 113
1305 2651 1429 2703 cemimus
1452 2654 1547 2703 eontra
1578 2647 1692 2715 chium,
1718 2650 1745 2701 et

89 2748 218 2808 3333333
236 2738 267 2795 13
291 2738 377 2797 313133
390 2740 558 2810 ascendens,
591 2742 743 2801 obtutibus
767 2756 839 2814 apc-
895 2736 953 2791 alia
981 2735 1230 2806 disapplieaimue
1256 2738 1380 2804 Samum,
1405 2737 1579 2802 1111111311
1604 2736 1744 2791 1111111111·

79 2838 132 2882 um
150 2840 201 2897 per
223 2830 404 2899 presentiam
419 2831 709 2902 carnislsubtraotus
734 2832 843 2891 1131133
859 2822 956 2881 01333
1005 2827 1129 2882 liliatum
1155 2825 1229 2897 (Aet.
1266 2839 1318 2890 Π,
1355 2826 1409 2896 ¹⁵)-
1443 2828 1635 2896 Proposuerat
1667 2822 1745 2880 essim

79 2912 180 2972 111113.
204 2916 384 2975 lindenuna
403 2920 462 2977 133
485 2927 640 2992 praesentes
662 2921 722 2979 1133
745 2936 844 2981 monn
897 2916 1006 2975 Paulus
1057 2917 1279 2989 transnavigare
1315 2915 1473 2986 Ephesum,
1521 2928 1616 2988 neque
1661 2927 1744 2971 mora

87 3002 271 3064 llominieam
285 2998 457 3066 senlemiam
478 3010 597 3081 jejuniis
622 3010 782 3082 deputandi
796 3013 841 3070 vi.
897 3005 938 3062 ilii
964 3004 1045 3063 lieret
1071 3005 1102 3062 in
1130 3005 1206 3061 lisia.
1239 3003 1405 3062 Festiuabat
1431 3004 1520 3075 euim,
1557 3005 1580 3060 si
1608 3002 1743 3075 possibile

79 3090 339 3165 303333313313
360 3095 841 3171 jeiunianoupoeuitentiasunt,
897 3094 951 3153 sibi
978 3102 1063 3163 esset,
1104 3101 1138 3151 ut
1165 3093 1240 3151 diem
1270 3095 1448 3151 Pentecosten
1486 3093 1591 3151 1333331
1627 3093 1743 3150 133333-

82 3181 210 3251 33333113
234 3196 403 3256 purgemur,
424 3185 473 3243 331
492 3193 526 3243 31
554 3187 705 3245 desideriis
729 3191 843 3248 3333331
896 3184 991 3257 lymie.
1031 3186 1057 3242 A
1104 3183 1200 3242 llileto
1255 3192 1353 3242 autern
1392 3183 1538 3241 mittentes
1576 3183 1742 3254 Ephesum,

79 3270 239 3343 cauendum
271 3287 418 3345 sponsum,
455 3281 535 3333 13313
567 3277 693 3350 amplius
718 3277 843 3350 Spiritus
895 3275 1011 3333 occavit
1037 3274 1162 3346 majores
1190 3281 1262 3331 3313
1296 3272 1437 3332 Ecclesia.
1467 3272 1521 3342 Qui
1549 3286 1617 3331 eum
1644 3270 1745 3328 33313-

79 3356 86 3415 1
113 3372 279 3420 3333333333
304 3363 484 3434 descensum,
506 3373 617 3437 quanto
635 3366 784 3426 ardentius
805 3370 843 3427 31
896 3371 960 3422 3331
987 3363 1024 3420 31
1057 3376 1136 3433 eum,
1168 3369 1196 3419 et
1243 3361 1329 3419 simul
1356 3369 1460 3432 essent,
1494 3361 1568 3419 dixit
1595 3360 1658 3420 eis:
1690 3360 1743 3417 Poe

79 3490 91 3521 ,
118 3451 265 3522 33333313
294 3452 451 3526 Christum,
480 3454 651 3514 anhelamus
678 3470 841 3516 33333333.
896 3455 1004 3509 3311133
1020 3452 1182 3524 primadie,
1206 3453 1530 3523 paningreeeuseamin
1546 3452 1655 3520 131333,
1671 3465 1745 3520 333-

108 3546 138 3597 et
157 3540 275 3612 ipsemet
289 3541 352 3600 ait:
375 3545 437 3601 Nisi
460 3559 524 3614 ergo
554 3544 655 3613 abiero,
684 3546 843 3602 Paracletus
897 3544 961 3598 liter
992 3542 1130 3598 3311333333
1157 3556 1212 3613 333
1233 3557 1311 3597 omne
1339 3548 1444 3613 1333333
1476 3543 1589 3610 mamm,
1626 3542 1745 3597 33331333

79 3629 168 3683 mist
189 3630 281 3698 (loon.
309 3644 371 3701 xri,
397 3633 436 3703 7).
467 3631 549 3700 Quod
574 3636 617 3690 est
639 3631 753 3691 dicere:
781 3635 842 3693 Nisi
896 3634 1091 3688 Dominarum
1119 3631 1377 3700 omnibamilitote,
1400 3632 1586 3701 3113313313,
1609 3633 1744 3686 etanta

79 3718 110 3776 ib
121 3732 274 3791 recessero,
297 3722 432 3795 superius
454 3723 842 3796 ascendendo,nequaquam
897 3721 1026 3791 11331133,
1051 3736 1111 3791 333
1123 3720 1194 3775 milli
1216 3720 1374 3776 acciderant
1391 3736 1426 3776 ea
1442 3721 1554 3776 lnstdiie
1567 3719 1743 3776 lanearum:

79 3820 132 3865 voa
156 3809 304 3869 desideriis
328 3815 492 3885 3333313333,
523 3814 632 3885 qulbus
661 3813 842 3873 advenientis
897 3809 1029 3882 quomodo
1040 3809 1113 3865 nibil
1126 3808 1310 3864 subtrarerim
1324 3811 1445 3877 utilium,
1470 3814 1614 3879 quominus
1641 3825 1747 3865 annan-

79 3910 120 3954 333
141 3902 363 3968 promereamini
378 3905 512 3976 gratiam.
542 3905 622 3961 ilaue
637 3903 696 3975 ipse
721 3902 843 3975 Spiritus
896 3903 995 3959 tlarem
1020 3898 1107 3967 33113,
1133 3897 1297 3953 3113333333
1319 3899 1541 3970 respublicae
1565 3914 1617 3970 per
1641 3899 1745 3967 133333,

79 3998 120 4044 333
146 4000 199 4045 333
216 3990 256 4047 ite
279 3992 365 4050 iaciat
383 3993 550 4066 provenire,
573 4000 606 4050 ut
634 3993 731 4066 ipsum
758 3993 795 4050 31
809 4006 843 4052 eo
898 3991 1046 4059 1331113333
1057 3986 1161 4042 Jadaie
1178 3989 1204 4041 el
1222 3985 1370 4055 gentilibus
1390 3988 1419 4042 in
1447 3990 1532 4042 iteam
1545 3987 1746 4058 pontecellum,

79 4086 162 4133 imur
172 4079 329 4152 percipere.
347 4082 449 4139 Amen.
897 4078 1026 4151 31311333
1049 4079 1079 4132 ln
1107 4078 1253 4132 Dominum
1279 4079 1403 4132 nostram
1429 4079 1519 4132 lesam
1548 4076 1695 4132 Christum.
1711 4078 1747 4132 Et

295 4170 411 4229 salitio
447 4170 552 4230 xviii.
859 4185 970 4265 Ι,333133
995 4183 1053 4226 eece
1077 4167 1209 4237 3111331313
1233 4181 1281 4235 333
1306 4167 1409 4238 spiritu
1429 4165 1500 4222 3313
1526 4169 1557 4220 ln
1584 4165 1745 4235 Jerusalem,

276 4276 304 4319 in
317 4276 364 4318 om
378 4274 579 4318 rnnmcosrns.
900 4278 960 4334 qna
977 4262 1007 4316 in
1020 4275 1054 4316 ea
1065 4259 1136 4315 mibi
1148 4257 1265 4314 emtam
1276 4259 1340 4312 eunt
1348 4256 1491 4325 ignorans,
1511 4257 1567 4312 nisi
1588 4254 1661 4327 3331
1680 4254 1746 4326 Spi-

79 4368 103 4413 re
125 4359 195 4412 sunt
208 4350 400 4409 solemnitates
423 4350 578 4408 [lominica
591 4358 651 4409 tam
677 4351 846 4409 anctoritate
899 4350 971 4403 ritae
995 4348 1106 4400 nanctae
1128 4358 1212 4415 saper
1224 4360 1314 4402 omnes
1335 4347 1458 4401 civitatee
1485 4348 1657 4417 protestatur
1677 4347 1747 4401 mili

79 4454 153 4510 arae,
180 4454 270 4513 quam
287 4440 411 4497 utilitate
437 4437 600 4511 precipua.
622 4439 673 4496 Hae
690 4452 759 4496 vero
777 4446 846 4497 eunt
901 4437 1003 4506 dicens,
1024 4439 1155 4508 quoniam
1173 4437 1299 4507 uincula„
1313 4441 1339 4492 31
1359 4436 1551 4493 tribulationes
1561 4451 1603 4492 me
1624 4439 1745 4491 manent.

79 4543 107 4589 ta
118 4537 148 4588 et
172 4530 346 4597 Pentecoste,
375 4542 442 4599 qum
456 4535 516 4584 tam
538 4527 569 4584 iu
587 4526 683 4587 Veteri
709 4542 800 4600 quam
815 4528 845 4586 in
899 4528 954 4585 Sed
970 4528 1043 4584 nibil
1065 4529 1161 4584 133333
1174 4543 1278 4596 uereor,
1293 4543 1341 4583 nec
1359 4529 1434 4596 focio
1448 4528 1569 4583 animem
1582 4541 1670 4581 3333313
1681 4542 1746 4597 pre-

100 4616 220 4673 3333113
247 4622 316 4673 3331
349 4614 538 4672 Testamenta.
568 4614 629 4672 Etsi
664 4616 741 4673 euim
766 4615 847 4687 prior
899 4620 1036 4674 ticeiorem
1060 4634 1143 4689 paam
1177 4633 1220 4672 me
1244 4616 1391 4673 dammodo
1422 4630 1601 4673 consummem
1636 4630 1748 4672 curram

79 4706 127 4767 lue
146 4705 296 4764 Abraham
309 4706 404 4779 magis
420 4704 558 4762 umbram
571 4718 670 4763 rerum
695 4719 786 4778 quam
800 4720 846 4763 vc·
899 4723 997 4777 meum,
1026 4714 1053 4764 31
1078 4709 1262 4764 ministeriam
1286 4707 1745 4779 33313333313113331331333,

79 4808 113 4853 m
143 4794 273 4862 1313331,
300 4806 353 4849 333
367 4791 476 4849 Pascha
498 4798 607 4863 tamen,
626 4806 680 4850 nec
708 4791 845 4851 Penteco-
899 4800 1044 4870 testitiearl
1069 4798 1250 4867 evangelium
1268 4796 1424 4866 11313111,
1452 4795 1505 4868 18).
1521 4794 1696 4853 Multastam
1716 4793 1747 4851 in

86 4882 218 4956 mysticis
236 4882 299 4954 ejus
320 4881 423 4954 dguris
448 4881 573 4938 doluisse
600 4889 711 4939 certum
723 4889 784 4940 est.
801 4881 846 4940 llli
899 4885 1021 4957 antiquo
1048 4898 1137 4957 qnam
1157 4885 1187 4941 13
1209 4898 1285 4941 3333
1305 4881 1413 4956 333313
1426 4880 1618 4939 solemnitates
1631 4879 1748 4938 institu-

79 4986 116 5039 ta,
142 4980 176 5030 ut
194 4971 378 5029 deservitute
401 4970 595 5028 liberarentur
616 4970 761 5042 AEgyptia,
782 4970 846 5042 pri·
899 4980 943 5029 tae
971 4970 1104 5042 legimus,
1119 4983 1224 5029 verum
1249 4967 1286 5026 ad
1312 4966 1425 5025 nullam
1449 4979 1551 5024 earnm
1565 4963 1750 5038 lerosolymis

107 5060 218 5120 Pascha
232 5061 263 5117 13
286 5060 410 5133 AEgyptc
435 5060 654 5119 celebraverunt
669 5102 676 5128 ‚
693 5073 771 5117 assas
785 5060 846 5134 igni
899 5060 1112 5127 celebrandam,
1129 5059 1176 5117 rel
1187 5058 1267 5115 huuc
1278 5054 1511 5129 apostolum„rel
1525 5063 1652 5123 33313333,
1671 5062 1748 5127 post-

79 5164 99 5208 3
127 5162 195 5207 eum
219 5148 339 5207 lactucis
354 5148 517 5221 agrestibus
544 5147 750 5205 immolantes.
776 5149 847 5206 lude
900 5151 1048 5224 quemad
1071 5156 1170 5222 gentes
1188 5148 1376 5217 transierunt,
1399 5148 1455 5206 nisi
1466 5148 1503 5206 ad
1516 5146 1612 5216 istam,
1633 5154 1666 5204 ut
1679 5145 1750 5204 dici·

79 5238 223 5312 333331333
245 5237 300 5309 113,
334 5239 364 5297 13
391 5244 489 5297 monte
508 5236 587 5295 Sinai
608 5236 672 5309 lege
695 5245 845 5310 suscepta,
900 5253 976 5309 mus,
989 5238 1095 5296 redisse
1117 5237 1262 5296 norimus.
1278 5237 1365 5296 Venit
1390 5238 1490 5310 itaque
1505 5235 1622 5308 Paulus]
1637 5234 1749 5292 leroso-

81 5327 268 5401 pcstmodum
287 5335 424 5400 perpetuo
444 5326 519 5383 diem
554 5326 744 5395 Pentecostes,
757 5326 786 5384 id
804 5335 846 5386 est
900 5329 1007 5400 lymam
1036 5342 1105 5385 cum
1134 5340 1259 5396 summo,
1287 5334 1321 5384 ut
1352 5325 1463 5384 dictum
1479 5322 1750 5398 3333131331-

79 5417 249 5492 puagesima
264 5418 387 5492 singulis
401 5415 487 5476 annis
499 5430 537 5474 ex
560 5414 708 5473 Dominico
721 5416 847 5476 celebra·
899 5418 987 5488 mine,
1007 5417 1145 5490 prescius
1158 5430 1261 5476 eorum
1275 5430 1342 5490 qua
1354 5414 1395 5474 ibi
1414 5421 1569 5487 peteretur.
1591 5410 1688 5480 Venit,
1703 5411 1748 5468 ln-

79 5514 105 5565 rt
118 5515 271 5580 praeapte.
299 5507 449 5566 APaseha
481 5502 587 5577 qnippe
601 5508 710 5574 3331333
735 5504 846 5564 13113-
899 5520 1000 5579 quani,
1028 5505 1227 5566 celebraturus
1250 5506 1446 5576 Pentecosten,
1474 5509 1606 5561 333133
1621 5506 1747 5560 veterem
