3804 5962
138 175 212 232 tart
729 169 837 226 uersi.
859 167 1002 226 cunina
1020 165 1312 224 cnnmustuusss

79 363 116 385 ἣ
138 312 211 359 rare
220 309 402 355 moneamur.
416 294 548 354 Christus
572 294 683 367 quippe
699 293 796 352 Graeca
810 307 826 352 a
842 293 983 352 chrisma·
998 292 1023 349 Α
1038 306 1163 363 ιιιοιιιιιι,
1180 294 1211 351 in
1233 293 1433 351 exhortatione
1454 296 1563 354 nostra,
1584 289 1620 348 ad
1642 290 1746 347 fratres

79 381 116 403 ⁸
138 396 177 455 te,
195 388 280 444 idest
299 389 427 441 unctione
451 384 555 452 dictus,
580 384 679 441 Latine
703 390 800 441 unctus
822 384 989 455 interpreta-
1046 384 1200 442 monachos
1215 392 1327 441 nostros
1350 382 1418 439 satis
1441 381 1566 438 arhirror
1585 380 1698 437 anobis
1716 393 1761 452 ess

139 487 198 545 tur,
223 477 300 547 quod
328 476 466 531 Hebraico
493 478 604 530 Messius
632 483 723 530 siinat.
758 475 863 544 inungi
892 481 989 530 autern
1044 476 1141 531 sitnm.
1160 476 1252 539 Onam
1272 475 1388 545 quidem
1413 472 1641 528 exhortationem
1657 470 1762 540 quisqu

139 576 198 624 tarn
222 580 302 633 reges
325 579 412 635 quarn
437 565 597 620 sacerdotes
620 565 759 630 solebant,
785 564 909 633 ideoque
935 577 989 618 nc·
1044 566 1091 630 rit,
1122 565 1229 619 videbit
1272 564 1451 632 atilios-optio
1477 576 1534 616 urin
1562 569 1618 614 tarn
1649 559 1762 614 nomine

139 654 378 712 mineunctronis
401 663 459 709 tant
482 653 608 722 resipse
629 666 718 723 quam
742 652 874 708 sacerdos
898 663 989 707 osten·
1044 654 1138 722 reipsa
1169 653 1338 710 Christianis
1372 653 1496 708 maxime
1533 653 1661 704 sociatos.
1688 648 1762 716 Ncqt

138 746 235 803 ditur:
254 745 311 800 lies
327 744 443 813 quidem
469 756 518 811 per
535 751 700 810 potestatem
726 754 785 812 qua
806 756 873 796 suos
887 755 988 797 eruere
1044 751 1189 813 gratiatur
1214 743 1416 813 philosophice
1440 739 1602 795 rationibus
1626 744 1736 793 armata

138 834 311 905 apericulis
330 847 363 888 ac
392 839 540 903 protegere
560 839 670 900 potest;
696 826 829 886 sacerdos
848 845 897 898 per
924 846 987 901 pro·
1043 832 1104 888 lirae
1121 832 1331 901 praeliationis
1351 833 1423 901 jugo
1444 830 1516 885 colla
1540 839 1596 883 tarn
1624 828 1678 882 rito
1701 824 1762 880 solu

138 925 193 994 prii
214 924 341 991 corporis
369 921 601 986 immolationem,
628 934 686 989 qim
711 935 783 989 quos
800 918 987 974 eruitadia·
1043 921 1098 976 nisi
1145 932 1230 977 antea
1268 921 1382 987 scriptis
1410 920 1466 989 phil
1489 918 1657 987 sophorum,
1691 914 1762 971 sicul

138 1014 212 1071 hollo.
235 1012 399 1068 reconciliat
429 1011 492 1064 lieo
520 1011 543 1064 h
568 1008 679 1064 Christo
709 1014 805 1078 itaque
832 1007 987 1066 Christiani
1043 1012 1259 1080 prophetarum,
1281 1011 1465 1066 adhocesset
1483 1015 1651 1078 praeparata.

137 1103 220 1174 quasi
249 1101 387 1156 allessia
406 1098 721 1162 Messianitmdfrimur,
751 1098 777 1152 id
807 1108 887 1153 esta
915 1099 988 1164 flego
1077 1101 1110 1155 Α.
1130 1101 1160 1155 Β.
1178 1100 1306 1156 Verbum
1324 1114 1441 1169 quoque
1468 1099 1526 1163 Dei,
1547 1097 1623 1167 quod
1646 1091 1762 1150 Gracia

137 1192 185 1247 illo
215 1206 328 1247 summo
352 1191 411 1245 sire
436 1189 597 1253 Sauenlote,
626 1189 708 1258 quasi
740 1203 828 1257 neges,
855 1189 915 1241 sire
938 1202 987 1240 sa·
1042 1199 1117 1253 cant,
1144 1189 1235 1244 solunt
1260 1187 1404 1245 Chritmu
1436 1189 1568 1242 dicimus.
1600 1184 1681 1241 ilnde
1706 1183 1762 1251 Aru

136 1281 274 1337 cerdotes.
290 1279 369 1344 Quod
391 1279 491 1335 heatus
508 1292 670 1348 exprimens
693 1279 802 1340 Petrus,
827 1279 918 1346 repclc
936 1290 987 1333 nos
1042 1278 1069 1332 in
1092 1279 1160 1332 libro
1185 1281 1369 1342 Quaestionum
1389 1278 1432 1331 83,
1450 1291 1513 1346 cap.
1533 1276 1587 1330 it:
1611 1274 1645 1327 fn
1672 1271 1762 1341 princi

83 1422 93 1435 a,
136 1370 319 1427 sacerdotium
347 1367 530 1437 appellarit
555 1370 626 1422 Patr.
655 1367 697 1436 ιι),
727 1366 827 1435 quales
851 1380 911 1423 esse
936 1366 985 1420 de·
1044 1366 1311 1438 Vei-humlloon.r),
1337 1366 1442 1437 inquit,
1466 1364 1543 1435 quod
1565 1363 1660 1419 uraca
1683 1359 1756 1431 λόγος

80 1438 94 1535 ⁸,
137 1458 208 1516 bea.
224 1474 258 1514 us
280 1471 518 1522 commemorans,
540 1463 645 1512 nostrae
663 1454 794 1511 videlicet
808 1455 985 1510 carnalitatis
1041 1457 1114 1512 ilinc
1140 1465 1166 1511 et
1188 1458 1273 1527 juxta
1298 1456 1421 1511 nominis
1450 1451 1684 1524 ethymologiam,
1715 1448 1762 1519 qui

83 1542 87 1547 ’
135 1548 408 1616 imperusregendo,
420 1554 447 1601 et
460 1544 983 1614 rnarlatisiarnalifiusconcupicen-
1043 1545 1110 1601 huic
1130 1558 1196 1600 vero
1211 1559 1245 1600 ac
1266 1544 1388 1615 perfecto
1404 1542 1497 1599 Verho
1521 1553 1569 1610 per
1584 1537 1745 1594 doctrinam

81 1690 87 1695 .
139 1639 186 1695 tiis
202 1652 252 1693 uos
269 1637 344 1705 ipsos
361 1636 417 1690 noo
438 1635 523 1705 quasi
542 1634 714 1691 sacrificinm
736 1633 889 1689 inherendo.
914 1634 983 1690 Gra·
1040 1648 1098 1693 rm
1115 1636 1268 1700 coherent,
1293 1647 1360 1690 rere
1382 1633 1464 1704 logici
1494 1639 1573 1692 sunl,
1599 1637 1625 1685 et
1653 1627 1760 1698 philosn

79 1710 89 1783 ’Ῐ
134 1728 176 1784 tia
192 1726 398 1796 igiirrrchristi
418 1726 446 1779 in
464 1724 545 1779 nobis
571 1724 696 1785 hlarau.
717 1724 803 1795 iuxta
826 1723 893 1780 illrul
911 1729 983 1793 Apo·
1038 1724 1119 1781 cendi
1135 1735 1223 1788 sunt:
1252 1724 1392 1794 nullaque
1415 1721 1566 1791 disciplina
1592 1719 1690 1776 verius
1714 1715 1761 1789 lug

79 1795 85 1815 ’
135 1815 218 1872 stoli:
236 1814 305 1880 Qoto
323 1815 443 1868 chorites
468 1815 514 1868 liri
542 1812 645 1881 diffusa
666 1819 705 1868 est
732 1817 762 1868 in
784 1814 910 1868 cordibus
935 1829 981 1868 nc·
1038 1814 1121 1870 debet
1136 1828 1224 1884 quam
1238 1813 1405 1870 Christiana
1417 1811 1558 1867 doctrina.

79 1958 83 1981 ζ
134 1906 201 1961 stris
213 1921 261 1973 per
272 1903 406 1973 Spiritum
422 1907 546 1957 sonetum
565 1904 614 1971 qui
635 1902 716 1957 dutus
733 1908 772 1957 est
793 1904 869 1957 nolis
894 1902 981 1973 (hom.
1076 1905 1103 1958 Ρ.
1123 1904 1156 1958 Ει
1180 1902 1203 1958 si
1230 1902 1284 1957 huc
1309 1900 1427 1972 quidem
1453 1898 1535 1955 modo
1563 1894 1702 1952 sermonis
1730 1906 1762 1949 tls

79 2049 81 2054 ,
134 1991 429 2062 v).Nomenquoqne
453 1989 567 2045 dilatari
587 1990 788 2055 conveniebat,
808 1990 881 2046 sicut
896 1992 982 2046 etiam
1038 1991 1151 2060 habeat,
1181 1998 1213 2047 ut
1249 1990 1381 2046 videlidet
1421 1995 1473 2044 aut
1506 1986 1683 2042 Christianos
1714 1996 1762 2038 nui

79 2078 81 2083 ’
136 2079 291 2137 incontico
322 2081 489 2133 canticorum
518 2078 640 2134 dicitur:
673 2081 844 2148 Unguentum
866 2079 984 2149 effusum
1036 2080 1146 2137 cialiter
1182 2078 1364 2135 nominemus
1401 2075 1595 2146 philosophos,
1635 2079 1686 2128 aut
1721 2083 1762 2126 cot

137 2167 425 2224 nomentuumlcout.
455 2166 488 2237 ι).
504 2169 542 2222 Ao
557 2167 579 2223 si
605 2166 728 2222 diceret:
756 2166 866 2223 Nomen
894 2175 981 2223 tuum
1036 2169 1149 2225 Christo
1177 2167 1336 2234 scientiam,
1357 2172 1408 2221 aut
1432 2178 1450 2221 a
1476 2164 1588 2220 Christo
1613 2161 1747 2218 traditam

134 2256 375 2325 oChriste,quod
402 2263 596 2326 unguentum,
623 2255 651 2311 id
680 2263 722 2311 est
747 2255 913 2313 unctionem
938 2270 983 2312 so·
1036 2272 1103 2314 nam
1141 2257 1319 2328 appellemus
1354 2254 1488 2327 logicam,
1520 2251 1688 2324 profitemur
1723 2255 1762 2305 tat

133 2353 195 2413 nat,
210 2354 252 2401 est
274 2343 409 2411 effosum,
438 2344 464 2400 rd
488 2351 531 2400 cst
554 2344 718 2414 dilatatum,
738 2353 826 2416 atque
847 2347 876 2401 in
906 2345 980 2401 mul·
1035 2362 1102 2418 quae
1116 2346 1188 2402 dicis
1211 2345 1363 2401 nominum
1384 2341 1595 2413 ethymologias
1618 2337 1746 2396 maxime

133 2443 176 2492 tos
204 2435 373 2501 dirivatum,
403 2432 454 2504 qui
489 2432 555 2489 inde
588 2434 694 2490 scilicet
726 2433 883 2491 Christiani
913 2434 981 2491 dicti
1036 2437 1098 2492 tire.

131 2531 208 2582 sunt.
1071 2526 1103 2581 h.
1122 2525 1153 2580 B.
1184 2525 1244 2579 imo
1263 2521 1349 2578 eliam
1373 2535 1419 2577 res
1446 2519 1521 2590 ipsas
1549 2515 1709 2589 plurimum
1737 2520 1762 2571 at

167 2616 200 2670 h.
219 2615 247 2668 B.
264 2613 326 2677 Sed,
341 2619 368 2666 et
387 2612 473 2680 Juxta
498 2610 675 2679 Apostolum,
698 2627 766 2668 eum
789 2613 826 2669 sit
850 2611 980 2670 christus
1034 2612 1180 2681 erreuim
1205 2612 1283 2682 apud
1306 2611 1426 2683 gentiles
1442 2608 1645 2679 philosophicae
1666 2603 1762 2675 potiori

130 2704 191 2773 ipsa
206 2703 347 2771 sapientia
362 2701 382 2771 (l
400 2701 459 2755 Cor.
485 2700 516 2767 ι),
539 2715 628 2769 quam
651 2702 782 2770 sophiam
808 2702 896 2758 Greci
925 2718 979 2759 no·
1034 2702 1202 2771 discipline,
1228 2707 1306 2755 tauto
1331 2699 1374 2755 vel
1406 2698 1495 2754 mullo
1517 2696 1643 2764 amplius
1667 2690 1762 2748 univer

131 2793 253 2859 minant,
281 2789 375 2846 nullos
401 2789 508 2844 rectius
541 2789 595 2844 ilici
629 2789 812 2860 philosophos
846 2800 978 2861 autumo,
1033 2793 1090 2848 cris
1113 2790 1327 2846 eruditionibus
1349 2786 1528 2857 evangelica,
1549 2798 1637 2855 quam
1662 2781 1758 2838 Christ

131 2878 876 2953 qoamqoihirjossuromaeaoperlecuesapientiae
899 2863 1114 2948 aura-Cdidit,
1148 2878 1298 2949 perfectior
1330 2885 1372 2933 est
1410 2874 1574 2947 disciplina.
1618 2872 1674 2937 Oui
1707 2870 1762 2927 etia

131 2978 205 3027 tores
219 2972 355 3025 existunt.
1032 2977 1171 3040 quantam
1196 2966 1337 3023 sermonis
1358 2965 1569 3021 abundantiam
1588 2962 1681 3030 daret,
1696 2961 1760 3016 dem

165 3063 196 3114 P.
215 3061 272 3116 lloc
286 3059 419 3130 equidem
434 3065 460 3113 et
482 3056 542 3127 ipsa
559 3055 668 3127 physici
694 3057 821 3114 nominis
843 3057 977 3127 ethymc-
1032 3066 1078 3114 tus
1095 3059 1124 3113 in
1141 3059 1231 3128 igneis
1246 3056 1354 3128 linguis
1373 3055 1517 3110 adventus
1532 3051 1655 3122 Spiritus
1677 3060 1756 3106 sanct

129 3146 205 3216 logia
222 3148 353 3216 requirit,
378 3155 405 3202 et
421 3147 546 3202 maxime
568 3154 625 3201 tam
649 3146 781 3202 doctrina
807 3146 872 3202 fidei
888 3160 976 3216 quam
1032 3147 1125 3216 festat,
1141 3148 1191 3217 qui
1213 3161 1261 3201 cos
1284 3145 1415 3201 omnium
1437 3143 1606 3215 linguarum
1628 3139 1762 3195 varietate

128 3248 242 3290 morum
257 3234 409 3302 disciplina
423 3249 474 3289 sen
488 3228 558 3300 rita,
586 3235 662 3303 ipsos
687 3236 768 3291 nohis
794 3235 976 3306 philosophos
1030 3238 1112 3293 nium
1136 3248 1301 3291 sermonum
1320 3247 1425 3302 genera
1452 3230 1657 3303 perfectissime
1672 3228 1756 3285 docui

127 3323 257 3393 gentium
284 3327 400 3378 certum
423 3328 465 3376 est
489 3321 653 3375 convenire.
685 3322 763 3378 Adeo
790 3336 918 3392 natoque
940 3322 976 3378 de
1029 3326 1169 3396 scripum
1198 3331 1259 3380 est:
1292 3323 1351 3379 Nou
1384 3327 1448 3378 sunt
1478 3321 1588 3388 loquela
1614 3333 1700 3390 neque
1732 3332 1760 3372 se

127 3410 345 3467 fideTrmita‘is
368 3416 465 3478 aperte
492 3407 701 3473 disseruerunt,
727 3417 759 3464 ut
784 3410 915 3466 mirabile
939 3411 975 3466 sit
1030 3429 1211 3481 quorumnon
1228 3413 1380 3467 crudiuntur
1396 3426 1471 3466 noces
1500 3426 1591 3466 corum
1608 3409 1694 3478 (Psoi.
1720 3420 1759 3463 xv

126 3512 174 3554 eos
188 3514 305 3570 qnoque
323 3499 350 3552 in
375 3497 519 3567 pictisque
544 3495 711 3565 diligentius
734 3511 822 3566 quam
849 3498 975 3567 prophe·
1029 3503 1050 3558 si
1069 3511 1166 3572 aperte
1181 3502 1346 3556 diceretur:
1363 3500 1425 3555 Non
1441 3508 1509 3555 sunt
1529 3499 1685 3556 lectionum
1711 3509 1762 3552 var

127 3595 170 3643 tas
196 3592 270 3657 ipsos
295 3595 381 3643 totam
413 3586 501 3657 itarius
532 3585 595 3641 illei
625 3598 770 3643 summam
794 3586 972 3656 exposuisse.
1029 3598 1080 3646 aut
1105 3588 1277 3658 elriqucntiaa
1296 3596 1466 3643 ornamenta
1506 3587 1552 3642 vel
1583 3598 1699 3657 genera,
1727 3599 1762 3656 qu

126 3678 352 3743 erorometiam
368 3688 506 3746 sequaces
529 3675 556 3729 in
580 3680 688 3729 tantam
715 3675 777 3730 ausi
801 3683 870 3730 sunt
894 3674 974 3729 insa·
1030 3680 1157 3749 ipsenon
1178 3677 1296 3740 dederit,
1314 3677 1422 3746 quihus
1442 3675 1528 3730 etiarn
1549 3673 1729 3744 promiserat,
1757 3687 1762 3726 ι

126 3765 206 3820 niam
236 3777 432 3833 prorumpere,
470 3770 502 3818 ut
533 3762 684 3817 iheruinum
716 3776 834 3832 quoque
864 3762 973 3828 lesum,
1029 3766 1109 3831 Quod
1131 3781 1197 3823 cum
1225 3766 1334 3822 reniret
1362 3764 1487 3835 Spiritus
1514 3763 1560 3820 ille
1589 3761 1732 3828 veritatis,

125 3854 253 3909 dicerent
283 3867 328 3919 ea,
352 3867 417 3923 qnae
444 3851 479 3908 de
513 3851 567 3906 fide
592 3851 740 3907 Trinitatis
764 3850 974 3921 predicavioa
1029 3857 1090 3912 illos
1113 3856 1391 3912 omnemveritatcm
1421 3856 1512 3925 (loon.
1539 3852 1611 3921 nri),
1642 3858 1746 3908 uttam

125 3942 301 4014 philosophis
329 3941 469 3996 didicisse.
499 3939 579 3997 Unde
601 3947 628 3995 et
662 3940 761 3996 heatus
790 3940 892 4011 Airgus
907 3939 973 3996 inus
1027 3960 1075 4001 eos
1108 3959 1195 4016 quam
1223 3944 1342 4000 scientia
1367 3942 1707 4014 perfectosefflceret,ut
1729 3954 1762 4012 qt

124 4030 152 4087 in
171 4031 242 4086 lihro
272 4045 331 4095 ιιιι,
360 4032 396 4084 fle
418 4031 528 4084 ciuitate
555 4031 623 4084 Dei:
653 4049 668 4078 o
686 4029 834 4093 fdirautnr,
866 4029 970 4100 inquit,
1026 4031 1098 4090 fecte
1119 4040 1322 4100 cognoscerent
1346 4034 1484 4089 disserere
1514 4033 1549 4088 ad
1581 4032 1762 4103 integrumn

124 4120 244 4189 quidam
275 4119 357 4174 noh³s
380 4119 408 4173 in
437 4117 540 4174 Christi
571 4118 664 4189 gratia
693 4118 801 4174 sociata
824 4117 858 4189 [f.
884 4118 1141 4215 socia-Domum
1162 4128 1259 4177 autern
1287 4121 1322 4178 de
1358 4122 1416 4179 lieo
1450 4121 1647 4191 perfectiorem
1683 4125 1752 4177 sunt

123 4207 199 4280 turn]
217 4223 282 4264 cuni
308 4208 432 4265 audiunt
458 4206 502 4263 vel
531 4207 632 4278 legunt
658 4208 817 4275 Platonem,
847 4222 912 4263 cnut
937 4207 972 4273 de
1027 4213 1173 4269 scienziam
1191 4225 1280 4282 quam
1295 4210 1407 4283 antiqui
1432 4212 1538 4276 Patres,
1555 4211 1571 4266 ii
1596 4210 1647 4282 qui
1664 4210 1701 4266 ab
1721 4210 1762 4280 ips

124 4295 181 4350 [ιιο
197 4297 249 4350 ista
272 4296 404 4362 senserit,
431 4308 496 4366 quae
519 4296 642 4352 multum
667 4297 829 4368 con'gruerc
856 4295 971 4352 veritati

123 4395 228 4440 nostrae
253 4383 400 4452 religionis
425 4392 664 4456 agnoscuntur.»
683 4376 759 4442 luein
778 4386 806 4441 in
822 4401 854 4455 ιι,
867 4389 903 4441 lte
918 4386 971 4440 dc-

122 4477 213 4527 cirino
234 4474 410 4530 christinus:
437 4474 594 4540 «Quidam
617 4475 744 4542 lectores,
771 4483 799 4532 ct
821 4476 970 4532 dilectores

123 4562 248 4618 Platonis
274 4563 338 4618 ausi
368 4562 481 4619 suntin
508 4571 618 4618 tantam
646 4576 833 4634 prorumpere
857 4565 971 4621 demen-

121 4650 203 4717 tiam,
232 4652 308 4722 quod
347 4652 474 4708 dicerent
508 4666 607 4708 omnes
644 4652 758 4707 ltomini
789 4653 876 4708 nostri
902 4654 969 4709 iesu

122 4738 227 4795 Christi
252 4740 416 4805 sententias,
438 4755 512 4812 quas
537 4740 636 4797 mirari
659 4742 687 4796 cl
707 4754 837 4820 proruere
859 4756 967 4812 cogun-

122 4836 180 4893 tur,
208 4829 241 4884 de
265 4829 391 4886 Platonis
420 4830 502 4886 libris
540 4844 605 4884 enm
637 4828 812 4886 didicisse.»
842 4829 921 4894 Quod
945 4831 969 4886 si

120 4917 210 4973 vitant
234 4933 351 4988 quoque
385 4918 632 4988 ph'losophorum,
652 4933 685 4975 ac
708 4932 819 4975 morum
845 4917 969 4990 discpli-

119 5019 188 5062 nam
207 5021 368 5075 pensemus,
384 5007 479 5062 unllns
498 5014 550 5063 aut
567 5022 672 5077 paucos
695 5007 823 5063 fidelium
838 5015 865 5064 ci
884 5006 966 5065 Cirri-

118 5094 281 5149 stianorum
303 5093 338 5148 de
357 5101 523 5163 contemptu
551 5094 648 5149 saeculi
674 5102 724 5149 arrt
749 5108 863 5151 incorum
886 5097 969 5153 disci·

117 5180 199 5252 plina
221 5181 263 5235 cis
291 5181 489 5237 anteferendos
517 5196 577 5238 esse
609 5183 800 5239 censebimus.
827 5182 879 5247 Qui
917 5199 966 5255 per

117 5268 242 5337 sophum
259 5270 319 5324 sire
331 5269 570 5339 philiasophorum
588 5271 679 5343 magis
698 5286 733 5329 es
749 5281 808 5330 vila
824 5289 913 5345 quam
930 5287 967 5330 ex

116 5356 293 5415 coriscientia
308 5357 463 5414 dicendum
484 5375 546 5416 esse
561 5369 702 5418 asserunt.
728 5361 768 5418 De
792 5362 848 5420 flde
870 5372 966 5420 antem

115 5447 356 5521 philosophorum
384 5455 473 5520 atque
513 5450 582 5520 vita,
611 5464 663 5509 sen
690 5451 777 5508 etiam
812 5451 966 5524 disciplina

1027 4304 1122 4375 genito
1138 4301 1187 4356 liei
1211 4309 1279 4356 sunt
1297 4302 1397 4356 edocti.
1420 4301 1575 4372 Gregorius
1601 4301 1629 4356 in
1645 4306 1762 4356 extrem:

1028 4390 1187 4455 Ezechielis,
1213 4390 1329 4446 homilia
1351 4392 1366 4444 3
1391 4390 1561 4453 edisserens,
1578 4389 1636 4445 ait:
1662 4387 1747 4444 «rer

1025 4495 1089 4539 rurn
1118 4484 1295 4536 incrementa
1323 4479 1401 4535 venit
1430 4480 1459 4535 in
1487 4479 1622 4535 Patribus
1654 4477 1763 4535 scientia

1025 4571 1106 4627 Unde
1135 4569 1232 4625 Daniel
1259 4572 1335 4639 (cap.
1361 4568 1432 4640 siti:
1457 4558 1676 4624 Pertransibunf
1703 4567 1762 4638 plut

1022 4658 1167 4726 multiplea
1181 4659 1233 4710 erit
1245 4657 1366 4711 scientio.
1383 4675 1397 4704 o

1060 4748 1087 4802 P.
1106 4747 1139 4802 Et
1156 4746 1337 4816 hocquoquc
1353 4745 1475 4800 lihentcr
1488 4745 1646 4816 accipimus
1658 4744 1762 4815 quode

1023 4842 1067 4893 tas
1079 4835 1174 4901 hahet,
1190 4841 1217 4890 et
1238 4842 1342 4891 nostrae
1361 4833 1425 4889 fidei
1447 4833 1649 4903 professionem
1678 4847 1762 4889 cumn

1024 4926 1134 4994 troppo
1153 4924 1297 4993 quirmorlo
1320 4937 1370 4993 pcr
1395 4922 1631 4992 predicationem
1659 4936 1762 4993 paucos

1022 5012 1196 5079 simplicium
1213 5010 1364 5066 hominnm
1381 5019 1421 5066 tot
1443 5011 1472 5067 iu
1493 5012 1637 5068 universis
1663 5011 1763 5069 mundi

1022 5099 1077 5156 bris
1092 5098 1221 5156 Christus
1243 5101 1421 5170 acquisisset,
1445 5100 1500 5156 nisi
1525 5116 1572 5156 eos
1599 5102 1720 5158 interius
1739 5116 1762 5158 tn

1022 5191 1127 5260 pientia
1150 5189 1278 5259 repleret,
1300 5198 1388 5260 atquc
1402 5191 1596 5247 exterioribus
1620 5191 1762 5249 rationibu

1021 5274 1229 5349 birnmatque
1258 5279 1431 5350 eloquentiae
1462 5282 1557 5350 gratia
1585 5281 1762 5354 insigniret?

1020 5371 1095 5424 enirn
1111 5367 1140 5423 in
1159 5371 1220 5438 ipsa
1236 5369 1379 5425 rhetorica
1403 5369 1467 5424 ficte
1492 5369 1605 5426 Tollius
1627 5373 1762 5440 meminis

1020 5456 1076 5514 nisi
1087 5456 1230 5529 sapientia
1244 5465 1270 5516 et
1289 5456 1454 5529 eloquentia
1473 5459 1618 5529 preditus,
1632 5459 1762 5520 homines
