3804 5962
106 150 173 206 laea
368 145 470 200 PETRI
490 142 675 199 ramnum
694 143 772 199 OPP.
793 141 881 198 PARS
899 142 947 198 lll.
961 172 996 185 ·-
1007 140 1232 199 rnnolodlca
1250 142 1293 196 ET
1311 139 1576 198 rullosorfllcll.
1792 142 1850 207 idid

108 279 183 335 certe
199 276 259 331 lraec
271 274 336 330 luit.
360 272 424 329 Non
442 271 518 340 licet,
537 271 642 341 inquit,
674 270 723 327 tibi
743 283 806 326 eam
828 285 951 328 uxorem
967 275 993 327 a
1007 286 1090 341 super
1103 271 1203 326 Lucam
1218 270 1320 340 (daur.
1336 268 1384 339 ill,
1400 269 1464 341 ιιι)
1482 284 1490 324 :
1512 268 1576 326 Non
1599 268 1683 326 euim
1700 275 1747 325 sat
1759 275 1803 326 est
1816 269 1851 326 in·

105 366 222 423 habere.
243 362 272 420 Si
288 363 341 418 hoc
355 362 389 417 de
417 373 508 417 uxore
530 359 665 427 hominis,
683 358 901 430 quantomagis
916 358 950 414 de
1005 360 1103 417 voluta
1130 361 1185 431 (29)
1208 359 1354 430 responsio
1379 358 1541 418 confitentis
1555 359 1670 425 lesum,
1694 357 1745 414 sod
1760 366 1852 428 apem

107 455 405 527 virgiueconseerata.
929 504 937 523 „
1005 448 1153 506 confessio.
1184 448 1258 516 Quid
1288 449 1415 519 proderit
1433 447 1523 504 verba
1550 446 1712 511 involvere,
1726 446 1751 502 si
1770 446 1851 504 rideri

499 537 565 591 cll.
1005 538 1049 592 vis
1059 536 1239 609 denegasse?
1268 539 1300 592 Et
1325 536 1387 594 idco
1402 537 1504 593 Petrus
1526 550 1584 592 non
1600 535 1636 592 de
1651 534 1801 591 industria
1814 550 1849 592 re·

107 631 184 698 Quod
210 631 268 686 siae
292 628 459 694 consessione
493 642 547 680 non
574 625 751 680 dirailtoatar
773 630 894 694 peccota,
927 629 952 680 et
1005 624 1152 696 spondisse
1168 626 1210 682 sic
1225 626 1383 694 inducitur,
1411 625 1481 697 quia
1498 631 1595 696 postea
1623 621 1851 681 recordatusest

479 703 582 752 ⁶⁰²²ll'0·
1006 719 1144 770 ettamen
1159 714 1249 771 derit.
1267 714 1369 771 Maluit
1391 715 1469 770 enim
1496 713 1557 784 ipse
1585 725 1678 769 suum
1708 720 1851 783 peccatum

141 807 314 876 Aequstirras
346 804 397 859 lib.
421 805 442 858 l.
477 806 516 857 Dc
547 803 730 872 paenitentia:
766 801 829 858 Non
860 807 952 872 potest
1006 816 1153 872 accusare,
1170 811 1204 859 ul
1218 803 1427 875 justificaretur
1437 802 1561 871 latendo,
1577 815 1672 874 quam
1686 807 1852 873 gravaretur

105 892 423 969 quisquamjustldcari
438 905 455 947 a
471 899 597 960 peccato,
618 892 673 946 nisi
696 891 782 946 luerit
803 898 869 946 ante
886 904 947 959 pec·
1006 892 1147 962 negando.
1164 895 1258 947 luctas
1278 894 1350 946 caim
1373 893 1403 946 ia
1425 891 1576 962 primordio
1598 893 1751 945 accusator
1764 893 1853 945 estad

106 995 203 1042 ratum
217 981 371 1041 conlessus.
391 981 471 1036 Unde
488 981 627 1036 Dominus
651 979 690 1035 ait
705 995 711 1034 :
726 982 776 1034 liic
790 980 951 1047 iniquitates
1007 982 1099 1048 (Proo.
1122 995 1204 1048 xvrn,
1224 982 1278 1051 ll).
1293 980 1391 1037 Doluit
1418 987 1446 1037 et
1479 979 1569 1049 flovit,
1599 979 1673 1050 quia
1701 978 1810 1035 erravit
1826 986 1853 1034 ut

108 1081 179 1139 laus,
216 1078 247 1127 ιιι
269 1071 430 1141 justificeris
464 1069 539 1139 (isui.
568 1083 648 1136 lintri,
677 1069 734 1138 ⁶26).
776 1069 900 1123 littorius
923 1069 953 1120 ira
1009 1074 1102 1129 homo.
1120 1071 1183 1128 Non
1212 1070 1327 1127 invenio
1353 1071 1406 1142 qui
1426 1070 1540 1138 dixerit,
1566 1068 1688 1127 invenio
1706 1068 1788 1140 quod
1814 1067 1853 1125 sse·

108 1163 244 1234 psotmam
263 1158 408 1216 Clllllllll:
435 1158 527 1214 Extra
540 1157 651 1213 reniam
670 1157 774 1227 estqui
803 1162 953 1227 peccatum
1006 1161 1089 1218 verit.
1106 1161 1260 1231 lacrymas
1278 1160 1342 1231 ejus
1366 1158 1439 1231 lego,
1454 1158 1681 1216 satisfactionem
1708 1171 1771 1213 non
1788 1156 1851 1228 lego.

108 1249 263 1322 cognoscit,
293 1262 346 1303 nec
374 1245 522 1316 cognitum
550 1246 716 1302 confitetur.
753 1244 951 1301 Confitendum
1008 1251 1119 1307 Levant
1144 1250 1280 1320 lacrymae
1306 1248 1454 1317 delictum,
1493 1247 1570 1318 quod
1591 1260 1664 1303 voce
1694 1245 1794 1317 pudor
1818 1254 1850 1301 est

108 1348 206 1398 autem
231 1349 344 1406 semper
371 1342 423 1402 est,
448 1348 505 1390 non
533 1334 610 1405 quod
634 1334 813 1405 peccandum
841 1347 954 1404 semper
1006 1336 1145 1404 confiteri,
1162 1345 1190 1393 et
1214 1336 1307 1392 venia
1323 1335 1407 1391 lletus
1432 1334 1589 1391 consulunt
1612 1341 1640 1390 et
1658 1332 1849 1391 verecundia,
1894 1402 1896 1407 Ι

107 1437 160 1495 est,
179 1433 212 1483 ut
239 1426 275 1481 sit
299 1437 410 1494 semper
439 1423 647 1491 confitendum,
670 1425 718 1480 sed
747 1423 817 1493 (luia
841 1421 952 1492 peccati
1008 1429 1155 1497 Lacrymae
1178 1427 1240 1482 sine
1255 1425 1373 1481 horrore
1388 1422 1504 1494 culpam
1527 1422 1706 1493 loquuntur,
1732 1420 1852 1493 [crimen]

68 1591 73 1601 Ι
109 1516 213 1574 veleris
231 1513 386 1583 etantiqui
410 1512 489 1569 uillis
515 1512 552 1568 sit
579 1512 721 1568 indelessa
743 1512 953 1568 confessione
971 1518 1070 1602 Bsine
1098 1514 1255 1571 eliensione
1280 1512 1462 1569 verocundiae
1489 1510 1693 1582 [confitentur]
1709 1509 1780 1580 (30).
1808 1509 1851 1566 la·

110 1606 223 1661 dometis
234 1604 339 1660 collati
353 1615 455 1672 popa:
479 1600 506 1656 Si
523 1600 630 1655 infirmi
647 1603 675 1656 in
701 1599 909 1670 peccatissim,
927 1607 955 1655 et
1010 1618 1115 1675 crymae
1135 1603 1200 1673 ejus
1214 1602 1332 1657 veniam
1362 1615 1420 1656 non
1451 1598 1607 1670 postulant,
1637 1607 1667 1656 et
1699 1605 1850 1655 merentur.

46 1707 50 1713 ·
110 1690 356 1763 lroopresbyteris
378 1689 512 1745 Ecclesia
536 1689 658 1745 confessi
683 1689 751 1755 sint,
780 1704 814 1745 ac
832 1688 955 1759 perlecto
1010 1691 1127 1749 invenio
1142 1702 1196 1746 cur
1215 1689 1338 1746 tacuerit
1352 1687 1464 1754 Petrus,
1485 1701 1521 1743 ne
1549 1693 1607 1742 tam
1629 1686 1849 1755 citoreniaepe

111 1782 197 1840 eorde
213 1795 247 1837 aa
271 1780 435 1849 relinquere
455 1785 542 1848 atque
561 1778 715 1834 emendare
729 1786 772 1834 sat
794 1777 955 1849 arguerint,
1009 1782 1072 1839 tilio
1088 1779 1153 1849 plus
1179 1776 1344 1834 offenderet.
1359 1778 1431 1831 ante
1447 1774 1574 1830 llendum
1589 1780 1652 1830 est:
1674 1773 1722 1829 sio
1746 1785 1850 1843 precan-

110 1870 300 1927 dimittuntur
312 1867 373 1934 eis;
391 1880 485 1937 neque
504 1867 580 1922 enirn
592 1868 652 1923 sne
667 1865 842 1922 confessione
856 1879 955 1922 emen·
1010 1870 1101 1938 dum3
1120 1866 1240 1938 negavit
1255 1866 1348 1937 primo
1364 1865 1465 1920 Petrus
1483 1870 1511 1919 et
1524 1876 1582 1918 non
1605 1860 1689 1918 flevit
1715 1860 1788 1931 quia
1804 1873 1851 1915 non

111 1955 234 2012 dationis
256 1960 368 2025 queunt
390 1952 505 2008 dimitti.
534 1951 615 2008 Unde
639 1960 713 2008 recta
740 1951 954 2022 subjungitur:
1011 1963 1175 2028 respexerat
1189 1953 1338 2011 Dominus.
1355 1952 1482 2022 Respice,
1498 1951 1620 2008 Domine
1641 1950 1726 2018 lesu,
1743 1956 1777 2007 nt
1793 1946 1851 2003 scia

111 2044 281 2115 confitemini
306 2043 468 2096 alidltttrllm
491 2045 583 2095 vestra
605 2046 729 2110 peccata,
753 2048 806 2097 eto.
835 2040 908 2110 (Jdc.
928 2053 956 2094 V.
1011 2061 1077 2102 mus
1092 2051 1224 2101 nostrum
1239 2042 1514 2112 dpssepepeppalum,

111 2134 148 2205 6).
176 2134 322 2200 dreporius
341 2131 458 2186 Eusebio
487 2131 598 2185 albati:
632 2130 752 2186 Nullum
779 2144 865 2200 quem
884 2143 957 2185 eon·
1393 2128 1472 2187 Clll.

113 2222 199 2293 spicis
212 2220 316 2276 delicta
342 2218 411 2274 lietu
437 2219 540 2282 delere.
556 2219 586 2273 in
615 2226 770 2288 conspectu
794 2217 957 2274 divinitatis
1084 2220 1164 2287 Quod
1178 2223 1258 2275 timor
1273 2220 1322 2275 Dei
1334 2219 1364 2272 ia
1378 2218 1480 2272 coactis
1496 2218 1662 2286 percueret.
1679 2217 1710 2269 et
1726 2229 1790 2270 aon.

112 2309 226 2366 dubites
245 2305 470 2361 misericordiam
495 2307 642 2376 consequi,
665 2307 734 2377 quia
760 2307 875 2363 nullum
893 2321 957 2376 pee-
1048 2314 1091 2366 lia
1128 2309 1237 2379 psalmo
1278 2307 1401 2363 xxxlll
1436 2305 1508 2376 [l0]:
1542 2303 1652 2359 Timete
1694 2302 1851 2367 Dominum,

113 2403 226 2454 cantem
246 2408 393 2450 reversum
410 2394 529 2463 despicit
551 2394 601 2464 qui
626 2403 788 2464 peccatores
817 2395 959 2465 sanguine
1013 2412 1113 2455 omnes
1142 2398 1233 2453 saneti
1259 2396 1330 2467 ejus,
1365 2394 1514 2473 quoniam,
1544 2399 1596 2448 etc.
1626 2393 1672 2446 lie
1706 2390 1850 2447 emeras

114 2500 167 2543 suo
178 2483 317 2540 redimere
332 2482 411 2538 venit
425 2482 492 2554 lad).
522 2483 597 2538 Recto
622 2485 652 2537 in
676 2483 787 2538 aemilio
811 2484 845 2538 dc
873 2483 900 2538 X
924 2485 960 2539 le·
1014 2490 1131 2559 (nurui,
1151 2485 1215 2557 iil:
1234 2485 1338 2541 Beatus
1352 2483 1502 2553 homo'qui
1518 2492 1632 2551 semper
1654 2487 1698 2537 est
1725 2478 1853 2550 pavidus,⁸

111 2576 201 2647 prosis
218 2572 299 2642 (Opp.
319 2572 363 2627 ed.
382 2570 458 2628 Giles
487 2571 521 2639 V,
543 2571 608 2639 all:
639 2572 748 2642 Siquis
774 2571 819 2629 vel
839 2571 960 2629 ludaioa
1014 2573 1271 2648 quiveromentis
1291 2580 1332 2629 ost
1352 2568 1756 2637 durae‚corruetinnralurn.
1776 2568 1851 2624 ltoclc.
1896 2568 1898 2603 1

115 2660 237 2735 pertidia
255 2659 300 2716 vel
313 2660 447 2716 heretica
461 2659 603 2728 pravitate
630 2658 676 2714 vel
698 2659 796 2730 gentili
821 2660 957 2730 supersti·
1014 2666 1151 2730 seusticus,
1168 2678 1228 2732 cop.
1244 2663 1255 2714 l
1273 2660 1348 2733 [l7]:
1365 2661 1463 2716 Timor
1474 2657 1590 2714 Domini
1610 2656 1735 2726 expellit
1762 2669 1853 2728 peeca-

115 2751 194 2807 tione
212 2748 257 2806 vel
273 2748 399 2804 fraterno
414 2748 567 2804 schismate
583 2748 693 2818 perlici
710 2748 833 2818 gratiam
858 2761 957 2805 carue·
976 2785 998 2840 (3
1015 2757 1092 2818 tum;
1109 2749 1178 2807 llam
1192 2749 1245 2821 qui
1264 2749 1327 2806 sine
1343 2749 1445 2804 timore
1472 2754 1525 2810 est,
1553 2758 1611 2801 non
1641 2751 1737 2816 potest
1755 2742 1850 2816 justili-

116 2839 165 2907 rit‚
189 2851 304 2895 necesse
317 2842 361 2892 est
383 2837 421 2893 ad
449 2837 607 2893 Ecclesiam
640 2836 747 2904 veniat,
777 2837 959 2906 coloremque
1014 2841 1084 2896 cari.
1104 2841 1210 2896 Veritas
1233 2853 1281 2908 per
1299 2834 1591 2906 semetipsomlllottlt.
1614 2848 1644 2900 x,
1673 2833 1742 2903 alil:
1774 2831 1853 2888 Nolite

114 2927 180 2984 lldei
194 2941 293 2982 verum
309 2941 394 2996 quem
410 2926 518 2995 recipit,
534 2925 673 2981 ostendat.
696 2924 803 2982 Cretera
822 2924 878 2994 (tl)
892 2938 959 2981 vero
1015 2928 1116 2984 timere
1138 2941 1187 2984 eos
1209 2926 1260 2997 qui
1282 2924 1417 2981 occidunt
1440 2935 1552 2992 corpus,
1580 2920 1685 2976 anima
1711 2934 1783 2977 vero
1805 2933 1853 2975 nou

112 3022 231 3084 peccata
247 3027 296 3083 per
324 3027 353 3069 se
367 3015 443 3068 Deus
472 3013 502 3067 iu
515 3014 689 3069 conscientia
709 3013 828 3069 relaxat.
842 3015 960 3067 loannes
1014 3017 1121 3073 habent
1133 3014 1205 3086 quid
1233 3013 1357 3083 laciant;
1374 3012 1422 3069 sed
1447 3011 1545 3067 timete
1564 3024 1636 3066 eum
1651 3009 1705 3080 qui
1726 3013 1852 3080 potestat

115 3103 322 3172 chrysostomus
348 3102 381 3155 dc
407 3102 513 3170 psalmo
540 3104 576 3156 l:
601 3102 719 3157 Peccata
738 3110 789 3157 tua
813 3101 909 3169 dicito,
928 3110 961 3158 ut
1014 3118 1122 3175 eorpus
1144 3111 1173 3159 et
1196 3103 1323 3159 animam
1339 3100 1458 3171 perdere
1482 3100 1512 3156 in
1530 3099 1721 3170 gehennam.
1739 3098 1852 3164 &lipi-

116 3191 212 3246 deleas
226 3190 284 3245 illa.
310 3189 338 3245 Si
355 3187 539 3243 confundens
558 3187 644 3244 alicui
670 3188 773 3256 dicere,
790 3189 877 3245 dicito
891 3191 958 3258 Deo,
1015 3196 1085 3250 stolo
1101 3194 1183 3248 Pooli
1196 3191 1232 3247 od
1246 3195 1380 3248 Romanos
1401 3189 1449 3263 (ιι,
1464 3188 1530 3258 dol:
1551 3188 1593 3243 'lu
1615 3189 1716 3243 autem
1736 3185 1791 3241 lide
1804 3183 1852 3254 (all

115 3278 166 3347 qui
178 3284 262 3333 curat
273 3290 326 3332 ea:
352 3275 376 3330 si
399 3274 521 3338 deveris.
537 3274 678 3331 delentur.
700 3278 884 3331 docimesio
902 3292 959 3331 scr·
1015 3291 1083 3349 stas,
1095 3281 1152 3337 noli
1169 3280 1260 3337 altum
1275 3293 1388 3349 sapere,
1414 3276 1464 3334 sed
1486 3277 1565 3332 time.
1588 3275 1666 3330 idem
1680 3289 1770 3344 supro
1788 3273 1850 3343 (ιιι,

115 3363 238 3421 monell
264 3364 342 3431 feria
364 3363 494 3432 poscite:
523 3363 624 3418 Petrus
646 3365 780 3434 prorupit
803 3364 839 3419 ad
868 3365 958 3434 lecry·
1019 3371 1061 3443 ll)
1080 3389 1086 3426 ;
1107 3369 1280 3439 Quicunque
1302 3367 1406 3437 spiritu
1423 3364 1473 3422 Dei
1490 3370 1630 3436 aguntur,
1647 3361 1699 3418 lilii
1719 3361 1769 3419 Dei
1783 3365 1850 3416 sunt

115 3466 192 3520 1111ὃὲ
219 3451 294 3507 nihil
323 3464 393 3507 1011
411 3457 556 3519 precatur.
580 3451 701 3507 1111111110
733 3453 811 3522 quod
838 3452 959 3519 neverit,
1009 3460 1078 3517 'Non
1096 3458 1173 3515 enim
1197 3455 1345 3525 accepistis
1370 3452 1507 3528 spiritum
1533 3452 1683 3509 servitutis
1708 3446 1849 3506 iteruniu

116 3554 175 3597 11011
194 3539 312 3595 invenio
333 3538 403 3609 quid
418 3539 534 3595 dixerit.
559 3540 713 3610 1111311113
725 3540 788 3610 91118
817 3541 890 3611 ¹³80,
917 3555 961 3596 ⁵³·
1016 3549 1127 3614 timore,
1144 3545 1192 3602 sed
1216 3543 1366 3614 accepistis
1392 3542 1527 3612 spiritum
1543 3538 1710 3609 adoptionis
1728 3537 1847 3597 liliorum.

117 3628 307 3685 lislaelionem
325 3627 471 3696 noulogo.
490 3627 570 3692 Quod
590 3627 784 3697 dellerisolet,
807 3644 865 3685 non
891 3629 962 3685 solet
1016 3636 1046 3692 in
1063 3650 1121 3707 quo
1137 3631 1424 3696 clamamuszillrlra
1443 3630 1538 3686 Pater.
1560 3631 1604 3683 liu
1623 3627 1753 3697 Epistola
1772 3625 1848 3695 print
1896 3680 1898 3695 ,

117 3717 263 3783 excusari,
280 3723 307 3772 et
320 3715 397 3787 quod
420 3714 535 3771 delendi
561 3731 620 3771 non
639 3723 739 3786 polest,
760 3716 838 3774 ablui
860 3724 960 3787 potest.
1015 3723 1195 3793 scannello,
1220 3725 1279 3790 l6):
1298 3722 1374 3777 Deus
1393 3719 1520 3776 charitas
1538 3723 1588 3780 cst,
1611 3715 1710 3786 etqui
1726 3711 1849 3771 manain

117 3805 227 3863 lavant
239 3805 316 3861 enim
337 3805 472 3874 lacryma
487 3804 621 3860 delictum
638 3806 715 3876 quod
732 3821 801 3862 voce
811 3807 905 3877 pudor
920 3813 962 3862 est
1016 3827 1059 3878 eo,
1076 3819 1132 3867 etc.
1160 3811 1193 3864 ln
1215 3809 1269 3865 lnoc
1284 3807 1408 3877 perlecta
1430 3808 1474 3861 est
1499 3803 1628 3859 charitas
1655 3800 1849 3865 nobiscum,nt

118 3894 266 3964 oonlileri3
294 3893 428 3964 lacrymae
453 3907 520 3948 vero
546 3895 731 3950 verecundiae
756 3895 911 3951 consulunt
934 3902 962 3951 el
1017 3897 1325 3956 ssduciamltabeamus
1339 3896 1369 3951 in
1384 3890 1544 3964 dieiudicii
1567 3889 1642 3961 quia
1659 3889 1737 3946 siout
1752 3888 1851 3949 lilaea,

121 3983 225 4052 saluti,
244 3982 360 4039 veniam
384 3981 537 4051 postulant,
553 3991 581 4038 et
603 3991 822 4053 promerentur;
843 3996 959 4039 causam
1018 3995 1046 4044 er
1063 4002 1115 4043 nos
1133 4000 1235 4043 sumus
1251 3985 1279 4039 in
1295 3985 1351 4041 hoe
1370 3981 1488 4038 mundo.
1509 3978 1607 4035 Timor
1630 3992 1693 4035 non
1708 3978 1766 4049 (33)
1779 3974 1853 4032 estin

120 4082 178 4125 non
193 4069 304 4137 dicunt,
320 4078 348 4125 et
368 4069 595 4125 misericordiam
613 4079 842 4141 consequuntur.
866 4070 964 4127 Sermo
1019 4075 1169 4142 charitate,
1186 4074 1234 4130 sed
1249 4072 1374 4143 perlecta
1404 4069 1531 4126 charitas
1566 4066 1646 4123 iores
1665 4066 1756 4123 mittit
1783 4065 1855 4120 tirno·

118 4155 266 4214 interdum
290 4172 348 4213 nou
379 4164 468 4213 tolum
495 4157 613 4226 prolerit
639 4159 801 4229 negotium3
830 4159 965 4228 lacrymae
1019 4160 1347 4234 rem‚qu0niamtimor
1366 4172 1480 4230 poenam
1510 4155 1606 4212 habel.
1627 4154 1684 4221 Qui
1711 4160 1809 4211 anum
1830 4151 1857 4206 li·

117 4253 329 4316 sempertotum
344 4246 471 4315 produnt
484 4244 618 4301 allectum
633 4262 641 4317 ;
658 4255 686 4302 et
706 4246 768 4302 ideo
786 4249 886 4303 Petrus
903 4248 964 4319 jam
1018 4259 1086 4320 met,
1103 4265 1161 4307 non
1175 4257 1217 4306 est
1230 4249 1371 4320 perlectus
1390 4247 1419 4302 in
1435 4245 1585 4302 charitate.

118 4349 177 4392 non
197 4335 290 4391 utitur
312 4347 455 4395 sermone,
477 4333 700 4404 praeterierat,
717 4343 963 4406 quopecoaverat,
1397 4334 1490 4392 CLlll.

120 4437 180 4494 quo
197 4423 283 4479 iidem
303 4422 449 4489 amiserat,
479 4437 514 4478 ne
534 4424 628 4493 perid
645 4433 672 4480 et
690 4439 750 4480 non
771 4426 905 4482 credatur
928 4425 964 4480 ad
1020 4428 1098 4495 Quod
1121 4443 1176 4482 oon
1204 4426 1260 4498 (33)
1280 4427 1317 4481 sit
1339 4440 1392 4496 pro
1406 4423 1529 4479 omnibus
1558 4420 1707 4488 orcadum,
1724 4425 1752 4475 ct
1765 4422 1857 4476 matr«.

109 4510 325 4578 ¹confitendum,
343 4524 401 4580 quo
413 4523 485 4565 usus
497 4509 636 4565 iueratad
651 4510 831 4580 negandum.
846 4511 965 4567 invenio
1054 4518 1156 4573 Paulos
1181 4516 1318 4585 apostolus
1340 4516 1371 4569 in
1391 4511 1544 4582 Epistolol
1571 4508 1610 4565 cd
1639 4510 1812 4564 almericum
1824 4508 1856 4577 (ιι,
1894 4468 1898 4623 ¹

119 4606 146 4656 et
167 4598 258 4668 aliud,
281 4612 334 4654 cur
359 4598 480 4654 tacuerit
501 4598 611 4666 Petrus,
638 4612 674 4654 ne
704 4606 762 4653 tam
794 4599 850 4655 cito
876 4600 968 4655 renim
1022 4607 1072 4676 ll:
1099 4606 1222 4662 opsecro
1250 4605 1341 4674 igitur
1361 4602 1492 4658 omnium
1512 4599 1640 4669 primunr
1658 4597 1722 4654 fieri
1741 4598 1857 4654 ohaam

118 4688 272 4759 postulatio
295 4701 345 4757 per
376 4687 586 4755 impudentiam
604 4686 668 4756 plus
693 4686 848 4744 oliendcrot
875 4703 965 4759 quam
1020 4695 1123 4759 tiones,
1134 4692 1288 4758 orationes,
1310 4689 1525 4760 postulationes,
1551 4687 1718 4758 gratiarum
1744 4687 1856 4743 actione

120 4775 295 4847 impetraret.
320 4775 395 4832 Solet
411 4775 489 4831 enim
513 4775 600 4831 citius
621 4777 723 4832 mereri
744 4776 967 4848 indulgentiam,
1021 4781 1225 4854 proomnlhus
1250 4778 1426 4845 hominihus,
1456 4790 1509 4847 pro
1537 4775 1671 4846 regibus,
1694 4773 1856 4831 promerem
1895 4812 1898 4861 Ι

120 4865 260 4937 quoniam
285 4864 340 4937 (28)
366 4863 560 4921 verecundius
590 4865 774 4935 deprecatur.
806 4867 967 4922 leodrosius
1021 4870 1073 4942 qui
1098 4870 1127 4926 in
1150 4868 1326 4927 sublimitate
1347 4873 1416 4924 sunt
1443 4863 1602 4930 constituti,
1632 4870 1666 4920 ut
1692 4862 1856 4934 quietatur
1894 4880 1898 5019 ⁴

157 5045 275 5116 (illidio
296 5043 377 5099 locus
397 5041 509 5097 incdit.
539 5041 666 5111 epistolae
689 5042 724 5097 ad
740 5043 899 5100 Eusebium
914 5045 968 5102 ab·
1023 5042 1214 5099 codllonao.
1243 5047 1270 5097 et
1294 5040 1401 5095 Toron.
1432 5038 1579 5110 leguntur,
1595 5034 1684 5093 Cous.
1710 5036 1741 5091 in
1765 5041 1856 5092 teuton

120 5117 216 5174 batem
225 5130 283 5172 non
300 5113 455 5184 reperitur.
476 5112 517 5170 cl.
529 5112 613 5185 Greg.
626 5113 695 5185 Opp.
707 5114 744 5182 ll,
757 5117 817 5169 593.
1022 5128 1082 5171 uon
1096 5113 1214 5183 recepit.

159 5189 214 5252 (ιι)
228 5187 337 5241 llouac.
350 5202 356 5238 :
367 5186 485 5241 creneio.
1061 5185 1100 5253 (31
1119 5184 1203 5240 Cous.
1221 5196 1278 5238 om.
1294 5181 1384 5236 verba
1401 5182 1441 5235 Tc
1454 5186 1544 5235 orclem
1558 5179 1611 5247 {lde
1622 5206 1659 5220 -
1674 5181 1724 5233 lici
1738 5182 1856 5247 neuma·

159 5258 215 5328 (⁶28)
232 5256 338 5314 Cous:
358 5257 415 5324 qui.
1061 5254 1214 5323 (datdeus.
1234 5268 1240 5308 :
1259 5267 1315 5310 our.
1329 5268 1394 5310 aori.

170 5328 204 5381 til
232 5327 320 5383 Cous.
335 5328 380 5381 :io
394 5327 542 5382 voluntale.
1063 5325 1119 5398 (33)
1134 5326 1218 5384 Cous.
1239 5339 1299 5381 om.
1319 5339 1383 5379 aon.

171 5398 206 5450 30
230 5397 324 5456 Verba
340 5399 488 5466 lacrymas
511 5396 569 5468 ejas
595 5425 630 5440 -
648 5399 824 5464 verecundia,
854 5413 918 5469 quse
941 5397 970 5454 in
