3804 5962
55 199 105 254 2¹7
840 196 955 258 brist.
977 198 1024 258 Vl.
1752 209 1806 264 2¹8

55 321 230 380 mristianae
239 328 442 394 appeteremus
466 334 537 379 esse.
554 321 628 380 iiiuc
638 321 775 394 profecto,
797 323 828 380 ni
852 322 909 381 lal—
923 321 950 378 Α
963 323 1010 381 his
1025 325 1123 398 itaque
1138 328 1402 400 perpendequanto
1417 330 1510 388 tutius
1523 344 1557 387 ae
1573 330 1805 403 justiusnatume

55 412 101 477 ior,
122 412 222 469 uncti
247 412 438 470 decreverunt
462 411 572 479 Patres,
601 426 659 470 non
674 413 713 470 ita
729 411 811 470 nobis
827 415 901 470 sicut
960 425 987 470 et
998 413 1157 473 infirmitati
1181 426 1284 475 nostrae
1308 417 1390 475 cibus
1409 418 1545 490 quislibet
1563 418 1611 490 (ct.
1629 418 1762 492 quilibet)
1776 424 1805 476 et

55 501 120 557 siris
135 501 307 573 generalem
332 500 461 572 aliquam
480 501 621 574 Regulam
637 502 719 574 quasi
741 517 847 560 novam
863 503 901 560 le·
958 510 1041 573 potus
1057 504 1199 577 indulgeri
1214 507 1310 576 possit,
1328 520 1456 578 quarum
1482 506 1612 564 videlicet
1632 507 1720 564 corda
1745 520 1808 564 cra·

53 605 113 661 gem
126 590 295 662 praefigere,
311 603 364 646 nec
390 589 590 662 magnitudine
615 599 749 649 votorum
775 600 902 649 nostram
957 592 1026 663 pula
1036 601 1063 648 et
1078 594 1214 652 ebrietate
1228 596 1344 666 gravari
1357 594 1440 653 facile
1456 610 1512 652 non
1538 603 1667 665 possunt,
1684 608 1752 653 num
1767 594 1804 651 ab

54 679 254 736 infirmitatem
287 693 418 745 onerare,
444 679 623 738 attendentes
656 680 728 738 illud
755 681 901 754 Apostoli:
956 681 1140 740 illanoscibi
1170 686 1303 754 parcitas,
1325 685 1362 741 ab
1377 685 1431 741 ista
1450 685 1564 742 feminei
1590 686 1806 757 corporisque-

55 769 147 824 «Lex
172 769 252 826 enim
273 769 346 825 iram
370 777 516 840 operatur.
543 769 598 826 Ubi
611 770 758 828 enimnon
777 780 819 828 est
845 772 901 841 lex,

55 872 102 914 nec
115 856 324 929 prevaricatio
346 861 433 927 (Rom.
450 873 489 926 nr,
507 860 560 930 lt).
578 878 593 908 s
608 860 644 916 Et
670 859 798 917 iterum:
818 884 829 913 ι
847 862 903 918 hex

55 953 148 1002 autem
180 947 360 1005 subintravit
380 956 413 1004 nt
438 947 602 1005 abundaret
620 948 756 1006 delictum
777 951 901 1019 (lions,

55 1036 105 1104 itti.
121 1056 137 1083 ι
158 1035 241 1091 idem
258 1049 377 1107 quoque
392 1036 539 1093 maximus
553 1036 736 1094 continentiae
763 1037 903 1107 praedica-

56 1131 95 1179 tor
128 1124 167 1180 de
193 1124 359 1181 infirmitate
386 1132 486 1182 nostra
508 1124 666 1196 plurimum
688 1125 842 1195 confidens,
876 1135 903 1184 et

56 1212 136 1282 quasi
153 1212 193 1268 ad
209 1213 352 1270 secundas
371 1214 488 1285 nuptias
504 1229 612 1286 urgens
628 1214 759 1286 juniores
775 1216 878 1273 viduas
895 1234 902 1272 :

58 1320 69 1350 ι
89 1299 172 1367 Volo,
190 1321 205 1349 κ
221 1301 329 1372 inquit,
345 1322 359 1352 c
373 1303 503 1374 juniores
513 1303 633 1372 nubere,
654 1302 726 1360 filios
742 1318 902 1376 procreare,

58 1400 161 1445 matres
176 1389 303 1446 familias
317 1405 387 1458 esse,
416 1390 526 1449 nullam
557 1393 737 1451 occasionem
757 1393 826 1450 darc
849 1396 903 1450 ad·

58 1479 183 1534 versario
199 1480 224 1549 (l
244 1481 314 1535 Tim.
332 1493 361 1548 v,
386 1480 436 1552 l-i).
453 1481 563 1546 »Quod
587 1489 614 1538 et
639 1481 741 1538 beatus
765 1483 903 1553 Hierony·

58 1581 118 1623 mus
140 1567 367 1624 saluberrimum
396 1583 457 1626 esse
470 1569 663 1635 considerans.
686 1572 841 1630 Eustachio
870 1574 904 1631 de

958 770 1032 838 litas,
1047 776 1079 828 ut
1093 773 1202 830 dictum
1221 782 1273 841 est,
1295 781 1435 846 protegat.
1465 774 1539 832 Satis
1553 783 1660 831 nostre
1680 787 1741 832 esse
1756 775 1805 831 in-

958 860 1086 917 firmitati
1103 871 1131 918 et
1146 862 1306 920 maximum
1323 864 1460 935 imputari
1470 864 1563 932 debet,
1579 864 1603 920 si
1620 863 1802 921 continenter

958 960 991 1001 ac
1005 945 1066 1002 sine
1082 948 1255 1017 proprietate
1271 946 1409 1012 viventes,
1425 956 1453 1005 et
1479 946 1580 1004 olllciis
1596 954 1743 1018 occupata
1758 946 1802 1004 di·

958 1035 1044 1102 vinis,
1061 1035 1137 1105 ipsos
1160 1036 1291 1093 Ecclesiae
1318 1035 1407 1095 duces
1434 1038 1476 1093 vel
1493 1037 1638 1107 religiosos
1665 1034 1753 1094 laicos
1775 1037 1805 1092 in

958 1124 1038 1180 victu
1066 1124 1263 1194 adaequemus,
1293 1125 1339 1182 vel
1356 1140 1404 1182 eos
1432 1125 1556 1196 denique
1580 1124 1631 1195 qui
1655 1123 1806 1196 regulares

958 1213 1089 1270 canonici
1106 1213 1261 1281 dicuntur,
1275 1222 1344 1271 etse
1360 1213 1502 1285 precipue
1515 1214 1604 1269 vitam
1619 1211 1805 1281 apostolicam

958 1303 1038 1374 sequi
1055 1304 1234 1374 profitentur.
1252 1303 1364 1374 Magnas
1386 1310 1527 1372 postremo
1552 1299 1739 1372 providentie
1750 1305 1805 1367 ost,

959 1391 1003 1447 his
1019 1391 1069 1462 qui
1097 1393 1153 1448 beo
1176 1407 1206 1448 se
1228 1405 1277 1462 per
1296 1400 1397 1449 votum
1423 1390 1562 1462 obligant,
1586 1395 1618 1446 ut
1642 1388 1742 1446 minus
1757 1400 1806 1445 vo·

957 1487 1055 1546 veant,
1076 1488 1103 1537 et
1115 1480 1179 1550 plus
1195 1489 1404 1551 exsequantur,
1429 1487 1462 1536 ut
1476 1478 1586 1550 aliquid
1600 1489 1713 1546 semper
1725 1475 1807 1532 debi-

959 1567 996 1623 tis
1020 1568 1113 1641 gratia
1142 1568 1325 1637 superaddat.
1358 1568 1428 1624 ilinc
1447 1568 1523 1623 onim
1549 1580 1600 1636 per
1626 1563 1805 1634 semetipsam

59 1655 222 1725 improvisis
248 1655 423 1737 feminarum
465 1658 539 1715 rotis
568 1659 691 1717 consulit
731 1661 777 1718 his
810 1663 905 1721 serbis
922 1669 943 1724 B
962 1655 1073 1712 Veritas
1091 1656 1185 1713 alez«
1204 1657 1276 1714 Cum
1304 1657 1427 1714 feceritis
1455 1656 1553 1713 omnia
1576 1667 1642 1725 (lllae
1665 1657 1807 1723 limittit

59 1745 148 1814 [epist.
164 1747 212 1815 aa)
231 1759 264 1798 :n
279 1744 308 1800 st
328 1753 423 1802 antem
447 1754 476 1802 et
496 1746 561 1810 illae,
591 1762 657 1817 quae
677 1751 807 1822 virgines
822 1761 902 1822 sunt,

58 1832 282 1889 obaiiastameu
295 1833 397 1903 culpas
417 1848 475 1890 non
496 1835 656 1903 solvantur,
678 1840 747 1908 quid
765 1840 811 1897 fiet
836 1841 901 1910 iilis,

58 1935 117 1990 qun
133 1924 348 1991 prostituerunt
373 1921 502 1978 membra
528 1922 643 1993 Christi,
674 1934 902 1987 etmutaverunt

58 2010 193 2079 teniplum
209 2009 333 2080 Spiritus
347 2010 440 2066 sancti
464 2012 492 2065 iu
508 2011 659 2081 lupanart
674 2016 788 2073 Rectius
806 2017 902 2076 fuerat

58 2097 163 2153 homiui
187 2099 302 2155 subisse
332 2099 513 2171 conjugium,
543 2102 707 2162 ambulasse
736 2119 785 2176 per
806 2106 902 2176 lplana

58 2201 141 2257 quam
170 2187 275 2246 altiora
306 2187 501 2246 intendentem
527 2190 557 2246 in
581 2190 761 2264 protundum
796 2194 902 2252 inlerni

58 2276 165 2332 cadere.
183 2298 199 2327 »
214 2279 344 2343 Quarum
359 2282 445 2340 etiam
461 2283 620 2340 temeraria
642 2283 807 2354 professioni
831 2299 902 2340 san·

58 2373 117 2420 etus
138 2367 322 2437 Augustinus
349 2372 511 2439 consulens,
527 2374 556 2428 in
572 2372 646 2429 libro
660 2374 699 2429 De
727 2375 902 2431 continentia

58 2455 163 2510 viduali
191 2456 228 2511 ad
255 2455 406 2517 lulianum
430 2461 531 2518 scribit
559 2461 603 2519 his
626 2462 720 2518 verbis
749 2461 824 2533 (cap.
848 2463 899 2534 tl:

58 2544 155 2605 «Oua
167 2557 226 2601 non
240 2547 327 2617 coepit
350 2547 496 2616 deliberet,
523 2563 589 2620 quae
614 2562 750 2621 aggressa
772 2558 814 2606 est
834 2563 901 2619 per-

58 2640 173 2687 severet.
190 2633 452 2695 Nullaadversario
465 2638 551 2696 detur
574 2639 696 2707 occasio,
720 2636 800 2695 nulia
816 2637 901 2695 Chri·

58 2728 97 2776 sto
123 2722 317 2784 subtrahatur
344 2723 460 2785 oblatio.
478 2749 493 2781 n
511 2728 584 2786 Hine
607 2729 692 2786 etiam
716 2741 840 2784 canones
864 2742 901 2783 no

958 1753 1037 1814 sunt,
1053 1744 1156 1801 dicite:
1176 1744 1254 1802 Servi
1284 1744 1400 1802 inutiles
1426 1756 1624 1815 sumusque
1647 1739 1804 1798 debuimus
1874 1804 1879 1817 Ι

959 1833 1180 1890 facerelecimus
1194 1833 1270 1905 (hue.
1290 1849 1361 1902 xvir,
1381 1835 1466 1906 10).»
1496 1834 1539 1889 Ac
1556 1831 1580 1887 si
1603 1837 1701 1900 aperte
1723 1828 1803 1884 dice-

958 1932 1002 1980 ret
1017 1937 1024 1977 :
1040 1922 1105 1978 ideo
1130 1921 1245 1978 inutiles
1268 1930 1295 1978 et
1321 1923 1402 1993 quasi
1427 1936 1478 1992 pro
1497 1921 1597 1983 nihilo,
1612 1931 1647 1974 ac
1668 1915 1731 1973 sine
1742 1927 1802 1972 me·

959 2009 1021 2066 ritis
1053 2010 1216 2079 reputandi,
1245 2011 1315 2080 quia
1342 2010 1444 2067 debitis
1478 2018 1590 2066 tantum
1618 2002 1803 2064 exsolvendis

958 2099 1082 2155 contenti
1096 2098 1169 2155 nihil
1184 2114 1219 2156 ex
1247 2100 1340 2171 gratia
1354 2098 1616 2169 superaddidimus.
1632 2096 1672 2151 De
1693 2092 1802 2165 quibus

958 2189 1074 2259 quidem
1083 2189 1173 2259 gratis
1187 2188 1432 2259 supperaddendis
1446 2189 1505 2257 ipse
1524 2199 1641 2257 quoque
1662 2181 1804 2255 [lominus

957 2279 1026 2335 alibi
1042 2278 1203 2349 parabolice
1224 2279 1353 2350 loquens,
1371 2279 1433 2334 ait:
1464 2298 1478 2328 ι
1499 2275 1551 2332 Sed
1565 2282 1593 2330 et
1612 2273 1636 2330 si
1663 2269 1735 2342 quid
1748 2282 1802 2326 su-

957 2370 1185 2439 pererogaveris,
1205 2383 1257 2441 ego
1279 2382 1345 2424 cum
1370 2366 1480 2424 rediero
1505 2363 1622 2420 reddam
1650 2359 1701 2418 tibi
1725 2357 1800 2430 (hnc.

956 2473 987 2524 x,
1006 2458 1062 2529 35).
1080 2479 1093 2507 n
1122 2456 1201 2524 Quod
1222 2458 1339 2529 quidem
1366 2457 1421 2514 hoc
1450 2464 1578 2525 tempore
1599 2449 1682 2507 multi
1702 2459 1801 2504 mona·

957 2547 1034 2604 sticae
1048 2546 1196 2616 religionis
1216 2546 1360 2603 temerarii
1385 2543 1559 2615 professores
1579 2542 1603 2597 si
1634 2536 1801 2610 diligentius

957 2635 1145 2698 attenderent,
1161 2641 1188 2690 et
1203 2635 1233 2688 in
1247 2648 1335 2704 quam
1369 2632 1569 2704 professionem
1581 2630 1725 2699 jurarent,
1740 2621 1802 2681 ani-

958 2725 1179 2789 madverterent,
1204 2729 1291 2793 atque
1318 2723 1412 2791 ipsum
1445 2719 1562 2790 Regula
1589 2725 1715 2772 tenorem
1742 2719 1801 2769 stu-

57 2818 118 2865 strae
140 2811 302 2871 infirmitati
330 2817 511 2875 consulentes
533 2818 732 2884 decreverunt,
761 2816 902 2873 diaconis-
956 2812 1032 2869 diose
1059 2818 1319 2882 perscrutarentur,
1343 2811 1440 2865 minus
1457 2821 1507 2878 iti
1537 2802 1730 2877 {flitmum
1757 2802 1801 2856 ⁰¹¹·

57 2908 98 2952 sas
112 2911 180 2957 ante
202 2904 399 2978 quadraginta
410 2921 501 2964 anuos
515 2907 645 2965 ordinari
670 2920 728 2962 non
742 2905 856 2968 debere,
873 2909 902 2960 et
956 2901 1103 2958 tenderent
1117 2909 1144 2957 et
1168 2914 1217 2969 per
1237 2898 1441 2970 negligentiam
1459 2903 1617 2967 peccarent.
1634 2892 1718 2949 Nunc
1731 2901 1801 2946 vero

59 2988 104 3043 boc
118 3004 187 3047 cum
216 2993 345 3064 diligenti
373 2996 550 3066 probatione,
574 3010 640 3053 cum
660 3009 677 3051 a
700 2994 802 3067 viginti
817 2992 902 3050 annis
958 2991 1108 3047 indiscrete
1124 3004 1223 3047 omnes
1251 2989 1308 3045 fere
1328 2987 1433 3058 pariter
1454 2985 1490 3042 ad
1515 2982 1702 3040 monasticam
1724 2991 1801 3080 ’con-

59 3075 135 3136 ticeat
156 3082 295 3141 diaconos
312 3087 482 3156 promoveri.
509 3086 582 3143 Sunt
609 3093 637 3142 et
652 3085 681 3141 in
709 3083 900 3154 monasteriis,
917 3092 939 3152 ο
955 3080 1145 3137 versationem
1157 3080 1202 3147 (oi.
1217 3076 1442 3143 conversionem)
1466 3079 1615 3131 currentes
1638 3067 1800 3165 inordinate

60 3172 103 3237 qut
129 3172 282 3243 regulares
306 3173 446 3232 (linuntur
473 3174 605 3232 canonici
629 3173 704 3231 beati
733 3173 901 3243 Augustini,
957 3167 1089 3236 susecpti,
1116 3163 1305 3222 inordinatius
1334 3162 1448 3228 vivunt,
1487 3168 1514 3217 et
1546 3159 1644 3215 eadem
1665 3153 1802 3212 facilitate
1865 3206 1869 3217 ,

59 3260 223 3328 qnamdam,
243 3266 290 3330 'gut
317 3263 410 3330 aiunt,
444 3263 576 3336 regulam
600 3262 775 3333 profitentes,
800 3261 851 3331 qtti
873 3276 902 3316 se
957 3267 1016 3322 qua
1036 3255 1162 3324 ignotam
1178 3254 1316 3324 Regulam
1334 3250 1514 3321 immittitis,
1534 3261 1597 3304 0²¹1]
1616 3251 1808 3319 ⁰0⁰¹⁰¹¹¹¹¹⁰¹¹7

62 3342 208 3403 interiores
237 3351 388 3407 monachis
418 3351 585 3408 nullatenus
619 3349 808 3412 arbitrantur,
839 3349 903 3404 licet
957 3348 1008 3408 tes,
1033 3342 1256 3398 consuetudines
1282 3356 1357 3412 quas
1379 3339 1480 3396 volunt
1494 3351 1546 3408 pro
1574 3336 1636 3407 lege
1658 3337 1800 3390 statuunt.

62 3444 142 3491 Μ
156 3437 236 3492 vesei
263 3439 402 3497 pamphus
424 3448 453 3496 01
480 3439 563 3496 pineis
587 3440 630 3496 ug
658 3437 818 3495 videamus,
841 3434 903 3501 Quo
957 3429 1168 3487 Providendum
1189 3430 1285 3500 itaque
1310 3430 1393 3486 nobis
1409 3436 1462 3493 est,
1481 3442 1517 3483 ue
1534 3426 1562 3483 id
1573 3424 1667 3481 oneris
1690 3420 1803 3478 feminae

62 3533 119 3577 rum
138 3525 258 3594 quidem
282 3529 417 3585 virtutem
433 3531 455 3585 si
475 3537 571 3586 nostra
585 3539 740 3598 exaquare
755 3525 804 3596 (at.
829 3524 902 3580 adae-
956 3531 1177 3588 braesumtffltlst
1198 3518 1227 3574 5¹1
1242 3532 1300 3589 (1⁰⁰
1323 3520 1400 3574 limi
1423 3517 1482 3574 ῐθΐθ
1496 3518 1557 3586 jam
1574 3513 1722 3570 ⁰⁰⁵V⁰s⁸⁰⁸
1736 3521 1801 3611 ΒΨ·

62 3613 155 3683 quare)
190 3614 344 3672 infirmitas
366 3626 470 3687 posset,
486 3615 621 3687 uunquid
637 3628 687 3684 pro
713 3614 834 3671 minimo
851 3612 902 3668 ha·
957 3606 1266 3673 cumberevideamus,
1292 3608 1348 3664 imo
1376 3616 1403 3665 θῑ
1423 3606 1553 3662 dificile·
1588 3600 1722 3659 S⁶¹¹¹¹³³⁸⁰
1741 3610 1803 3669 1⁸⁰¹

63 3698 182 3758 mudum
205 3703 299 3760 essetf
314 3705 351 3762 Ut
372 3714 468 3763 antem
490 3705 525 3762 de
553 3703 688 3760 erunibus
716 3701 787 3759 cibis
812 3701 903 3758 tutius
957 3694 1100 3751 mundum
1128 3696 1329 3766 constitimus,
1345 3695 1534 3764 hominesque
1550 3691 1706 3789 ipsosenm
1721 3694 1804 3744 ⁰³²⁰·

62 3804 87 3848 as
100 3794 194 3851 lenius
207 3795 403 3868 indulgeatur,
420 3797 483 3869 ipsa
498 3810 615 3868 quoqne
644 3792 900 3864 naturaprovidit,
956 3783 1008 3851 ris,
1025 3798 1091 3853 (111ae
1123 3785 1223 3840 “tundi
1253 3792 1331 3853 ⁸⁰⁰¹,
1363 3783 1516 3853 pristinum
1543 3788 1655 3836 ssatus&
1679 3788 1804 3875 V¹3⁰¹⁸⁶¹¹¹

62 3894 118 3948 qm„
135 3882 245 3953 majore
265 3885 372 3942 scincet
402 3886 562 3943 sobrietatis
593 3885 700 3941 vil-pugg
728 3896 829 3938 gemm
849 3896 904 3936 no·
957 3870 1141 3938 amisissem
1157 3873 1242 3940 juxta
1263 3871 1334 3928 iilud
1352 3872 1492 3936 Veritatis,
1521 3869 1612 3938 ipsam
1633 3866 1804 3964 charitatem

61 3979 145 4027 strum
175 3975 370 4042 praemunivit.
396 3975 632 4045 constatqnippe
658 3973 750 4031 multo
775 3971 903 4042 parciore
957 3967 1089 4016 ¹1⁰11t³ffl
1116 3960 1272 4016 multorum
1297 3974 1386 4030 quam
1403 3958 1604 4056 similimum
1635 3952 1801 4050 stillim

63 4071 176 4130 sumptu
206 4069 235 4117 et
256 4064 394 4122 alimonia
419 4064 529 4121 minore
563 4064 685 4122 feminas
711 4075 799 4134 quam
826 4061 903 4116 viros
957 4047 1065 4118 (Misth-
1095 4063 1173 4113 ¹¹¹V·
1203 4048 1257 4118 12)·
1285 4049 1321 4105 Ul
1343 4047 1404 4119 1³¹ss
1431 4045 1562 4143 ΝΜ
1591 4057 1642 4113 pm
1667 4039 1806 4138 quanm?

61 4151 214 4206 summm
228 4165 318 4220 W,
350 4166 403 4209 nec
414 4165 463 4209 033
483 4161 542 4210 tam
559 4153 658 4210 poenes
672 4151 811 4208 inebriari
835 4152 904 4221 phy.
957 4137 1107 4193 hominum
1121 4137 1197 4208 ipsas
1213 4146 1328 4207 propter
1339 4135 1470 4191 homines
1488 4128 1672 4231 scriptas'rel
1686 4135 1806 4194 mutari,

61 4240 113 4293 sica
129 4246 312 4309 protestatur.
334 4239 416 4298 Unde
430 4248 458 4298 et
479 4241 638 4298 Macrobius
665 4240 839 4296 Tireodosius
856 4240 904 4295 Sa·
957 4226 1001 4282 Vll
1027 4234 1186 4296 ‘impellit
1211 4239 1325 4283 ¹¹0⁰&ss
1349 4224 1385 4281 sit
1408 4222 1544 4295 Regulas.
1571 4220 1662 4322 Cuius
1688 4214 1806 4289 (ΙῑῙΠῙθΠ1

61 4327 256 4386 centenorum
272 4328 398 4387 stomin
413 4328 542 4386 nemina
560 4330 605 4387 urs
634 4330 731 4386 veron
752 4328 825 4400 (cap.
855 4329 901 4400 sl:
957 4313 1206 4385 discretiontsipse
1229 4329 1345 4386 quoque
1368 4314 1469 4369 nesius
1496 4326 1552 4368 ⁰⁰¹¹
1583 4320 1733 4366 'millum‘
1756 4306 1808 4363 ΒΘ·

64 4437 75 4462 ,
93 4417 259 4474 Aristoteles
268 4418 412 4484 munem,
430 4419 536 4489 inquit,
557 4433 623 4477 mo
635 4418 824 4486 inebriamur,
841 4434 902 4476 ese.
920 4433 943 4487 D
959 4403 1090 4460 nedictus
1105 4404 1145 4459 ita
1159 4418 1188 4462 se
1207 4404 1370 4460 monasticae
1393 4401 1571 4459 discretionis
1592 4401 1718 4471 rigorem
1741 4406 1810 4455 tent·

63 4504 108 4560 bro
122 4520 214 4563 senes.
238 4506 341 4565 liniter
355 4507 571 4565 humectissimo
592 4517 634 4566 est
662 4523 792 4581 corpore.
819 4508 905 4564 Docet
960 4506 1072 4563 leniit
1095 4492 1207 4556 filimi·
1237 4501 1269 4549 ¹1⁸
1292 4492 1462 4563 deicidium
1485 4505 1546 4547 ³⁵⁰
1561 4489 1702 4589 Ressfflaffl
1732 4499 1809 4542 ⁰⁰¹¹*

63 4593 109 4652 hnc
121 4605 149 4653 et
162 4597 265 4653 levitas
277 4599 350 4655 cutis
363 4605 391 4654 et
404 4595 550 4668 splendor.
567 4597 675 4655 lloeent
699 4599 844 4670 praecipue
859 4611 905 4653 as·
958 4581 1109 4651 l³i³¹l0¹¹⁰
1132 4582 1260 4652 priorum
1285 4581 1483 4638 institutorum
1511 4592 1626 4635 1¹01¹¹1¹⁸¹
1648 4573 1807 4672 quamdam

61 4685 144 4741 ,Μ
157 4686 343 4757 purgationes
362 4686 511 4757 superfluo
527 4695 715 4744 exonerantes
732 4700 837 4758 corpus
852 4688 905 4742 hu.
959 4669 1114 4726 honestatis
1136 4669 1357 4736 institutionem,
1382 4678 1409 4725 et
1431 4669 1588 4742 quamdam
1617 4669 1809 4721 conversatio·

62 4786 142 4829 nore.
157 4774 231 4831 Cum
245 4788 314 4846 ergo
336 4784 456 4846 epotum
485 4775 586 4833 vinnm
602 4776 632 4832 in
649 4782 707 4832 tam
722 4775 837 4846 largum
857 4791 900 4832 ce

61 4862 155 4919 ciderit
170 4864 334 4934 humorem,
343 4865 410 4921 sint
430 4880 514 4923 suom
528 4865 629 4938 perdit,
659 4880 711 4923 nec
726 4865 808 4922 facile
823 4879 904 4922 cerc-

61 4948 97 5006 bri
122 4952 220 5008 sedem
250 4952 315 5009 ferit
336 4952 504 5012 fortitudine
529 4956 593 5028 ejus
610 4955 800 5013 exstincta.»
833 4955 903 5012 item

60 5037 162 5111 filiai:
188 5062 201 5092 ι
231 5040 366 5100 liuthero
401 5057 508 5115 corpus
540 5044 649 5103 crebris
683 5044 905 5117 purgationibus

60 5128 238 5201 deputatum,
255 5130 388 5214 pluribus
416 5139 581 5189 consertum
595 5134 787 5193 foraminibus
804 5142 836 5193 ut
858 5150 906 5207 pa·

58 5224 107 5275 teat
124 5223 159 5276 tn
181 5229 305 5290 meatus,
330 5228 359 5278 et
372 5222 435 5278 rias
449 5221 577 5295 prebeat
593 5223 707 5281 humori
733 5224 765 5281 in
786 5227 905 5297 egestio

58 5308 221 5367 nisexitum
232 5308 401 5368 confluenti.
415 5310 469 5368 Per
483 5310 546 5368 base
577 5310 723 5369 foramina
737 5326 829 5385 vapor
845 5313 903 5371 vini

57 5398 182 5456 celeriter
204 5398 362 5456 evmoecit.
383 5401 491 5459 contra
511 5400 631 5458 senibus
649 5400 759 5460 siccum
786 5410 829 5460 est
843 5417 904 5460 cor·

58 5498 115 5559 tut,
141 5486 226 5562 qnod
257 5487 553 5562 pmbetasperitsset
573 5488 679 5548 scallor
702 5492 786 5551 cutis.
815 5511 831 5543 s
858 5493 903 5552 lix

959 4757 1003 4813 nis
1017 4758 1228 4814 inchoationem
1252 4766 1375 4829 reputet,
1406 4759 1503 4813 dicens
1523 4757 1596 4828 (cap.
1614 4751 1681 4824 nit.)
1697 4765 1704 4806 :
1723 4772 1734 4801 ι
1750 4750 1804 4807 lie·

958 4847 1057 4918 gulam
1088 4857 1184 4904 autem
1214 4848 1290 4904 hanc
1312 4846 1527 4916 descripsimus,
1553 4853 1586 4900 ut
1612 4844 1689 4900 hauc
1713 4839 1808 4898 obser·

957 4944 1057 4994 nantes
1072 4937 1256 5009 aliquatenus
1277 4938 1319 4994 vel
1343 4938 1520 4994 honestatem
1544 4945 1660 4989 morum
1683 4937 1734 4988 aut
1756 4926 1810 4986 ini·

959 5025 1031 5084 tium
1062 5027 1288 5084 conversationis
1303 5041 1354 5083 nos
1372 5025 1602 5082 demonstremus
1618 5019 1735 5078 habere.
1747 5017 1807 5077 Ca·

959 5123 1052 5173 terum
1073 5116 1108 5172 ad
1130 5114 1331 5187 perfectionem
1360 5108 1587 5170 conversationis
1606 5110 1658 5181 qui
1681 5109 1809 5172 festinat,

958 5212 1023 5262 sunt
1039 5203 1175 5261 doctrinm
1203 5212 1369 5260 sanctorum
1392 5202 1519 5267 Petrum,
1552 5211 1682 5269 quarum
1713 5204 1810 5266 obser·

957 5302 1035 5358 vatio
1049 5300 1186 5370 perducat
1205 5299 1348 5356 hominem
1365 5300 1400 5356 ad
1423 5296 1622 5356 celsitudinem
1652 5299 1815 5377 pgrgggtitt·

958 5393 1012 5455 nis,
1035 5394 1132 5450 »item
1163 5392 1257 5465 (ibid.)
1273 5409 1310 5448 :1
1338 5393 1475 5466 Quisquis
1498 5406 1568 5464 ergo
1594 5389 1631 5446 ad
1666 5404 1827 5495 Quaem

957 5491 1081 5562 patriam
1092 5489 1220 5558 festinas,
1236 5492 1312 5548 hanc
1326 5491 1478 5551 minimam
1504 5489 1842 5613 inchoationmw
