<?xml version="1.0" encoding="UTF-8"?>
<!DOCTYPE html PUBLIC "-//W3C//DTD XHTML 1.0 Transitional//EN"
    "http://www.w3.org/TR/xhtml1/DTD/xhtml1-transitional.dtd">
<html xmlns="http://www.w3.org/1999/xhtml" xml:lang="en" lang="en">
 <head>
  <title>
</title>
<meta http-equiv="Content-Type" content="text/html;charset=utf-8" />
  <meta name='ocr-system' content='tesseract 3.04.00' />
  <meta name='ocr-capabilities' content='ocr_page ocr_carea ocr_par ocr_line ocrx_word'/>
</head>
<body>
  <div class='ocr_page' id='page_1' title='image "./patrologiaecurs53unkngoog_0898.png"; bbox 0 0 3804 5962; ppageno 0'>
   <div class='ocr_carea' id='block_1_1' title="bbox 731 145 1812 247">
    <p class='ocr_par' dir='ltr' id='par_1_1' title="bbox 731 145 1812 247">
     <span class='ocr_line' id='line_1_1' title="bbox 731 145 1812 247; baseline -0.001 -12"><span class='ocrx_word' id='word_1_1' title='bbox 731 179 1134 247; x_wconf 84' lang='lat' dir='ltr'><strong>nviimnrsnonnitrin.</strong></span> <span class='ocrx_word' id='word_1_2' title='bbox 1742 145 1812 234; x_wconf 82' lang='grc' dir='ltr'><strong>1151Ι</strong></span> 
     </span>
    </p>
   </div>
   <div class='ocr_carea' id='block_1_2' title="bbox 169 294 946 583">
    <p class='ocr_par' dir='ltr' id='par_1_2' title="bbox 169 294 946 440">
     <span class='ocr_line' id='line_1_2' title="bbox 170 294 946 368; baseline 0.006 -16"><span class='ocrx_word' id='word_1_3' title='bbox 170 299 228 353; x_wconf 91' lang='grc'><strong>1155</strong></span> <span class='ocrx_word' id='word_1_4' title='bbox 240 296 326 367; x_wconf 91' lang='lat' dir='ltr'><strong>primi</strong></span> <span class='ocrx_word' id='word_1_5' title='bbox 339 294 411 353; x_wconf 90' lang='lat' dir='ltr'><strong>vitio</strong></span> <span class='ocrx_word' id='word_1_6' title='bbox 430 303 563 368; x_wconf 89' lang='lat' dir='ltr'><strong>parentes</strong></span> <span class='ocrx_word' id='word_1_7' title='bbox 577 296 708 356; x_wconf 86' lang='lat' dir='ltr'><strong>exulant.</strong></span> <span class='ocrx_word' id='word_1_8' title='bbox 921 301 946 357; x_wconf 84' lang='grc'><strong>11</strong></span> 
     </span>
     <span class='ocr_line' id='line_1_3' title="bbox 169 369 775 440; baseline 0.007 -17"><span class='ocrx_word' id='word_1_9' title='bbox 169 370 202 425; x_wconf 83' lang='lat' dir='ltr'><strong>Et</strong></span> <span class='ocrx_word' id='word_1_10' title='bbox 215 369 323 425; x_wconf 81' lang='lat' dir='ltr'><strong>crebris</strong></span> <span class='ocrx_word' id='word_1_11' title='bbox 337 374 464 439; x_wconf 89' lang='lat' dir='ltr'><strong>posteros</strong></span> <span class='ocrx_word' id='word_1_12' title='bbox 473 369 612 426; x_wconf 81' lang='lat' dir='ltr'><strong>aerumnis</strong></span> <span class='ocrx_word' id='word_1_13' title='bbox 624 369 775 440; x_wconf 89' lang='lat' dir='ltr'><strong>implicant</strong></span> 
     </span>
    </p>

    <p class='ocr_par' dir='ltr' id='par_1_3' title="bbox 169 440 714 510">
     <span class='ocr_line' id='line_1_4' title="bbox 169 440 714 510; baseline 0.006 -15"><span class='ocrx_word' id='word_1_14' title='bbox 169 440 228 495; x_wconf 88' lang='lat' dir='ltr'><strong>lloc</strong></span> <span class='ocrx_word' id='word_1_15' title='bbox 247 440 420 496; x_wconf 90' lang='lat' dir='ltr'><strong>naturaliter</strong></span> <span class='ocrx_word' id='word_1_16' title='bbox 434 447 474 495; x_wconf 90' lang='lat' dir='ltr'><strong>est</strong></span> <span class='ocrx_word' id='word_1_17' title='bbox 489 440 571 496; x_wconf 93' lang='lat' dir='ltr'><strong>nobis</strong></span> <span class='ocrx_word' id='word_1_18' title='bbox 584 440 714 510; x_wconf 86' lang='lat' dir='ltr'><strong>insitum,</strong></span> 
     </span>
    </p>

    <p class='ocr_par' dir='ltr' id='par_1_4' title="bbox 169 509 677 583">
     <span class='ocr_line' id='line_1_5' title="bbox 169 509 677 583; baseline 0.002 -17"><span class='ocrx_word' id='word_1_19' title='bbox 169 512 205 566; x_wconf 87' lang='lat' dir='ltr'><strong>Et</strong></span> <span class='ocrx_word' id='word_1_20' title='bbox 221 509 306 582; x_wconf 91' lang='lat' dir='ltr'><strong>qiiasi</strong></span> <span class='ocrx_word' id='word_1_21' title='bbox 322 510 388 566; x_wconf 86' lang='lat' dir='ltr'><strong>tiliis</strong></span> <span class='ocrx_word' id='word_1_22' title='bbox 402 509 610 567; x_wconf 87' lang='lat' dir='ltr'><strong>bereditarium</strong></span> <span class='ocrx_word' id='word_1_23' title='bbox 626 511 677 583; x_wconf 88' lang='grc'><strong>(1).</strong></span> 
     </span>
    </p>
   </div>
   <div class='ocr_carea' id='block_1_3' title="bbox 167 616 730 898">
    <p class='ocr_par' dir='ltr' id='par_1_5' title="bbox 171 616 629 687">
     <span class='ocr_line' id='line_1_6' title="bbox 171 616 629 687; baseline 0.002 -15"><span class='ocrx_word' id='word_1_24' title='bbox 171 616 388 673; x_wconf 73' lang='lat' dir='ltr'><strong>immoderatior</strong></span> <span class='ocrx_word' id='word_1_25' title='bbox 402 623 428 672; x_wconf 91' lang='lat' dir='ltr'><strong>et</strong></span> <span class='ocrx_word' id='word_1_26' title='bbox 443 616 518 673; x_wconf 90' lang='lat' dir='ltr'><strong>inter</strong></span> <span class='ocrx_word' id='word_1_27' title='bbox 529 617 629 687; x_wconf 81' lang='lat' dir='ltr'>epulas</span> 
     </span>
    </p>

    <p class='ocr_par' dir='ltr' id='par_1_6' title="bbox 167 686 730 898">
     <span class='ocr_line' id='line_1_7' title="bbox 167 686 729 758; baseline -0.004 -14"><span class='ocrx_word' id='word_1_28' title='bbox 167 687 196 744; x_wconf 88' lang='lat' dir='ltr'><strong>Si</strong></span> <span class='ocrx_word' id='word_1_29' title='bbox 211 688 281 757; x_wconf 91' lang='lat' dir='ltr'><strong>quid</strong></span> <span class='ocrx_word' id='word_1_30' title='bbox 297 686 440 743; x_wconf 80' lang='lat' dir='ltr'><strong>addiderit</strong></span> <span class='ocrx_word' id='word_1_31' title='bbox 450 686 543 758; x_wconf 79' lang='lat' dir='ltr'><strong>culpe</strong></span> <span class='ocrx_word' id='word_1_32' title='bbox 559 687 729 758; x_wconf 86' lang='lat' dir='ltr'><strong>loquacitas,</strong></span> 
     </span>
     <span class='ocr_line' id='line_1_8' title="bbox 168 758 730 829; baseline 0.002 -16"><span class='ocrx_word' id='word_1_33' title='bbox 168 758 200 813; x_wconf 93' lang='lat' dir='ltr'><strong>ld</strong></span> <span class='ocrx_word' id='word_1_34' title='bbox 216 771 333 828; x_wconf 91' lang='lat' dir='ltr'><strong>quoque</strong></span> <span class='ocrx_word' id='word_1_35' title='bbox 349 763 432 813; x_wconf 92' lang='lat' dir='ltr'><strong>tuum</strong></span> <span class='ocrx_word' id='word_1_36' title='bbox 451 766 493 813; x_wconf 91' lang='lat' dir='ltr'><strong>est</strong></span> <span class='ocrx_word' id='word_1_37' title='bbox 504 758 561 814; x_wconf 91' lang='lat' dir='ltr'><strong>tuis</strong></span> <span class='ocrx_word' id='word_1_38' title='bbox 576 758 730 829; x_wconf 86' lang='lat' dir='ltr'><strong>ignoscere,</strong></span> 
     </span>
     <span class='ocr_line' id='line_1_9' title="bbox 168 827 728 898; baseline -0.005 -15"><span class='ocrx_word' id='word_1_39' title='bbox 168 829 222 895; x_wconf 84' lang='lat' dir='ltr'><strong>Qui</strong></span> <span class='ocrx_word' id='word_1_40' title='bbox 238 829 321 884; x_wconf 92' lang='lat' dir='ltr'><strong>nobis</strong></span> <span class='ocrx_word' id='word_1_41' title='bbox 335 827 466 898; x_wconf 91' lang='lat' dir='ltr'><strong>spacium</strong></span> <span class='ocrx_word' id='word_1_42' title='bbox 482 841 613 886; x_wconf 86' lang='lat' dir='ltr'><strong>reservas</strong></span> <span class='ocrx_word' id='word_1_43' title='bbox 627 829 728 886; x_wconf 84' lang='lat' dir='ltr'><strong>veniae.</strong></span> 
     </span>
    </p>
   </div>
   <div class='ocr_carea' id='block_1_4' title="bbox 166 933 828 1220">
    <p class='ocr_par' dir='ltr' id='par_1_7' title="bbox 166 933 828 1220">
     <span class='ocr_line' id='line_1_10' title="bbox 167 933 743 1006; baseline 0.005 -17"><span class='ocrx_word' id='word_1_44' title='bbox 167 934 262 990; x_wconf 88' lang='grc'><strong>’15551</strong></span> <span class='ocrx_word' id='word_1_45' title='bbox 277 941 319 990; x_wconf 89' lang='grc'><strong>551</strong></span> <span class='ocrx_word' id='word_1_46' title='bbox 334 933 459 1004; x_wconf 75' lang='lat' dir='ltr'><strong>gratiam</strong></span> <span class='ocrx_word' id='word_1_47' title='bbox 475 934 544 991; x_wconf 88' lang='lat' dir='ltr'><strong>dare</strong></span> <span class='ocrx_word' id='word_1_48' title='bbox 560 935 743 1006; x_wconf 80' lang='lat' dir='ltr'><strong>supplicibus</strong></span> 
     </span>
     <span class='ocr_line' id='line_1_11' title="bbox 167 1004 729 1070; baseline 0 -10"><span class='ocrx_word' id='word_1_49' title='bbox 167 1004 229 1070; x_wconf 90' lang='lat' dir='ltr'><strong>Qua</strong></span> <span class='ocrx_word' id='word_1_50' title='bbox 244 1004 296 1060; x_wconf 90' lang='lat' dir='ltr'><strong>sibi</strong></span> <span class='ocrx_word' id='word_1_51' title='bbox 308 1013 363 1061; x_wconf 91' lang='lat' dir='ltr'><strong>tem</strong></span> <span class='ocrx_word' id='word_1_52' title='bbox 386 1012 445 1061; x_wconf 89' lang='lat' dir='ltr'><strong>eret</strong></span> <span class='ocrx_word' id='word_1_53' title='bbox 459 1004 495 1061; x_wconf 91' lang='lat' dir='ltr'><strong>ab</strong></span> <span class='ocrx_word' id='word_1_54' title='bbox 511 1005 556 1062; x_wconf 91' lang='lat' dir='ltr'><strong>bis</strong></span> <span class='ocrx_word' id='word_1_55' title='bbox 572 1014 600 1062; x_wconf 93' lang='lat' dir='ltr'><strong>et</strong></span> <span class='ocrx_word' id='word_1_56' title='bbox 613 1005 729 1063; x_wconf 88' lang='lat' dir='ltr'><strong>talibus.</strong></span> 
     </span>
     <span class='ocr_line' id='line_1_12' title="bbox 167 1018 828 1148; baseline 0.003 -18"><span class='ocrx_word' id='word_1_57' title='bbox 167 1076 262 1130; x_wconf 79' lang='lat' dir='ltr'><strong>Tuum</strong></span> <span class='ocrx_word' id='word_1_58' title='bbox 282 1082 324 1130; x_wconf 92' lang='lat' dir='ltr'><strong>est</strong></span> <span class='ocrx_word' id='word_1_59' title='bbox 339 1018 384 1146; x_wconf 47' lang='lat'><strong>(23)</strong></span> <span class='ocrx_word' id='word_1_60' title='bbox 395 1076 531 1131; x_wconf 92' lang='lat' dir='ltr'><strong>omnibus</strong></span> <span class='ocrx_word' id='word_1_61' title='bbox 546 1076 664 1132; x_wconf 90' lang='lat' dir='ltr'><strong>modum</strong></span> <span class='ocrx_word' id='word_1_62' title='bbox 680 1075 828 1148; x_wconf 71' lang='lat' dir='ltr'><strong>praefigere</strong></span> 
     </span>
     <span class='ocr_line' id='line_1_13' title="bbox 166 1145 725 1220; baseline 0.002 -19"><span class='ocrx_word' id='word_1_63' title='bbox 166 1148 262 1216; x_wconf 83' lang='lat' dir='ltr'><strong>Atque</strong></span> <span class='ocrx_word' id='word_1_64' title='bbox 275 1145 450 1219; x_wconf 76' lang='lat' dir='ltr'><strong>precipitem</strong></span> <span class='ocrx_word' id='word_1_65' title='bbox 466 1154 602 1203; x_wconf 90' lang='lat' dir='ltr'><strong>naturam</strong></span> <span class='ocrx_word' id='word_1_66' title='bbox 616 1161 725 1220; x_wconf 88' lang='lat' dir='ltr'><strong>regere.</strong></span> 
     </span>
    </p>
   </div>
   <div class='ocr_carea' id='block_1_5' title="bbox 165 1250 780 1537">
    <p class='ocr_par' dir='ltr' id='par_1_8' title="bbox 165 1250 677 1322">
     <span class='ocr_line' id='line_1_14' title="bbox 165 1250 677 1322; baseline 0.002 -15"><span class='ocrx_word' id='word_1_67' title='bbox 165 1250 423 1322; x_wconf 86' lang='lat' dir='ltr'><strong>Peregrinantibus</strong></span> <span class='ocrx_word' id='word_1_68' title='bbox 438 1251 523 1308; x_wconf 92' lang='lat' dir='ltr'><strong>nobis</strong></span> <span class='ocrx_word' id='word_1_69' title='bbox 535 1251 677 1311; x_wconf 90' lang='lat' dir='ltr'><strong>viaticum</strong></span> 
     </span>
    </p>

    <p class='ocr_par' dir='ltr' id='par_1_9' title="bbox 168 1322 720 1394">
     <span class='ocr_line' id='line_1_15' title="bbox 168 1322 720 1394; baseline 0.002 -16"><span class='ocrx_word' id='word_1_70' title='bbox 168 1322 210 1378; x_wconf 92' lang='lat' dir='ltr'><strong>Da</strong></span> <span class='ocrx_word' id='word_1_71' title='bbox 224 1324 428 1392; x_wconf 89' lang='lat' dir='ltr'><strong>necessarium,</strong></span> <span class='ocrx_word' id='word_1_72' title='bbox 443 1323 509 1380; x_wconf 90' lang='grc'><strong>15115</strong></span> <span class='ocrx_word' id='word_1_73' title='bbox 520 1324 720 1394; x_wconf 83' lang='grc'><strong>5555115515;</strong></span> 
     </span>
    </p>

    <p class='ocr_par' dir='ltr' id='par_1_10' title="bbox 166 1391 780 1537">
     <span class='ocr_line' id='line_1_16' title="bbox 167 1391 780 1465; baseline 0.005 -17"><span class='ocrx_word' id='word_1_74' title='bbox 167 1391 207 1448; x_wconf 88' lang='lat' dir='ltr'><strong>Sit</strong></span> <span class='ocrx_word' id='word_1_75' title='bbox 221 1407 286 1464; x_wconf 86' lang='lat' dir='ltr'><strong>quae</strong></span> <span class='ocrx_word' id='word_1_76' title='bbox 306 1407 365 1448; x_wconf 94' lang='lat' dir='ltr'><strong>non</strong></span> <span class='ocrx_word' id='word_1_77' title='bbox 381 1395 499 1450; x_wconf 88' lang='lat' dir='ltr'><strong>honeret</strong></span> <span class='ocrx_word' id='word_1_78' title='bbox 511 1392 641 1464; x_wconf 83' lang='lat' dir='ltr'><strong>supellex</strong></span> <span class='ocrx_word' id='word_1_79' title='bbox 658 1391 780 1465; x_wconf 89' lang='lat' dir='ltr'><strong>modica,</strong></span> 
     </span>
     <span class='ocr_line' id='line_1_17' title="bbox 166 1463 710 1537; baseline -0.002 -17"><span class='ocrx_word' id='word_1_80' title='bbox 166 1463 207 1520; x_wconf 88' lang='lat' dir='ltr'><strong>Ne</strong></span> <span class='ocrx_word' id='word_1_81' title='bbox 222 1463 304 1520; x_wconf 88' lang='lat' dir='ltr'><strong>tarde</strong></span> <span class='ocrx_word' id='word_1_82' title='bbox 316 1463 447 1535; x_wconf 88' lang='lat' dir='ltr'><strong>proiugis</strong></span> <span class='ocrx_word' id='word_1_83' title='bbox 461 1471 593 1522; x_wconf 89' lang='lat' dir='ltr'><strong>occurrat</strong></span> <span class='ocrx_word' id='word_1_84' title='bbox 607 1467 710 1537; x_wconf 89' lang='lat' dir='ltr'><strong>patria.</strong></span> 
     </span>
    </p>
   </div>
   <div class='ocr_carea' id='block_1_6' title="bbox 166 1566 787 1853">
    <p class='ocr_par' dir='ltr' id='par_1_11' title="bbox 166 1566 787 1853">
     <span class='ocr_line' id='line_1_18' title="bbox 166 1566 670 1640; baseline 0.006 -16"><span class='ocrx_word' id='word_1_85' title='bbox 166 1566 238 1635; x_wconf 87' lang='lat' dir='ltr'><strong>Quis</strong></span> <span class='ocrx_word' id='word_1_86' title='bbox 256 1568 389 1627; x_wconf 84' lang='grc'><strong>15511115</strong></span> <span class='ocrx_word' id='word_1_87' title='bbox 405 1578 517 1640; x_wconf 85' lang='lat' dir='ltr'><strong>quaerat</strong></span> <span class='ocrx_word' id='word_1_88' title='bbox 532 1569 670 1628; x_wconf 80' lang='lat' dir='ltr'><strong>delitias?</strong></span> 
     </span>
     <span class='ocr_line' id='line_1_19' title="bbox 166 1639 787 1699; baseline 0 -2"><span class='ocrx_word' id='word_1_89' title='bbox 166 1640 219 1697; x_wconf 85' lang='lat' dir='ltr'><strong>Vei</strong></span> <span class='ocrx_word' id='word_1_90' title='bbox 230 1641 328 1697; x_wconf 88' lang='lat' dir='ltr'><strong>nudus</strong></span> <span class='ocrx_word' id='word_1_91' title='bbox 344 1642 457 1698; x_wconf 88' lang='lat' dir='ltr'><strong>utinam</strong></span> <span class='ocrx_word' id='word_1_92' title='bbox 472 1641 540 1699; x_wconf 89' lang='lat' dir='ltr'><strong>b&#39;inc</strong></span> <span class='ocrx_word' id='word_1_93' title='bbox 555 1642 670 1699; x_wconf 90' lang='lat' dir='ltr'><strong>tandem</strong></span> <span class='ocrx_word' id='word_1_94' title='bbox 684 1639 787 1698; x_wconf 82' lang='lat' dir='ltr'><strong>exeati</strong></span> 
     </span>
     <span class='ocr_line' id='line_1_20' title="bbox 166 1711 787 1783; baseline 0.003 -17"><span class='ocrx_word' id='word_1_95' title='bbox 166 1711 190 1767; x_wconf 87' lang='lat' dir='ltr'><strong>N</strong></span> <span class='ocrx_word' id='word_1_96' title='bbox 194 1711 306 1781; x_wconf 89' lang='lat' dir='ltr'><strong>udeque</strong></span> <span class='ocrx_word' id='word_1_97' title='bbox 322 1711 499 1783; x_wconf 77' lang='lat' dir='ltr'><strong>naufragum</strong></span> <span class='ocrx_word' id='word_1_98' title='bbox 512 1712 667 1770; x_wconf 83' lang='lat' dir='ltr'><strong>baerentem</strong></span> <span class='ocrx_word' id='word_1_99' title='bbox 681 1712 787 1770; x_wconf 80' lang='lat' dir='ltr'><strong>tabule</strong></span> 
     </span>
     <span class='ocr_line' id='line_1_21' title="bbox 166 1781 666 1853; baseline 0.002 -14"><span class='ocrx_word' id='word_1_100' title='bbox 166 1781 666 1853; x_wconf 56' lang='lat' dir='ltr'><strong>mmmmmmm.</strong></span> 
     </span>
    </p>
   </div>
   <div class='ocr_carea' id='block_1_7' title="bbox 164 1887 769 2172">
    <p class='ocr_par' dir='ltr' id='par_1_12' title="bbox 166 1887 716 1960">
     <span class='ocr_line' id='line_1_22' title="bbox 166 1887 716 1960; baseline 0.005 -17"><span class='ocrx_word' id='word_1_101' title='bbox 166 1887 220 1951; x_wconf 84' lang='grc'><strong>051</strong></span> <span class='ocrx_word' id='word_1_102' title='bbox 236 1888 414 1959; x_wconf 87' lang='lat' dir='ltr'><strong>spiritalibus</strong></span> <span class='ocrx_word' id='word_1_103' title='bbox 429 1902 458 1944; x_wconf 92' lang='grc'><strong>55</strong></span> <span class='ocrx_word' id='word_1_104' title='bbox 477 1889 548 1946; x_wconf 90' lang='lat' dir='ltr'><strong>cibis</strong></span> <span class='ocrx_word' id='word_1_105' title='bbox 565 1896 716 1960; x_wconf 72' lang='lat' dir='ltr'><strong>preparat,</strong></span> 
     </span>
    </p>

    <p class='ocr_par' dir='ltr' id='par_1_13' title="bbox 164 1959 769 2172">
     <span class='ocr_line' id='line_1_23' title="bbox 164 1959 769 2030; baseline 0.005 -17"><span class='ocrx_word' id='word_1_106' title='bbox 164 1961 224 2017; x_wconf 86' lang='grc'><strong>1155</strong></span> <span class='ocrx_word' id='word_1_107' title='bbox 244 1961 348 2030; x_wconf 82' lang='lat' dir='ltr'><strong>quaerit</strong></span> <span class='ocrx_word' id='word_1_108' title='bbox 361 1959 490 2030; x_wconf 90' lang='lat' dir='ltr'><strong>qualibet</strong></span> <span class='ocrx_word' id='word_1_109' title='bbox 505 1968 614 2016; x_wconf 90' lang='lat' dir='ltr'><strong>stercus</strong></span> <span class='ocrx_word' id='word_1_110' title='bbox 627 1960 769 2016; x_wconf 79' lang='lat' dir='ltr'><strong>conficiat.</strong></span> 
     </span>
     <span class='ocr_line' id='line_1_24' title="bbox 165 2030 752 2102; baseline 0 -17"><span class='ocrx_word' id='word_1_111' title='bbox 165 2030 273 2085; x_wconf 71' lang='grc'><strong>11515511</strong></span> <span class='ocrx_word' id='word_1_112' title='bbox 290 2045 362 2099; x_wconf 84' lang='grc'><strong>5555</strong></span> <span class='ocrx_word' id='word_1_113' title='bbox 377 2031 429 2098; x_wconf 90' lang='lat' dir='ltr'><strong>qui</strong></span> <span class='ocrx_word' id='word_1_114' title='bbox 444 2031 557 2102; x_wconf 88' lang='lat' dir='ltr'><strong>saginat</strong></span> <span class='ocrx_word' id='word_1_115' title='bbox 571 2032 608 2101; x_wconf 82' lang='grc'><strong>(3)</strong></span> <span class='ocrx_word' id='word_1_116' title='bbox 625 2031 752 2086; x_wconf 85' lang='lat' dir='ltr'><strong>animatu</strong></span> 
     </span>
     <span class='ocr_line' id='line_1_25' title="bbox 166 2100 762 2172; baseline -0.003 -16"><span class='ocrx_word' id='word_1_117' title='bbox 166 2100 281 2156; x_wconf 89' lang='lat' dir='ltr'><strong>Ventris</strong></span> <span class='ocrx_word' id='word_1_118' title='bbox 296 2101 443 2172; x_wconf 83' lang='lat' dir='ltr'><strong>rugitibus</strong></span> <span class='ocrx_word' id='word_1_119' title='bbox 462 2116 520 2157; x_wconf 91' lang='lat' dir='ltr'><strong>non</strong></span> <span class='ocrx_word' id='word_1_120' title='bbox 533 2108 615 2172; x_wconf 91' lang='lat' dir='ltr'><strong>parat</strong></span> <span class='ocrx_word' id='word_1_121' title='bbox 627 2101 762 2157; x_wconf 89' lang='lat' dir='ltr'><strong>similam.</strong></span> 
     </span>
    </p>
   </div>
   <div class='ocr_carea' id='block_1_8' title="bbox 163 2203 835 2490">
    <p class='ocr_par' dir='ltr' id='par_1_14' title="bbox 163 2203 835 2348">
     <span class='ocr_line' id='line_1_26' title="bbox 163 2203 835 2286; baseline 0.003 -26"><span class='ocrx_word' id='word_1_122' title='bbox 163 2204 204 2285; x_wconf 71' lang='grc'><strong>01</strong></span> <span class='ocrx_word' id='word_1_123' title='bbox 221 2203 261 2286; x_wconf 78' lang='grc'><strong>(1)</strong></span> <span class='ocrx_word' id='word_1_124' title='bbox 277 2205 365 2271; x_wconf 84' lang='lat' dir='ltr'><strong>Quem</strong></span> <span class='ocrx_word' id='word_1_125' title='bbox 382 2221 457 2262; x_wconf 83' lang='lat' dir='ltr'><strong>verm</strong></span> <span class='ocrx_word' id='word_1_126' title='bbox 472 2207 608 2277; x_wconf 89' lang='lat' dir='ltr'><strong>poculum</strong></span> <span class='ocrx_word' id='word_1_127' title='bbox 623 2206 691 2263; x_wconf 92' lang='lat' dir='ltr'><strong>vitis</strong></span> <span class='ocrx_word' id='word_1_128' title='bbox 704 2207 835 2276; x_wconf 89' lang='lat' dir='ltr'><strong>inebriat,</strong></span> 
     </span>
     <span class='ocr_line' id='line_1_27' title="bbox 165 2276 704 2348; baseline 0.002 -16"><span class='ocrx_word' id='word_1_129' title='bbox 165 2276 233 2332; x_wconf 90' lang='lat' dir='ltr'><strong>Vini</strong></span> <span class='ocrx_word' id='word_1_130' title='bbox 249 2277 398 2332; x_wconf 88' lang='lat' dir='ltr'><strong>dulcedine</strong></span> <span class='ocrx_word' id='word_1_131' title='bbox 410 2278 509 2348; x_wconf 88' lang='lat' dir='ltr'><strong>gulam</strong></span> <span class='ocrx_word' id='word_1_132' title='bbox 522 2292 578 2333; x_wconf 91' lang='lat' dir='ltr'><strong>non</strong></span> <span class='ocrx_word' id='word_1_133' title='bbox 594 2278 704 2346; x_wconf 91' lang='lat' dir='ltr'><strong>incitat,</strong></span> 
     </span>
    </p>

    <p class='ocr_par' dir='ltr' id='par_1_15' title="bbox 165 2346 791 2490">
     <span class='ocr_line' id='line_1_28' title="bbox 166 2346 791 2418; baseline 0.005 -17"><span class='ocrx_word' id='word_1_134' title='bbox 166 2346 275 2416; x_wconf 80' lang='lat' dir='ltr'><strong>Regum</strong></span> <span class='ocrx_word' id='word_1_135' title='bbox 291 2347 409 2413; x_wconf 72' lang='lat' dir='ltr'><strong>deliciae,</strong></span> <span class='ocrx_word' id='word_1_136' title='bbox 424 2362 481 2403; x_wconf 93' lang='lat' dir='ltr'><strong>non</strong></span> <span class='ocrx_word' id='word_1_137' title='bbox 498 2348 604 2405; x_wconf 83' lang='lat' dir='ltr'><strong>Christi</strong></span> <span class='ocrx_word' id='word_1_138' title='bbox 619 2362 791 2418; x_wconf 88' lang='lat' dir='ltr'><strong>pauperum,</strong></span> 
     </span>
     <span class='ocr_line' id='line_1_29' title="bbox 165 2416 690 2490; baseline 0.002 -18"><span class='ocrx_word' id='word_1_139' title='bbox 165 2416 376 2473; x_wconf 92' lang='lat' dir='ltr'><strong>Sollicitudines</strong></span> <span class='ocrx_word' id='word_1_140' title='bbox 388 2425 457 2474; x_wconf 89' lang='lat' dir='ltr'><strong>sunt</strong></span> <span class='ocrx_word' id='word_1_141' title='bbox 475 2419 536 2474; x_wconf 85' lang='lat' dir='ltr'><strong>istae</strong></span> <span class='ocrx_word' id='word_1_142' title='bbox 551 2421 690 2490; x_wconf 92' lang='lat' dir='ltr'><strong>gentium.</strong></span> 
     </span>
    </p>
   </div>
   <div class='ocr_carea' id='block_1_9' title="bbox 163 2522 760 2805">
    <p class='ocr_par' dir='ltr' id='par_1_16' title="bbox 163 2522 760 2805">
     <span class='ocr_line' id='line_1_30' title="bbox 163 2522 720 2595; baseline 0.007 -20"><span class='ocrx_word' id='word_1_143' title='bbox 163 2523 285 2577; x_wconf 89' lang='lat' dir='ltr'><strong>Terrena</strong></span> <span class='ocrx_word' id='word_1_144' title='bbox 296 2523 423 2591; x_wconf 84' lang='lat' dir='ltr'><strong>cogitant</strong></span> <span class='ocrx_word' id='word_1_145' title='bbox 436 2522 488 2589; x_wconf 91' lang='lat' dir='ltr'><strong>hii,</strong></span> <span class='ocrx_word' id='word_1_146' title='bbox 504 2537 563 2578; x_wconf 93' lang='lat' dir='ltr'><strong>non</strong></span> <span class='ocrx_word' id='word_1_147' title='bbox 578 2522 701 2579; x_wconf 83' lang='lat' dir='ltr'><strong>caelestia</strong></span> <span class='ocrx_word' id='word_1_148' title='bbox 710 2539 720 2595; x_wconf 93' lang='lat'>;</span> 
     </span>
     <span class='ocr_line' id='line_1_31' title="bbox 163 2592 678 2663; baseline 0.004 -17"><span class='ocrx_word' id='word_1_149' title='bbox 163 2592 279 2647; x_wconf 91' lang='lat' dir='ltr'><strong>Ponunt</strong></span> <span class='ocrx_word' id='word_1_150' title='bbox 294 2592 415 2649; x_wconf 74' lang='lat' dir='ltr'><strong>exilium</strong></span> <span class='ocrx_word' id='word_1_151' title='bbox 430 2593 483 2649; x_wconf 91' lang='lat' dir='ltr'><strong>sibi</strong></span> <span class='ocrx_word' id='word_1_152' title='bbox 500 2607 551 2663; x_wconf 94' lang='lat' dir='ltr'><strong>pro</strong></span> <span class='ocrx_word' id='word_1_153' title='bbox 567 2593 678 2663; x_wconf 90' lang='lat' dir='ltr'><strong>patria;</strong></span> 
     </span>
     <span class='ocr_line' id='line_1_32' title="bbox 166 2662 760 2730; baseline 0.007 -14"><span class='ocrx_word' id='word_1_154' title='bbox 166 2662 274 2718; x_wconf 85' lang='lat' dir='ltr'><strong>Sortem</strong></span> <span class='ocrx_word' id='word_1_155' title='bbox 290 2677 356 2718; x_wconf 90' lang='lat' dir='ltr'><strong>cum</strong></span> <span class='ocrx_word' id='word_1_156' title='bbox 373 2663 470 2723; x_wconf 89' lang='lat' dir='ltr'><strong>bestiis</strong></span> <span class='ocrx_word' id='word_1_157' title='bbox 485 2664 531 2719; x_wconf 89' lang='lat' dir='ltr'><strong>liic</strong></span> <span class='ocrx_word' id='word_1_158' title='bbox 546 2677 629 2720; x_wconf 91' lang='lat' dir='ltr'><strong>suain</strong></span> <span class='ocrx_word' id='word_1_159' title='bbox 640 2663 760 2730; x_wconf 88' lang='lat' dir='ltr'><strong>iaciunt,</strong></span> 
     </span>
     <span class='ocr_line' id='line_1_33' title="bbox 164 2733 657 2805; baseline 0.01 -19"><span class='ocrx_word' id='word_1_160' title='bbox 164 2733 200 2786; x_wconf 83' lang='lat' dir='ltr'><strong>Et</strong></span> <span class='ocrx_word' id='word_1_161' title='bbox 212 2733 282 2787; x_wconf 89' lang='lat' dir='ltr'><strong>tales</strong></span> <span class='ocrx_word' id='word_1_162' title='bbox 296 2733 392 2789; x_wconf 89' lang='lat' dir='ltr'><strong>miseri</strong></span> <span class='ocrx_word' id='word_1_163' title='bbox 407 2734 524 2789; x_wconf 89' lang='lat' dir='ltr'><strong>comites</strong></span> <span class='ocrx_word' id='word_1_164' title='bbox 538 2734 657 2805; x_wconf 85' lang='lat' dir='ltr'><strong>eligunt·</strong></span> 
     </span>
    </p>
   </div>
   <div class='ocr_carea' id='block_1_10' title="bbox 164 2838 941 3118">
    <p class='ocr_par' dir='ltr' id='par_1_17' title="bbox 164 2838 941 2982">
     <span class='ocr_line' id='line_1_34' title="bbox 164 2838 941 2916; baseline 0.009 -26"><span class='ocrx_word' id='word_1_165' title='bbox 164 2838 270 2893; x_wconf 84' lang='lat' dir='ltr'><strong>Averni</strong></span> <span class='ocrx_word' id='word_1_166' title='bbox 287 2838 398 2894; x_wconf 89' lang='lat' dir='ltr'><strong>lacilem</strong></span> <span class='ocrx_word' id='word_1_167' title='bbox 414 2838 582 2896; x_wconf 88' lang='lat' dir='ltr'><strong>descensum</strong></span> <span class='ocrx_word' id='word_1_168' title='bbox 592 2846 740 2910; x_wconf 88' lang='lat' dir='ltr'><strong>appetunt,</strong></span> <span class='ocrx_word' id='word_1_169' title='bbox 919 2859 941 2916; x_wconf 69' lang='grc' dir='ltr'>ρ</span> 
     </span>
     <span class='ocr_line' id='line_1_35' title="bbox 164 2907 743 2982; baseline 0.009 -21"><span class='ocrx_word' id='word_1_170' title='bbox 164 2907 298 2962; x_wconf 86' lang='lat' dir='ltr'><strong>Arduum</strong></span> <span class='ocrx_word' id='word_1_171' title='bbox 315 2908 453 2966; x_wconf 80' lang='grc'><strong>5151511151</strong></span> <span class='ocrx_word' id='word_1_172' title='bbox 467 2910 567 2965; x_wconf 89' lang='lat' dir='ltr'><strong>callem</strong></span> <span class='ocrx_word' id='word_1_173' title='bbox 583 2910 743 2982; x_wconf 76' lang='lat' dir='ltr'><strong>refugiunt.</strong></span> 
     </span>
    </p>

    <p class='ocr_par' dir='ltr' id='par_1_18' title="bbox 165 2979 709 3050">
     <span class='ocr_line' id='line_1_36' title="bbox 165 2979 709 3050; baseline 0.015 -21"><span class='ocrx_word' id='word_1_174' title='bbox 165 2979 268 3033; x_wconf 87' lang='lat' dir='ltr'><strong>Venire</strong></span> <span class='ocrx_word' id='word_1_175' title='bbox 281 2985 308 3032; x_wconf 90' lang='lat' dir='ltr'><strong>et</strong></span> <span class='ocrx_word' id='word_1_176' title='bbox 324 2987 436 3048; x_wconf 90' lang='lat' dir='ltr'><strong>pectore</strong></span> <span class='ocrx_word' id='word_1_177' title='bbox 448 2988 578 3049; x_wconf 84' lang='lat' dir='ltr'><strong>repentes</strong></span> <span class='ocrx_word' id='word_1_178' title='bbox 594 2987 709 3050; x_wconf 87' lang='lat' dir='ltr'><strong>penitus</strong></span> 
     </span>
    </p>

    <p class='ocr_par' dir='ltr' id='par_1_19' title="bbox 165 3047 716 3118">
     <span class='ocr_line' id='line_1_37' title="bbox 165 3047 716 3118; baseline 0.004 -15"><span class='ocrx_word' id='word_1_179' title='bbox 165 3047 198 3103; x_wconf 88' lang='lat' dir='ltr'><strong>Se</strong></span> <span class='ocrx_word' id='word_1_180' title='bbox 209 3049 268 3118; x_wconf 88' lang='lat' dir='ltr'><strong>jam</strong></span> <span class='ocrx_word' id='word_1_181' title='bbox 284 3050 413 3105; x_wconf 91' lang='lat' dir='ltr'><strong>attollere</strong></span> <span class='ocrx_word' id='word_1_182' title='bbox 428 3050 524 3106; x_wconf 87' lang='lat' dir='ltr'><strong>valent</strong></span> <span class='ocrx_word' id='word_1_183' title='bbox 539 3050 716 3107; x_wconf 89' lang='lat' dir='ltr'><strong>nuliatenus.</strong></span> 
     </span>
    </p>
   </div>
   <div class='ocr_carea' id='block_1_11' title="bbox 164 3151 777 3438">
    <p class='ocr_par' dir='ltr' id='par_1_20' title="bbox 166 3151 703 3221">
     <span class='ocr_line' id='line_1_38' title="bbox 166 3151 703 3221; baseline 0.011 -16"><span class='ocrx_word' id='word_1_184' title='bbox 166 3151 201 3206; x_wconf 89' lang='lat' dir='ltr'><strong>Ut</strong></span> <span class='ocrx_word' id='word_1_185' title='bbox 217 3164 322 3220; x_wconf 90' lang='lat' dir='ltr'><strong>pronas</strong></span> <span class='ocrx_word' id='word_1_186' title='bbox 338 3165 455 3221; x_wconf 89' lang='lat' dir='ltr'><strong>corpore</strong></span> <span class='ocrx_word' id='word_1_187' title='bbox 469 3160 576 3209; x_wconf 90' lang='lat' dir='ltr'><strong>natura</strong></span> <span class='ocrx_word' id='word_1_188' title='bbox 592 3153 703 3221; x_wconf 88' lang='lat' dir='ltr'><strong>bestias,</strong></span> 
     </span>
    </p>

    <p class='ocr_par' dir='ltr' id='par_1_21' title="bbox 166 3221 623 3280">
     <span class='ocr_line' id='line_1_39' title="bbox 166 3221 623 3280; baseline 0.009 -6"><span class='ocrx_word' id='word_1_189' title='bbox 166 3221 210 3275; x_wconf 91' lang='lat' dir='ltr'><strong>Sic</strong></span> <span class='ocrx_word' id='word_1_190' title='bbox 226 3224 293 3278; x_wconf 89' lang='lat' dir='ltr'><strong>istos</strong></span> <span class='ocrx_word' id='word_1_191' title='bbox 303 3225 400 3278; x_wconf 91' lang='lat' dir='ltr'><strong>aniiiio</strong></span> <span class='ocrx_word' id='word_1_192' title='bbox 413 3223 479 3278; x_wconf 88' lang='lat' dir='ltr'><strong>iecit</strong></span> <span class='ocrx_word' id='word_1_193' title='bbox 488 3225 623 3280; x_wconf 88' lang='lat' dir='ltr'><strong>edacitas.</strong></span> 
     </span>
    </p>

    <p class='ocr_par' dir='ltr' id='par_1_22' title="bbox 164 3292 697 3363">
     <span class='ocr_line' id='line_1_40' title="bbox 164 3292 697 3363; baseline 0.006 -17"><span class='ocrx_word' id='word_1_194' title='bbox 164 3292 252 3347; x_wconf 86' lang='lat' dir='ltr'><strong>Daclii</strong></span> <span class='ocrx_word' id='word_1_195' title='bbox 268 3293 312 3347; x_wconf 92' lang='grc'><strong>151</strong></span> <span class='ocrx_word' id='word_1_196' title='bbox 329 3293 439 3349; x_wconf 82' lang='lat' dir='ltr'><strong>Cereris</strong></span> <span class='ocrx_word' id='word_1_197' title='bbox 451 3293 565 3363; x_wconf 91' lang='lat' dir='ltr'><strong>templis</strong></span> <span class='ocrx_word' id='word_1_198' title='bbox 577 3294 697 3362; x_wconf 91' lang='lat' dir='ltr'><strong>assidui,</strong></span> 
     </span>
    </p>

    <p class='ocr_par' dir='ltr' id='par_1_23' title="bbox 165 3364 777 3438">
     <span class='ocr_line' id='line_1_41' title="bbox 165 3364 777 3438; baseline 0.007 -22"><span class='ocrx_word' id='word_1_199' title='bbox 165 3364 198 3416; x_wconf 96' lang='lat' dir='ltr'><strong>ln</strong></span> <span class='ocrx_word' id='word_1_200' title='bbox 212 3364 376 3418; x_wconf 88' lang='lat' dir='ltr'><strong>cerimoniis</strong></span> <span class='ocrx_word' id='word_1_201' title='bbox 391 3370 460 3419; x_wconf 91' lang='lat' dir='ltr'><strong>sunt</strong></span> <span class='ocrx_word' id='word_1_202' title='bbox 474 3364 583 3420; x_wconf 90' lang='lat' dir='ltr'><strong>ventris</strong></span> <span class='ocrx_word' id='word_1_203' title='bbox 599 3365 711 3437; x_wconf 81' lang='lat' dir='ltr'><strong>prodigi</strong></span> <span class='ocrx_word' id='word_1_204' title='bbox 727 3366 777 3438; x_wconf 84' lang='lat'><strong>(5).</strong></span> 
     </span>
    </p>
   </div>
   <div class='ocr_carea' id='block_1_12' title="bbox 162 3466 760 3751">
    <p class='ocr_par' dir='ltr' id='par_1_24' title="bbox 164 3466 691 3540">
     <span class='ocr_line' id='line_1_42' title="bbox 164 3466 691 3540; baseline 0.009 -20"><span class='ocrx_word' id='word_1_205' title='bbox 164 3466 207 3520; x_wconf 87' lang='lat' dir='ltr'><strong>&#39;lii</strong></span> <span class='ocrx_word' id='word_1_206' title='bbox 223 3476 319 3523; x_wconf 89' lang='lat' dir='ltr'><strong>antem</strong></span> <span class='ocrx_word' id='word_1_207' title='bbox 334 3467 434 3523; x_wconf 86' lang='lat' dir='ltr'><strong>exules</strong></span> <span class='ocrx_word' id='word_1_208' title='bbox 450 3466 537 3523; x_wconf 89' lang='lat' dir='ltr'><strong>iactos</strong></span> <span class='ocrx_word' id='word_1_209' title='bbox 562 3467 691 3540; x_wconf 77' lang='lat' dir='ltr'><strong>ingluvie</strong></span> 
     </span>
    </p>

    <p class='ocr_par' dir='ltr' id='par_1_25' title="bbox 162 3538 760 3751">
     <span class='ocr_line' id='line_1_43' title="bbox 165 3538 760 3609; baseline 0.013 -20"><span class='ocrx_word' id='word_1_210' title='bbox 165 3538 216 3592; x_wconf 83' lang='lat' dir='ltr'><strong>Per</strong></span> <span class='ocrx_word' id='word_1_211' title='bbox 231 3538 433 3594; x_wconf 87' lang='lat' dir='ltr'><strong>abstinentiam</strong></span> <span class='ocrx_word' id='word_1_212' title='bbox 449 3539 537 3594; x_wconf 88' lang='lat' dir='ltr'><strong>reduc</strong></span> <span class='ocrx_word' id='word_1_213' title='bbox 556 3553 617 3605; x_wconf 92' lang='lat' dir='ltr'><strong>nos,</strong></span> <span class='ocrx_word' id='word_1_214' title='bbox 634 3540 760 3609; x_wconf 91' lang='lat' dir='ltr'><strong>Domine,</strong></span> 
     </span>
     <span class='ocr_line' id='line_1_44' title="bbox 162 3607 749 3680; baseline 0.007 -19"><span class='ocrx_word' id='word_1_215' title='bbox 162 3607 340 3677; x_wconf 90' lang='lat' dir='ltr'><strong>Nullumque</strong></span> <span class='ocrx_word' id='word_1_216' title='bbox 360 3609 474 3664; x_wconf 88' lang='lat' dir='ltr'><strong>deseras</strong></span> <span class='ocrx_word' id='word_1_217' title='bbox 490 3616 607 3665; x_wconf 89' lang='grc'><strong>15511115</strong></span> <span class='ocrx_word' id='word_1_218' title='bbox 624 3610 749 3680; x_wconf 91' lang='lat' dir='ltr'><strong>inopem,</strong></span> 
     </span>
     <span class='ocr_line' id='line_1_45' title="bbox 163 3676 750 3751; baseline 0.009 -21"><span class='ocrx_word' id='word_1_219' title='bbox 163 3676 217 3742; x_wconf 90' lang='lat' dir='ltr'><strong>Qui</strong></span> <span class='ocrx_word' id='word_1_220' title='bbox 229 3679 314 3734; x_wconf 91' lang='lat' dir='ltr'><strong>vestis</strong></span> <span class='ocrx_word' id='word_1_221' title='bbox 328 3678 431 3745; x_wconf 87' lang='lat' dir='ltr'><strong>lilium,</strong></span> <span class='ocrx_word' id='word_1_222' title='bbox 448 3687 475 3736; x_wconf 95' lang='lat' dir='ltr'><strong>et</strong></span> <span class='ocrx_word' id='word_1_223' title='bbox 489 3680 582 3750; x_wconf 90' lang='lat' dir='ltr'><strong>pascis</strong></span> <span class='ocrx_word' id='word_1_224' title='bbox 597 3694 750 3751; x_wconf 89' lang='lat' dir='ltr'><strong>passerem.</strong></span> 
     </span>
    </p>
   </div>
   <div class='ocr_carea' id='block_1_13' title="bbox 161 3781 781 4070">
    <p class='ocr_par' dir='ltr' id='par_1_26' title="bbox 162 3781 705 3858">
     <span class='ocr_line' id='line_1_46' title="bbox 162 3781 705 3858; baseline 0.009 -21"><span class='ocrx_word' id='word_1_225' title='bbox 162 3781 282 3838; x_wconf 89' lang='lat' dir='ltr'><strong>Nullum</strong></span> <span class='ocrx_word' id='word_1_226' title='bbox 298 3784 449 3840; x_wconf 88' lang='lat' dir='ltr'><strong>necessitas</strong></span> <span class='ocrx_word' id='word_1_227' title='bbox 463 3795 577 3858; x_wconf 88' lang='lat' dir='ltr'><strong>premat</strong></span> <span class='ocrx_word' id='word_1_228' title='bbox 592 3786 705 3858; x_wconf 76' lang='lat' dir='ltr'><strong>inopiae,</strong></span> 
     </span>
    </p>

    <p class='ocr_par' dir='ltr' id='par_1_27' title="bbox 163 3852 634 3925">
     <span class='ocr_line' id='line_1_47' title="bbox 163 3852 634 3925; baseline 0.013 -19"><span class='ocrx_word' id='word_1_229' title='bbox 163 3852 216 3907; x_wconf 88' lang='lat' dir='ltr'><strong>Sed</strong></span> <span class='ocrx_word' id='word_1_230' title='bbox 231 3856 268 3909; x_wconf 89' lang='grc'><strong>511</strong></span> <span class='ocrx_word' id='word_1_231' title='bbox 281 3854 432 3925; x_wconf 85' lang='lat' dir='ltr'><strong>trugaliias</strong></span> <span class='ocrx_word' id='word_1_232' title='bbox 445 3857 634 3914; x_wconf 84' lang='lat' dir='ltr'><strong>sullicientiie.</strong></span> 
     </span>
    </p>

    <p class='ocr_par' dir='ltr' id='par_1_28' title="bbox 162 3923 683 3994">
     <span class='ocr_line' id='line_1_48' title="bbox 162 3923 683 3994; baseline 0.013 -17"><span class='ocrx_word' id='word_1_233' title='bbox 162 3923 203 3978; x_wconf 89' lang='lat' dir='ltr'><strong>Sit</strong></span> <span class='ocrx_word' id='word_1_234' title='bbox 214 3924 291 3993; x_wconf 88' lang='lat' dir='ltr'><strong>quod</strong></span> <span class='ocrx_word' id='word_1_235' title='bbox 306 3925 437 3981; x_wconf 90' lang='lat' dir='ltr'><strong>suillcere</strong></span> <span class='ocrx_word' id='word_1_236' title='bbox 453 3926 683 3994; x_wconf 81' lang='grc'><strong>551515151551,</strong></span> 
     </span>
    </p>

    <p class='ocr_par' dir='ltr' id='par_1_29' title="bbox 161 3993 781 4070">
     <span class='ocr_line' id='line_1_49' title="bbox 161 3993 781 4070; baseline 0.011 -23"><span class='ocrx_word' id='word_1_237' title='bbox 161 3993 224 4048; x_wconf 90' lang='lat' dir='ltr'><strong>Non</strong></span> <span class='ocrx_word' id='word_1_238' title='bbox 240 3994 316 4063; x_wconf 92' lang='lat' dir='ltr'><strong>qnod</strong></span> <span class='ocrx_word' id='word_1_239' title='bbox 332 3994 459 4053; x_wconf 79' lang='lat' dir='ltr'><strong>lasciviae</strong></span> <span class='ocrx_word' id='word_1_240' title='bbox 473 3997 633 4055; x_wconf 90' lang='lat' dir='ltr'><strong>lomentum</strong></span> <span class='ocrx_word' id='word_1_241' title='bbox 647 3998 781 4070; x_wconf 73' lang='lat' dir='ltr'><strong>praebeat.</strong></span> 
     </span>
    </p>
   </div>
   <div class='ocr_carea' id='block_1_14' title="bbox 162 4098 496 4159">
    <p class='ocr_par' dir='ltr' id='par_1_30' title="bbox 162 4098 496 4159">
     <span class='ocr_line' id='line_1_50' title="bbox 162 4098 496 4159; baseline 0.009 -4"><span class='ocrx_word' id='word_1_242' title='bbox 162 4098 306 4156; x_wconf 89' lang='lat' dir='ltr'><strong>Perhenni</strong></span> <span class='ocrx_word' id='word_1_243' title='bbox 316 4102 434 4158; x_wconf 91' lang='lat' dir='ltr'><strong>Domino</strong></span> <span class='ocrx_word' id='word_1_244' title='bbox 448 4103 496 4159; x_wconf 90' lang='lat' dir='ltr'><strong>sit.</strong></span> 
     </span>
    </p>
   </div>
   <div class='ocr_carea' id='block_1_15' title="bbox 388 4207 564 4353">
    <p class='ocr_par' dir='ltr' id='par_1_31' title="bbox 388 4207 564 4353">
     <span class='ocr_line' id='line_1_51' title="bbox 447 4207 505 4266; baseline -0.017 -2"><span class='ocrx_word' id='word_1_245' title='bbox 447 4207 505 4266; x_wconf 87' lang='lat' dir='ltr'><strong>XV.</strong></span> 
     </span>
     <span class='ocr_line' id='line_1_52' title="bbox 388 4294 564 4353; baseline 0.023 -4"><span class='ocrx_word' id='word_1_246' title='bbox 388 4294 435 4350; x_wconf 76' lang='lat' dir='ltr'><strong>Art</strong></span> <span class='ocrx_word' id='word_1_247' title='bbox 448 4297 564 4353; x_wconf 85' lang='lat' dir='ltr'><strong>Nonam.</strong></span> 
     </span>
    </p>
   </div>
   <div class='ocr_carea' id='block_1_16' title="bbox 161 4397 795 4689">
    <p class='ocr_par' dir='ltr' id='par_1_32' title="bbox 161 4397 795 4543">
     <span class='ocr_line' id='line_1_53' title="bbox 161 4397 795 4470; baseline 0.016 -17"><span class='ocrx_word' id='word_1_248' title='bbox 161 4397 274 4468; x_wconf 91' lang='lat' dir='ltr'><strong>Septem</strong></span> <span class='ocrx_word' id='word_1_249' title='bbox 289 4412 363 4470; x_wconf 91' lang='lat' dir='ltr'><strong>quas</strong></span> <span class='ocrx_word' id='word_1_250' title='bbox 377 4400 517 4458; x_wconf 90' lang='lat' dir='ltr'><strong>solvimus</strong></span> <span class='ocrx_word' id='word_1_251' title='bbox 532 4401 646 4460; x_wconf 90' lang='lat' dir='ltr'><strong>diurnis</strong></span> <span class='ocrx_word' id='word_1_252' title='bbox 658 4404 795 4463; x_wconf 87' lang='lat' dir='ltr'><strong>laudibus</strong></span> 
     </span>
     <span class='ocr_line' id='line_1_54' title="bbox 161 4469 704 4543; baseline 0.013 -20"><span class='ocrx_word' id='word_1_253' title='bbox 161 4469 316 4525; x_wconf 89' lang='lat' dir='ltr'><strong>Nocturnis</strong></span> <span class='ocrx_word' id='word_1_254' title='bbox 332 4471 435 4528; x_wconf 89' lang='lat' dir='ltr'><strong>additis</strong></span> <span class='ocrx_word' id='word_1_255' title='bbox 451 4481 512 4529; x_wconf 92' lang='lat' dir='ltr'><strong>octo</strong></span> <span class='ocrx_word' id='word_1_256' title='bbox 529 4474 704 4543; x_wconf 77' lang='lat' dir='ltr'><strong>perficimus,</strong></span> 
     </span>
    </p>

    <p class='ocr_par' dir='ltr' id='par_1_33' title="bbox 161 4540 795 4689">
     <span class='ocr_line' id='line_1_55' title="bbox 163 4540 795 4618; baseline 0.016 -25"><span class='ocrx_word' id='word_1_257' title='bbox 163 4540 208 4594; x_wconf 80' lang='lat' dir='ltr'><strong>Ex</strong></span> <span class='ocrx_word' id='word_1_258' title='bbox 223 4540 331 4609; x_wconf 89' lang='lat' dir='ltr'><strong>quibus</strong></span> <span class='ocrx_word' id='word_1_259' title='bbox 347 4550 484 4611; x_wconf 85' lang='lat' dir='ltr'><strong>quattuor</strong></span> <span class='ocrx_word' id='word_1_260' title='bbox 499 4543 610 4599; x_wconf 86' lang='lat' dir='ltr'><strong>ascribe</strong></span> <span class='ocrx_word' id='word_1_261' title='bbox 624 4558 742 4615; x_wconf 89' lang='lat' dir='ltr'><strong>vespere</strong></span> <span class='ocrx_word' id='word_1_262' title='bbox 756 4545 795 4618; x_wconf 84' lang='lat' dir='ltr'><strong>(d)</strong></span> 
     </span>
     <span class='ocr_line' id='line_1_56' title="bbox 161 4610 793 4689; baseline 0.014 -25"><span class='ocrx_word' id='word_1_263' title='bbox 161 4610 197 4666; x_wconf 86' lang='lat' dir='ltr'><strong>Et</strong></span> <span class='ocrx_word' id='word_1_264' title='bbox 212 4624 295 4667; x_wconf 92' lang='lat' dir='ltr'><strong>mane</strong></span> <span class='ocrx_word' id='word_1_265' title='bbox 312 4620 460 4682; x_wconf 85' lang='lat' dir='ltr'><strong>quattuor,</strong></span> <span class='ocrx_word' id='word_1_266' title='bbox 476 4613 609 4684; x_wconf 84' lang='lat' dir='ltr'><strong>diemque</strong></span> <span class='ocrx_word' id='word_1_267' title='bbox 624 4616 728 4684; x_wconf 86' lang='lat' dir='ltr'><strong>pertice</strong></span> <span class='ocrx_word' id='word_1_268' title='bbox 744 4617 793 4689; x_wconf 88' lang='lat'>(7).</span> 
     </span>
    </p>
   </div>
   <div class='ocr_carea' id='block_1_17' title="bbox 1066 251 1813 568">
    <p class='ocr_par' dir='ltr' id='par_1_34' title="bbox 1066 251 1813 568">
     <span class='ocr_line' id='line_1_57' title="bbox 1810 251 1813 280; baseline 0 0"><span class='ocrx_word' id='word_1_269' title='bbox 1810 251 1813 280; x_wconf 97' lang='grc' dir='ltr'>Ι</span> 
     </span>
     <span class='ocr_line' id='line_1_58' title="bbox 1066 290 1616 367; baseline -0.011 -10"><span class='ocrx_word' id='word_1_270' title='bbox 1066 300 1092 357; x_wconf 85' lang='grc' dir='ltr'><strong>Α</strong></span> <span class='ocrx_word' id='word_1_271' title='bbox 1108 310 1186 356; x_wconf 91' lang='grc'><strong>5555</strong></span> <span class='ocrx_word' id='word_1_272' title='bbox 1199 306 1348 367; x_wconf 88' lang='lat' dir='ltr'><strong>vesperam</strong></span> <span class='ocrx_word' id='word_1_273' title='bbox 1359 292 1468 352; x_wconf 86' lang='lat' dir='ltr'><strong>scimus</strong></span> <span class='ocrx_word' id='word_1_274' title='bbox 1480 290 1616 365; x_wconf 87' lang='lat' dir='ltr'><strong>incipere,</strong></span> 
     </span>
     <span class='ocr_line' id='line_1_59' title="bbox 1070 364 1662 438; baseline -0.01 -11"><span class='ocrx_word' id='word_1_275' title='bbox 1070 370 1142 428; x_wconf 88' lang='lat' dir='ltr'><strong>Cum</strong></span> <span class='ocrx_word' id='word_1_276' title='bbox 1153 368 1194 426; x_wconf 94' lang='grc'><strong>551</strong></span> <span class='ocrx_word' id='word_1_277' title='bbox 1208 382 1237 425; x_wconf 90' lang='lat' dir='ltr'><strong>se</strong></span> <span class='ocrx_word' id='word_1_278' title='bbox 1252 364 1368 438; x_wconf 78' lang='lat' dir='ltr'><strong>ceperit</strong></span> <span class='ocrx_word' id='word_1_279' title='bbox 1383 364 1467 422; x_wconf 88' lang='lat' dir='ltr'><strong>terris</strong></span> <span class='ocrx_word' id='word_1_280' title='bbox 1483 364 1662 437; x_wconf 86' lang='lat' dir='ltr'><strong>immergere,</strong></span> 
     </span>
     <span class='ocr_line' id='line_1_60' title="bbox 1068 434 1618 518; baseline -0.013 -20"><span class='ocrx_word' id='word_1_281' title='bbox 1068 442 1092 498; x_wconf 81' lang='grc' dir='ltr'>Ε</span> <span class='ocrx_word' id='word_1_282' title='bbox 1106 447 1207 497; x_wconf 88' lang='lat' dir='ltr'><strong>contra</strong></span> <span class='ocrx_word' id='word_1_283' title='bbox 1220 444 1296 494; x_wconf 88' lang='lat' dir='ltr'><strong>recte</strong></span> <span class='ocrx_word' id='word_1_284' title='bbox 1311 435 1377 518; x_wconf 88' lang='lat' dir='ltr'><strong>quis</strong></span> <span class='ocrx_word' id='word_1_285' title='bbox 1388 448 1472 492; x_wconf 90' lang='lat' dir='ltr'><strong>mane</strong></span> <span class='ocrx_word' id='word_1_286' title='bbox 1483 434 1618 492; x_wconf 89' lang='lat' dir='ltr'><strong>tribuerit</strong></span> 
     </span>
     <span class='ocr_line' id='line_1_61' title="bbox 1069 505 1693 568; baseline -0.014 0"><span class='ocrx_word' id='word_1_287' title='bbox 1069 513 1134 568; x_wconf 84' lang='lat' dir='ltr'><strong>Post</strong></span> <span class='ocrx_word' id='word_1_288' title='bbox 1149 509 1241 567; x_wconf 89' lang='grc'><strong>555115</strong></span> <span class='ocrx_word' id='word_1_289' title='bbox 1255 507 1382 564; x_wconf 89' lang='lat' dir='ltr'><strong>medium</strong></span> <span class='ocrx_word' id='word_1_290' title='bbox 1397 520 1464 563; x_wconf 92' lang='lat' dir='ltr'><strong>cnm</strong></span> <span class='ocrx_word' id='word_1_291' title='bbox 1479 505 1521 562; x_wconf 90' lang='lat' dir='ltr'><strong>sol</strong></span> <span class='ocrx_word' id='word_1_292' title='bbox 1537 505 1693 565; x_wconf 85' lang='lat' dir='ltr'><strong>emerserit.</strong></span> 
     </span>
    </p>
   </div>
   <div class='ocr_carea' id='block_1_18' title="bbox 1005 610 1597 676">
    <p class='ocr_par' dir='ltr' id='par_1_35' title="bbox 1005 610 1597 676">
     <span class='ocr_line' id='line_1_62' title="bbox 1005 610 1597 676; baseline -0.014 0"><span class='ocrx_word' id='word_1_293' title='bbox 1005 629 1012 640; x_wconf 93' lang='lat'><em>·</em></span> <span class='ocrx_word' id='word_1_294' title='bbox 1068 620 1138 676; x_wconf 87' lang='lat' dir='ltr'><strong>Octo</strong></span> <span class='ocrx_word' id='word_1_295' title='bbox 1156 613 1310 675; x_wconf 86' lang='lat' dir='ltr'><strong>conficitur</strong></span> <span class='ocrx_word' id='word_1_296' title='bbox 1322 620 1421 671; x_wconf 89' lang='lat' dir='ltr'><strong>nostra</strong></span> <span class='ocrx_word' id='word_1_297' title='bbox 1435 610 1597 670; x_wconf 91' lang='lat' dir='ltr'><strong>substantia</strong></span> 
     </span>
    </p>
   </div>
   <div class='ocr_carea' id='block_1_19' title="bbox 1068 681 1693 887">
    <p class='ocr_par' dir='ltr' id='par_1_36' title="bbox 1068 681 1693 887">
     <span class='ocr_line' id='line_1_63' title="bbox 1068 681 1666 764; baseline -0.008 -19"><span class='ocrx_word' id='word_1_298' title='bbox 1068 688 1160 757; x_wconf 90' lang='lat' dir='ltr'><strong>Quam</strong></span> <span class='ocrx_word' id='word_1_299' title='bbox 1175 689 1292 744; x_wconf 90' lang='lat' dir='ltr'><strong>demum</strong></span> <span class='ocrx_word' id='word_1_300' title='bbox 1306 683 1416 756; x_wconf 86' lang='lat' dir='ltr'><strong>perlicit</strong></span> <span class='ocrx_word' id='word_1_301' title='bbox 1431 691 1540 740; x_wconf 87' lang='lat' dir='ltr'><strong>octavae</strong></span> <span class='ocrx_word' id='word_1_302' title='bbox 1554 681 1666 764; x_wconf 75' lang='lat' dir='ltr'><strong>gioria:</strong></span> 
     </span>
     <span class='ocr_line' id='line_1_64' title="bbox 1068 761 1693 885; baseline -0.006 -71"><span class='ocrx_word' id='word_1_303' title='bbox 1068 762 1179 840; x_wconf 81' lang='lat' dir='ltr'><strong>Corpus</strong></span> <span class='ocrx_word' id='word_1_304' title='bbox 1192 764 1384 885; x_wconf 60' lang='grc'><strong>5135511551</strong></span> <span class='ocrx_word' id='word_1_305' title='bbox 1402 761 1534 837; x_wconf 79' lang='lat' dir='ltr'><strong>constare</strong></span> <span class='ocrx_word' id='word_1_306' title='bbox 1541 766 1693 834; x_wconf 80' lang='lat' dir='ltr'><strong>novimus,</strong></span> 
     </span>
     <span class='ocr_line' id='line_1_65' title="bbox 1068 824 1614 887; baseline -0.013 -1"><span class='ocrx_word' id='word_1_307' title='bbox 1068 831 1172 887; x_wconf 84' lang='lat' dir='ltr'><strong>ornari</strong></span> <span class='ocrx_word' id='word_1_308' title='bbox 1189 830 1240 885; x_wconf 84' lang='lat' dir='ltr'><strong>toti</strong></span> <span class='ocrx_word' id='word_1_309' title='bbox 1261 841 1307 885; x_wconf 94' lang='lat' dir='ltr'><strong>em</strong></span> <span class='ocrx_word' id='word_1_310' title='bbox 1322 833 1432 883; x_wconf 92' lang='lat' dir='ltr'><strong>mentes</strong></span> <span class='ocrx_word' id='word_1_311' title='bbox 1446 824 1614 882; x_wconf 88' lang='lat' dir='ltr'><strong>virtutibus.</strong></span> 
     </span>
    </p>
   </div>
   <div class='ocr_carea' id='block_1_20' title="bbox 1068 929 1678 1216">
    <p class='ocr_par' dir='ltr' id='par_1_37' title="bbox 1068 929 1678 1216">
     <span class='ocr_line' id='line_1_66' title="bbox 1070 929 1640 1004; baseline -0.012 -12"><span class='ocrx_word' id='word_1_312' title='bbox 1070 935 1142 992; x_wconf 88' lang='lat' dir='ltr'><strong>liiiic</strong></span> <span class='ocrx_word' id='word_1_313' title='bbox 1157 941 1233 991; x_wconf 90' lang='lat' dir='ltr'><strong>recte</strong></span> <span class='ocrx_word' id='word_1_314' title='bbox 1247 932 1356 1004; x_wconf 88' lang='lat' dir='ltr'><strong>gratias</strong></span> <span class='ocrx_word' id='word_1_315' title='bbox 1377 931 1407 988; x_wconf 91' lang='lat' dir='ltr'><strong>in</strong></span> <span class='ocrx_word' id='word_1_316' title='bbox 1420 936 1483 988; x_wconf 91' lang='lat' dir='ltr'><strong>octo</strong></span> <span class='ocrx_word' id='word_1_317' title='bbox 1502 929 1640 986; x_wconf 86' lang='lat' dir='ltr'><strong>laudibus</strong></span> 
     </span>
     <span class='ocr_line' id='line_1_67' title="bbox 1069 1001 1615 1063; baseline -0.009 -2"><span class='ocrx_word' id='word_1_318' title='bbox 1069 1009 1124 1063; x_wconf 86' lang='lat' dir='ltr'><strong>Pro</strong></span> <span class='ocrx_word' id='word_1_319' title='bbox 1139 1004 1223 1062; x_wconf 90' lang='lat' dir='ltr'><strong>nobis</strong></span> <span class='ocrx_word' id='word_1_320' title='bbox 1237 1003 1359 1060; x_wconf 92' lang='lat' dir='ltr'><strong>Domino</strong></span> <span class='ocrx_word' id='word_1_321' title='bbox 1373 1002 1445 1058; x_wconf 86' lang='grc'><strong>55111</strong></span> <span class='ocrx_word' id='word_1_322' title='bbox 1460 1001 1615 1058; x_wconf 83' lang='lat' dir='ltr'><strong>statuimus</strong></span> 
     </span>
     <span class='ocr_line' id='line_1_68' title="bbox 1069 1071 1678 1145; baseline -0.01 -12"><span class='ocrx_word' id='word_1_323' title='bbox 1069 1076 1217 1133; x_wconf 88' lang='lat' dir='ltr'><strong>Deiectum</strong></span> <span class='ocrx_word' id='word_1_324' title='bbox 1231 1073 1360 1145; x_wconf 89' lang='lat' dir='ltr'><strong>corporis</strong></span> <span class='ocrx_word' id='word_1_325' title='bbox 1375 1071 1537 1143; x_wconf 78' lang='lat' dir='ltr'><strong>prebentes</strong></span> <span class='ocrx_word' id='word_1_326' title='bbox 1550 1083 1678 1142; x_wconf 87' lang='lat' dir='ltr'><strong>vespere,</strong></span> 
     </span>
     <span class='ocr_line' id='line_1_69' title="bbox 1068 1141 1594 1216; baseline -0.013 -12"><span class='ocrx_word' id='word_1_327' title='bbox 1068 1148 1151 1204; x_wconf 90' lang='grc'><strong>11555</strong></span> <span class='ocrx_word' id='word_1_328' title='bbox 1165 1145 1323 1203; x_wconf 89' lang='lat' dir='ltr'><strong>tribuimus</strong></span> <span class='ocrx_word' id='word_1_329' title='bbox 1335 1144 1465 1216; x_wconf 89' lang='lat' dir='ltr'><strong>vigorem</strong></span> <span class='ocrx_word' id='word_1_330' title='bbox 1479 1141 1594 1200; x_wconf 89' lang='lat' dir='ltr'><strong>animae.</strong></span> 
     </span>
    </p>
   </div>
   <div class='ocr_carea' id='block_1_21' title="bbox 1068 1232 1354 1294">
    <p class='ocr_par' dir='ltr' id='par_1_38' title="bbox 1068 1232 1354 1294">
     <span class='ocr_line' id='line_1_70' title="bbox 1068 1232 1354 1294; baseline -0.021 -2"><span class='ocrx_word' id='word_1_331' title='bbox 1068 1235 1210 1294; x_wconf 83' lang='lat' dir='ltr'><strong>Pernenni</strong></span> <span class='ocrx_word' id='word_1_332' title='bbox 1222 1232 1354 1292; x_wconf 88' lang='lat' dir='ltr'><strong>Domino.</strong></span> 
     </span>
    </p>
   </div>
   <div class='ocr_carea' id='block_1_22' title="bbox 1310 1319 1456 1449">
    <p class='ocr_par' dir='ltr' id='par_1_39' title="bbox 1310 1319 1456 1449">
     <span class='ocr_line' id='line_1_71' title="bbox 1345 1319 1419 1378; baseline -0.014 -1"><span class='ocrx_word' id='word_1_333' title='bbox 1345 1319 1419 1378; x_wconf 88' lang='lat' dir='ltr'><strong>xvi.</strong></span> 
     </span>
     <span class='ocr_line' id='line_1_72' title="bbox 1310 1403 1456 1449; baseline -0.055 0"><span class='ocrx_word' id='word_1_334' title='bbox 1310 1403 1456 1449; x_wconf 77' lang='lat' dir='ltr'><strong>mutulen.</strong></span> 
     </span>
    </p>
   </div>
   <div class='ocr_carea' id='block_1_23' title="bbox 1279 1480 1486 1549">
    <p class='ocr_par' dir='ltr' id='par_1_40' title="bbox 1279 1480 1486 1549">
     <span class='ocr_line' id='line_1_73' title="bbox 1279 1480 1486 1549; baseline -0.024 -11"><span class='ocrx_word' id='word_1_335' title='bbox 1279 1480 1327 1538; x_wconf 78' lang='lat' dir='ltr'><strong>Ati</strong></span> <span class='ocrx_word' id='word_1_336' title='bbox 1342 1481 1486 1549; x_wconf 76' lang='lat' dir='ltr'><strong>vesperos.</strong></span> 
     </span>
    </p>
   </div>
   <div class='ocr_carea' id='block_1_24' title="bbox 1066 1565 1606 1855">
    <p class='ocr_par' dir='ltr' id='par_1_41' title="bbox 1066 1565 1606 1855">
     <span class='ocr_line' id='line_1_74' title="bbox 1067 1565 1596 1638; baseline -0.013 -8"><span class='ocrx_word' id='word_1_337' title='bbox 1067 1573 1181 1630; x_wconf 82' lang='lat' dir='ltr'><strong>octavae</strong></span> <span class='ocrx_word' id='word_1_338' title='bbox 1196 1569 1280 1629; x_wconf 90' lang='lat' dir='ltr'><strong>titulo</strong></span> <span class='ocrx_word' id='word_1_339' title='bbox 1295 1568 1326 1626; x_wconf 92' lang='lat' dir='ltr'><strong>in</strong></span> <span class='ocrx_word' id='word_1_340' title='bbox 1341 1567 1461 1625; x_wconf 86' lang='lat' dir='ltr'><strong>Psalmis</strong></span> <span class='ocrx_word' id='word_1_341' title='bbox 1473 1565 1596 1638; x_wconf 90' lang='lat' dir='ltr'><strong>legimus</strong></span> 
     </span>
     <span class='ocr_line' id='line_1_75' title="bbox 1068 1637 1594 1714; baseline -0.011 -15"><span class='ocrx_word' id='word_1_342' title='bbox 1068 1645 1185 1701; x_wconf 77' lang='lat' dir='ltr'><strong>Futurae</strong></span> <span class='ocrx_word' id='word_1_343' title='bbox 1198 1639 1320 1714; x_wconf 89' lang='lat' dir='ltr'><strong>gloriam</strong></span> <span class='ocrx_word' id='word_1_344' title='bbox 1334 1639 1402 1696; x_wconf 71' lang='lat' dir='ltr'><strong>vitae</strong></span> <span class='ocrx_word' id='word_1_345' title='bbox 1415 1637 1594 1705; x_wconf 89' lang='lat' dir='ltr'><strong>canentibus,</strong></span> 
     </span>
     <span class='ocr_line' id='line_1_76' title="bbox 1067 1706 1606 1790; baseline -0.017 -18"><span class='ocrx_word' id='word_1_346' title='bbox 1067 1713 1138 1772; x_wconf 81' lang='lat' dir='ltr'><strong>Cum</strong></span> <span class='ocrx_word' id='word_1_347' title='bbox 1155 1713 1208 1771; x_wconf 86' lang='lat' dir='ltr'><strong>lux</strong></span> <span class='ocrx_word' id='word_1_348' title='bbox 1221 1710 1342 1769; x_wconf 89' lang='lat' dir='ltr'><strong>subierit</strong></span> <span class='ocrx_word' id='word_1_349' title='bbox 1358 1722 1460 1780; x_wconf 91' lang='lat' dir='ltr'><strong>perpes</strong></span> <span class='ocrx_word' id='word_1_350' title='bbox 1476 1706 1606 1790; x_wconf 80' lang='lat' dir='ltr'><strong>fidelium</strong></span> 
     </span>
     <span class='ocr_line' id='line_1_77' title="bbox 1066 1781 1602 1855; baseline -0.007 -17"><span class='ocrx_word' id='word_1_351' title='bbox 1066 1785 1152 1841; x_wconf 89' lang='lat' dir='ltr'><strong>lstins</strong></span> <span class='ocrx_word' id='word_1_352' title='bbox 1167 1781 1303 1855; x_wconf 89' lang='lat' dir='ltr'><strong>temporis</strong></span> <span class='ocrx_word' id='word_1_353' title='bbox 1315 1787 1379 1854; x_wconf 90' lang='lat' dir='ltr'><strong>post</strong></span> <span class='ocrx_word' id='word_1_354' title='bbox 1395 1787 1602 1851; x_wconf 88' lang='lat' dir='ltr'><strong>septenarium.</strong></span> 
     </span>
    </p>
   </div>
   <div class='ocr_carea' id='block_1_25' title="bbox 1064 1881 1741 2173">
    <p class='ocr_par' dir='ltr' id='par_1_42' title="bbox 1066 1881 1715 1966">
     <span class='ocr_line' id='line_1_78' title="bbox 1066 1881 1715 1966; baseline -0.011 -19"><span class='ocrx_word' id='word_1_355' title='bbox 1066 1890 1147 1947; x_wconf 87' lang='lat' dir='ltr'><strong>lianc</strong></span> <span class='ocrx_word' id='word_1_356' title='bbox 1159 1889 1220 1960; x_wconf 83' lang='lat' dir='ltr'><strong>jam</strong></span> <span class='ocrx_word' id='word_1_357' title='bbox 1235 1889 1266 1945; x_wconf 95' lang='lat' dir='ltr'><strong>in</strong></span> <span class='ocrx_word' id='word_1_358' title='bbox 1281 1887 1374 1958; x_wconf 88' lang='lat' dir='ltr'><strong>capita</strong></span> <span class='ocrx_word' id='word_1_359' title='bbox 1388 1884 1557 1956; x_wconf 89' lang='lat' dir='ltr'><strong>completam</strong></span> <span class='ocrx_word' id='word_1_360' title='bbox 1570 1881 1715 1966; x_wconf 83' lang='lat' dir='ltr'><strong>novimus,</strong></span> 
     </span>
    </p>

    <p class='ocr_par' dir='ltr' id='par_1_43' title="bbox 1064 1957 1741 2173">
     <span class='ocr_line' id='line_1_79' title="bbox 1065 1957 1724 2035; baseline -0.014 -17"><span class='ocrx_word' id='word_1_361' title='bbox 1065 1960 1138 2018; x_wconf 82' lang='lat' dir='ltr'><strong>Cum</strong></span> <span class='ocrx_word' id='word_1_362' title='bbox 1153 1960 1344 2017; x_wconf 83' lang='lat' dir='ltr'><strong>resurrexerit</strong></span> <span class='ocrx_word' id='word_1_363' title='bbox 1363 1957 1497 2015; x_wconf 87' lang='grc'><strong>11551555</strong></span> <span class='ocrx_word' id='word_1_364' title='bbox 1510 1957 1659 2024; x_wconf 82' lang='lat' dir='ltr'><strong>Dominus,</strong></span> <span class='ocrx_word' id='word_1_365' title='bbox 1707 2021 1724 2035; x_wconf 43' lang='grc' dir='ltr'>Ν</span> 
     </span>
     <span class='ocr_line' id='line_1_80' title="bbox 1066 2025 1741 2098; baseline -0.009 -12"><span class='ocrx_word' id='word_1_366' title='bbox 1066 2033 1101 2089; x_wconf 89' lang='lat' dir='ltr'><strong>Ut</strong></span> <span class='ocrx_word' id='word_1_367' title='bbox 1113 2032 1154 2088; x_wconf 91' lang='lat' dir='ltr'><strong>sic</strong></span> <span class='ocrx_word' id='word_1_368' title='bbox 1169 2029 1358 2088; x_wconf 87' lang='lat' dir='ltr'><strong>certissimam</strong></span> <span class='ocrx_word' id='word_1_369' title='bbox 1372 2041 1452 2098; x_wconf 88' lang='lat' dir='ltr'><strong>spem</strong></span> <span class='ocrx_word' id='word_1_370' title='bbox 1463 2025 1601 2083; x_wconf 90' lang='lat' dir='ltr'><strong>membris</strong></span> <span class='ocrx_word' id='word_1_371' title='bbox 1614 2037 1741 2097; x_wconf 89' lang='lat' dir='ltr'><strong>proprus</strong></span> 
     </span>
     <span class='ocr_line' id='line_1_81' title="bbox 1064 2097 1539 2173; baseline -0.011 -15"><span class='ocrx_word' id='word_1_372' title='bbox 1064 2102 1203 2173; x_wconf 85' lang='lat' dir='ltr'><strong>Ejusdem</strong></span> <span class='ocrx_word' id='word_1_373' title='bbox 1217 2101 1329 2159; x_wconf 91' lang='lat' dir='ltr'><strong>tribuat</strong></span> <span class='ocrx_word' id='word_1_374' title='bbox 1341 2097 1539 2167; x_wconf 84' lang='lat' dir='ltr'><strong>beatitudinis,</strong></span> 
     </span>
    </p>
   </div>
   <div class='ocr_carea' id='block_1_26' title="bbox 1064 2203 1770 2489">
    <p class='ocr_par' dir='ltr' id='par_1_44' title="bbox 1065 2203 1629 2283">
     <span class='ocr_line' id='line_1_82' title="bbox 1065 2203 1629 2283; baseline -0.007 -20"><span class='ocrx_word' id='word_1_375' title='bbox 1065 2207 1172 2264; x_wconf 89' lang='grc'><strong>111555</strong></span> <span class='ocrx_word' id='word_1_376' title='bbox 1187 2204 1364 2266; x_wconf 87' lang='lat' dir='ltr'><strong>Christicolis</strong></span> <span class='ocrx_word' id='word_1_377' title='bbox 1379 2203 1629 2283; x_wconf 82' lang='grc'><strong>155115555115</strong></span> 
     </span>
    </p>

    <p class='ocr_par' dir='ltr' id='par_1_45' title="bbox 1064 2273 1632 2415">
     <span class='ocr_line' id='line_1_83' title="bbox 1064 2273 1632 2355; baseline -0.011 -22"><span class='ocrx_word' id='word_1_378' title='bbox 1064 2279 1126 2335; x_wconf 83' lang='lat' dir='ltr'><strong>Prae</strong></span> <span class='ocrx_word' id='word_1_379' title='bbox 1136 2277 1362 2335; x_wconf 89' lang='lat' dir='ltr'><strong>cunetiscolitur</strong></span> <span class='ocrx_word' id='word_1_380' title='bbox 1378 2275 1432 2344; x_wconf 85' lang='lat' dir='ltr'><strong>boc</strong></span> <span class='ocrx_word' id='word_1_381' title='bbox 1446 2275 1475 2330; x_wconf 90' lang='lat' dir='ltr'><strong>in</strong></span> <span class='ocrx_word' id='word_1_382' title='bbox 1495 2273 1632 2355; x_wconf 75' lang='lat' dir='ltr'><strong>misterio.</strong></span> 
     </span>
     <span class='ocr_line' id='line_1_84' title="bbox 1064 2343 1611 2415; baseline -0.011 -10"><span class='ocrx_word' id='word_1_383' title='bbox 1064 2351 1188 2405; x_wconf 82' lang='lat' dir='ltr'><strong>AEternis</strong></span> <span class='ocrx_word' id='word_1_384' title='bbox 1202 2349 1317 2415; x_wconf 88' lang='lat' dir='ltr'><strong>etenim,</strong></span> <span class='ocrx_word' id='word_1_385' title='bbox 1332 2360 1390 2403; x_wconf 91' lang='lat' dir='ltr'><strong>non</strong></span> <span class='ocrx_word' id='word_1_386' title='bbox 1404 2343 1611 2415; x_wconf 82' lang='lat' dir='ltr'><strong>temporalibus</strong></span> 
     </span>
    </p>

    <p class='ocr_par' dir='ltr' id='par_1_46' title="bbox 1065 2410 1770 2489">
     <span class='ocr_line' id='line_1_85' title="bbox 1065 2410 1770 2489; baseline -0.01 -13"><span class='ocrx_word' id='word_1_387' title='bbox 1065 2419 1111 2476; x_wconf 90' lang='lat' dir='ltr'><strong>liii</strong></span> <span class='ocrx_word' id='word_1_388' title='bbox 1125 2419 1208 2477; x_wconf 90' lang='lat' dir='ltr'><strong>bonis</strong></span> <span class='ocrx_word' id='word_1_389' title='bbox 1220 2418 1333 2476; x_wconf 89' lang='lat' dir='ltr'><strong>inhiant</strong></span> <span class='ocrx_word' id='word_1_390' title='bbox 1348 2419 1388 2489; x_wconf 82' lang='grc'><strong>(8)</strong></span> <span class='ocrx_word' id='word_1_391' title='bbox 1408 2429 1534 2487; x_wconf 89' lang='lat' dir='ltr'><strong>quornm</strong></span> <span class='ocrx_word' id='word_1_392' title='bbox 1545 2414 1609 2472; x_wconf 89' lang='lat' dir='ltr'><strong>lons</strong></span> <span class='ocrx_word' id='word_1_393' title='bbox 1621 2410 1770 2471; x_wconf 85' lang='lat' dir='ltr'><strong>Dominus.</strong></span> 
     </span>
    </p>
   </div>
   <div class='ocr_carea' id='block_1_27' title="bbox 1062 2520 1659 2806">
    <p class='ocr_par' dir='ltr' id='par_1_47' title="bbox 1062 2520 1659 2806">
     <span class='ocr_line' id='line_1_86' title="bbox 1062 2520 1625 2583; baseline -0.011 0"><span class='ocrx_word' id='word_1_394' title='bbox 1062 2525 1140 2583; x_wconf 86' lang='lat' dir='ltr'><strong>Neve</strong></span> <span class='ocrx_word' id='word_1_395' title='bbox 1154 2534 1213 2582; x_wconf 92' lang='lat' dir='ltr'><strong>tam</strong></span> <span class='ocrx_word' id='word_1_396' title='bbox 1228 2524 1350 2582; x_wconf 86' lang='lat' dir='ltr'><strong>arduam</strong></span> <span class='ocrx_word' id='word_1_397' title='bbox 1366 2523 1443 2579; x_wconf 89' lang='lat' dir='ltr'><strong>viam</strong></span> <span class='ocrx_word' id='word_1_398' title='bbox 1459 2520 1625 2578; x_wconf 91' lang='lat' dir='ltr'><strong>tenentibus</strong></span> 
     </span>
     <span class='ocr_line' id='line_1_87' title="bbox 1063 2592 1593 2671; baseline -0.009 -21"><span class='ocrx_word' id='word_1_399' title='bbox 1063 2596 1105 2651; x_wconf 84' lang='lat' dir='ltr'><strong>Ex</strong></span> <span class='ocrx_word' id='word_1_400' title='bbox 1121 2592 1565 2665; x_wconf 73' lang='grc'><strong>(11111551151555555155115551</strong></span> <span class='ocrx_word' id='word_1_401' title='bbox 1588 2659 1593 2671; x_wconf 34' lang='grc' dir='ltr'>Ι</span> 
     </span>
     <span class='ocr_line' id='line_1_88' title="bbox 1065 2659 1659 2744; baseline -0.01 -23"><span class='ocrx_word' id='word_1_402' title='bbox 1065 2667 1198 2736; x_wconf 84' lang='grc'><strong>11551555</strong></span> <span class='ocrx_word' id='word_1_403' title='bbox 1213 2666 1259 2721; x_wconf 90' lang='lat' dir='ltr'><strong>die</strong></span> <span class='ocrx_word' id='word_1_404' title='bbox 1273 2664 1414 2720; x_wconf 86' lang='lat' dir='ltr'><strong>Dominus</strong></span> <span class='ocrx_word' id='word_1_405' title='bbox 1426 2663 1467 2733; x_wconf 85' lang='grc'><strong>(0)</strong></span> <span class='ocrx_word' id='word_1_406' title='bbox 1487 2659 1659 2744; x_wconf 75' lang='lat' dir='ltr'><strong>paraclitum</strong></span> 
     </span>
     <span class='ocr_line' id='line_1_89' title="bbox 1063 2733 1620 2806; baseline -0.013 -13"><span class='ocrx_word' id='word_1_407' title='bbox 1063 2736 1136 2793; x_wconf 91' lang='lat' dir='ltr'><strong>llisit</strong></span> <span class='ocrx_word' id='word_1_408' title='bbox 1150 2735 1300 2806; x_wconf 82' lang='lat' dir='ltr'><strong>discipulis</strong></span> <span class='ocrx_word' id='word_1_409' title='bbox 1315 2734 1346 2791; x_wconf 91' lang='lat' dir='ltr'><strong>in</strong></span> <span class='ocrx_word' id='word_1_410' title='bbox 1364 2746 1453 2791; x_wconf 85' lang='lat' dir='ltr'><strong>aeram</strong></span> <span class='ocrx_word' id='word_1_411' title='bbox 1468 2733 1620 2803; x_wconf 92' lang='lat' dir='ltr'><strong>Spiritum.</strong></span> 
     </span>
    </p>
   </div>
   <div class='ocr_carea' id='block_1_28' title="bbox 1063 2837 1700 3124">
    <p class='ocr_par' dir='ltr' id='par_1_48' title="bbox 1063 2837 1549 2917">
     <span class='ocr_line' id='line_1_90' title="bbox 1063 2837 1549 2917; baseline -0.012 -19"><span class='ocrx_word' id='word_1_412' title='bbox 1063 2842 1107 2898; x_wconf 80' lang='lat' dir='ltr'><strong>ild</strong></span> <span class='ocrx_word' id='word_1_413' title='bbox 1127 2841 1217 2911; x_wconf 84' lang='lat' dir='ltr'><strong>hujus</strong></span> <span class='ocrx_word' id='word_1_414' title='bbox 1231 2840 1327 2897; x_wconf 89' lang='lat' dir='ltr'><strong>addite</strong></span> <span class='ocrx_word' id='word_1_415' title='bbox 1342 2838 1398 2896; x_wconf 90' lang='lat' dir='ltr'><strong>diei</strong></span> <span class='ocrx_word' id='word_1_416' title='bbox 1412 2837 1549 2917; x_wconf 77' lang='lat' dir='ltr'><strong>gloriam¹</strong></span> 
     </span>
    </p>

    <p class='ocr_par' dir='ltr' id='par_1_49' title="bbox 1064 2903 1700 3124">
     <span class='ocr_line' id='line_1_91' title="bbox 1065 2903 1700 2988; baseline -0.016 -18"><span class='ocrx_word' id='word_1_417' title='bbox 1065 2915 1127 2978; x_wconf 86' lang='lat' dir='ltr'><strong>Quo</strong></span> <span class='ocrx_word' id='word_1_418' title='bbox 1144 2919 1219 2969; x_wconf 89' lang='lat' dir='ltr'><strong>recte</strong></span> <span class='ocrx_word' id='word_1_419' title='bbox 1234 2910 1334 2968; x_wconf 88' lang='lat' dir='ltr'><strong>videas</strong></span> <span class='ocrx_word' id='word_1_420' title='bbox 1345 2909 1421 2966; x_wconf 93' lang='lat' dir='ltr'><strong>diem</strong></span> <span class='ocrx_word' id='word_1_421' title='bbox 1436 2908 1616 2988; x_wconf 79' lang='lat' dir='ltr'><strong>Dominicam</strong></span> <span class='ocrx_word' id='word_1_422' title='bbox 1632 2903 1700 2976; x_wconf 88' lang='grc'><strong>(10).</strong></span> 
     </span>
     <span class='ocr_line' id='line_1_92' title="bbox 1064 2977 1651 3052; baseline -0.012 -13"><span class='ocrx_word' id='word_1_423' title='bbox 1064 2983 1145 3050; x_wconf 91' lang='lat' dir='ltr'><strong>Quod</strong></span> <span class='ocrx_word' id='word_1_424' title='bbox 1157 2980 1343 3052; x_wconf 88' lang='lat' dir='ltr'><strong>corporaliter</strong></span> <span class='ocrx_word' id='word_1_425' title='bbox 1362 2979 1417 3037; x_wconf 89' lang='lat' dir='ltr'><strong>bac</strong></span> <span class='ocrx_word' id='word_1_426' title='bbox 1431 2978 1494 3035; x_wconf 85' lang='lat' dir='ltr'><strong>lure</strong></span> <span class='ocrx_word' id='word_1_427' title='bbox 1508 2977 1651 3034; x_wconf 85' lang='lat' dir='ltr'><strong>Dominus</strong></span> 
     </span>
     <span class='ocr_line' id='line_1_93' title="bbox 1065 3047 1648 3124; baseline -0.015 -12"><span class='ocrx_word' id='word_1_428' title='bbox 1065 3054 1101 3112; x_wconf 91' lang='lat' dir='ltr'><strong>Ut</strong></span> <span class='ocrx_word' id='word_1_429' title='bbox 1115 3066 1167 3110; x_wconf 85' lang='grc'><strong>151</strong></span> <span class='ocrx_word' id='word_1_430' title='bbox 1181 3059 1333 3124; x_wconf 87' lang='lat' dir='ltr'><strong>susceptus</strong></span> <span class='ocrx_word' id='word_1_431' title='bbox 1346 3058 1388 3108; x_wconf 92' lang='lat' dir='ltr'><strong>est</strong></span> <span class='ocrx_word' id='word_1_432' title='bbox 1401 3056 1429 3107; x_wconf 90' lang='lat' dir='ltr'><strong>et</strong></span> <span class='ocrx_word' id='word_1_433' title='bbox 1441 3050 1524 3106; x_wconf 90' lang='lat' dir='ltr'><strong>lieres</strong></span> <span class='ocrx_word' id='word_1_434' title='bbox 1538 3047 1648 3120; x_wconf 87' lang='lat' dir='ltr'><strong>regins.</strong></span> 
     </span>
    </p>
   </div>
   <div class='ocr_carea' id='block_1_29' title="bbox 1063 3153 1661 3427">
    <p class='ocr_par' dir='ltr' id='par_1_50' title="bbox 1063 3153 1661 3427">
     <span class='ocr_line' id='line_1_94' title="bbox 1064 3153 1656 3230; baseline -0.012 -15"><span class='ocrx_word' id='word_1_435' title='bbox 1064 3159 1215 3230; x_wconf 90' lang='lat' dir='ltr'><strong>ingressus</strong></span> <span class='ocrx_word' id='word_1_436' title='bbox 1228 3157 1376 3227; x_wconf 88' lang='lat' dir='ltr'><strong>proprium</strong></span> <span class='ocrx_word' id='word_1_437' title='bbox 1390 3155 1488 3214; x_wconf 87' lang='lat' dir='ltr'><strong>statim</strong></span> <span class='ocrx_word' id='word_1_438' title='bbox 1503 3153 1656 3226; x_wconf 86' lang='lat' dir='ltr'><strong>palatium,</strong></span> 
     </span>
     <span class='ocr_line' id='line_1_95' title="bbox 1064 3226 1596 3296; baseline -0.002 -13"><span class='ocrx_word' id='word_1_439' title='bbox 1064 3230 1190 3285; x_wconf 83' lang='lat' dir='ltr'><strong>Potentis</strong></span> <span class='ocrx_word' id='word_1_440' title='bbox 1202 3229 1319 3284; x_wconf 79' lang='lat' dir='ltr'><strong>exbibet</strong></span> <span class='ocrx_word' id='word_1_441' title='bbox 1333 3228 1409 3296; x_wconf 90' lang='lat' dir='ltr'><strong>regis</strong></span> <span class='ocrx_word' id='word_1_442' title='bbox 1423 3226 1578 3296; x_wconf 90' lang='lat' dir='ltr'><strong>imperium</strong></span> <span class='ocrx_word' id='word_1_443' title='bbox 1586 3239 1596 3295; x_wconf 91' lang='lat'>;</span> 
     </span>
     <span class='ocr_line' id='line_1_96' title="bbox 1063 3294 1661 3369; baseline -0.007 -15"><span class='ocrx_word' id='word_1_444' title='bbox 1063 3299 1169 3354; x_wconf 85' lang='lat' dir='ltr'><strong>Pravos</strong></span> <span class='ocrx_word' id='word_1_445' title='bbox 1181 3298 1299 3369; x_wconf 85' lang='lat' dir='ltr'><strong>ejiciens</strong></span> <span class='ocrx_word' id='word_1_446' title='bbox 1318 3297 1386 3369; x_wconf 90' lang='lat' dir='ltr'><strong>(ll),</strong></span> <span class='ocrx_word' id='word_1_447' title='bbox 1401 3308 1489 3353; x_wconf 89' lang='lat' dir='ltr'><strong>caecos</strong></span> <span class='ocrx_word' id='word_1_448' title='bbox 1504 3294 1661 3364; x_wconf 90' lang='lat' dir='ltr'><strong>illuminat,</strong></span> 
     </span>
     <span class='ocr_line' id='line_1_97' title="bbox 1063 3365 1600 3427; baseline -0.009 -1"><span class='ocrx_word' id='word_1_449' title='bbox 1063 3370 1098 3426; x_wconf 87' lang='lat' dir='ltr'><strong>Et</strong></span> <span class='ocrx_word' id='word_1_450' title='bbox 1110 3370 1229 3427; x_wconf 90' lang='lat' dir='ltr'><strong>domuin</strong></span> <span class='ocrx_word' id='word_1_451' title='bbox 1244 3368 1356 3424; x_wconf 91' lang='lat' dir='ltr'><strong>Domini</strong></span> <span class='ocrx_word' id='word_1_452' title='bbox 1369 3367 1412 3424; x_wconf 93' lang='lat' dir='ltr'><strong>sic</strong></span> <span class='ocrx_word' id='word_1_453' title='bbox 1424 3365 1600 3424; x_wconf 89' lang='lat' dir='ltr'><strong>reconciliat.</strong></span> 
     </span>
    </p>
   </div>
   <div class='ocr_carea' id='block_1_30' title="bbox 1062 3471 1616 3755">
    <p class='ocr_par' dir='ltr' id='par_1_51' title="bbox 1062 3471 1616 3755">
     <span class='ocr_line' id='line_1_98' title="bbox 1062 3471 1589 3544; baseline -0.009 -12"><span class='ocrx_word' id='word_1_454' title='bbox 1062 3475 1176 3532; x_wconf 86' lang='lat' dir='ltr'><strong>Octavae</strong></span> <span class='ocrx_word' id='word_1_455' title='bbox 1191 3473 1303 3544; x_wconf 88' lang='lat' dir='ltr'><strong>peragit</strong></span> <span class='ocrx_word' id='word_1_456' title='bbox 1316 3473 1419 3529; x_wconf 87' lang='lat' dir='ltr'><strong>ihesus</strong></span> <span class='ocrx_word' id='word_1_457' title='bbox 1431 3471 1589 3530; x_wconf 87' lang='lat' dir='ltr'><strong>misterium</strong></span> 
     </span>
     <span class='ocr_line' id='line_1_99' title="bbox 1062 3541 1616 3614; baseline -0.004 -15"><span class='ocrx_word' id='word_1_458' title='bbox 1062 3546 1095 3599; x_wconf 93' lang='grc'><strong>15</strong></span> <span class='ocrx_word' id='word_1_459' title='bbox 1110 3558 1170 3614; x_wconf 84' lang='lat' dir='ltr'><strong>qua</strong></span> <span class='ocrx_word' id='word_1_460' title='bbox 1183 3543 1319 3600; x_wconf 88' lang='lat' dir='ltr'><strong>resederit</strong></span> <span class='ocrx_word' id='word_1_461' title='bbox 1334 3548 1366 3599; x_wconf 94' lang='lat' dir='ltr'><strong>nt</strong></span> <span class='ocrx_word' id='word_1_462' title='bbox 1379 3541 1471 3612; x_wconf 81' lang='lat' dir='ltr'><strong>juder</strong></span> <span class='ocrx_word' id='word_1_463' title='bbox 1485 3542 1616 3598; x_wconf 91' lang='lat' dir='ltr'><strong>omnium</strong></span> 
     </span>
     <span class='ocr_line' id='line_1_100' title="bbox 1063 3611 1553 3681; baseline -0.004 -12"><span class='ocrx_word' id='word_1_464' title='bbox 1063 3614 1134 3670; x_wconf 90' lang='lat' dir='ltr'><strong>Suos</strong></span> <span class='ocrx_word' id='word_1_465' title='bbox 1150 3613 1320 3670; x_wconf 90' lang='lat' dir='ltr'><strong>illuminans</strong></span> <span class='ocrx_word' id='word_1_466' title='bbox 1334 3611 1379 3668; x_wconf 91' lang='lat' dir='ltr'><strong>sui</strong></span> <span class='ocrx_word' id='word_1_467' title='bbox 1391 3612 1553 3681; x_wconf 79' lang='lat' dir='ltr'><strong>presentia,</strong></span> 
     </span>
     <span class='ocr_line' id='line_1_101' title="bbox 1063 3680 1546 3755; baseline -0.014 -14"><span class='ocrx_word' id='word_1_468' title='bbox 1063 3684 1169 3742; x_wconf 86' lang='lat' dir='ltr'><strong>Pravos</strong></span> <span class='ocrx_word' id='word_1_469' title='bbox 1183 3683 1300 3755; x_wconf 87' lang='lat' dir='ltr'><strong>ejiciens</strong></span> <span class='ocrx_word' id='word_1_470' title='bbox 1314 3694 1332 3738; x_wconf 98' lang='grc'><strong>5</strong></span> <span class='ocrx_word' id='word_1_471' title='bbox 1345 3681 1429 3753; x_wconf 89' lang='lat' dir='ltr'><strong>regni</strong></span> <span class='ocrx_word' id='word_1_472' title='bbox 1444 3680 1546 3753; x_wconf 85' lang='lat' dir='ltr'><strong>gloria.</strong></span> 
     </span>
    </p>
   </div>
   <div class='ocr_carea' id='block_1_31' title="bbox 1060 3787 1694 4070">
    <p class='ocr_par' dir='ltr' id='par_1_52' title="bbox 1062 3787 1579 3866">
     <span class='ocr_line' id='line_1_102' title="bbox 1062 3787 1579 3866; baseline -0.01 -19"><span class='ocrx_word' id='word_1_473' title='bbox 1062 3793 1147 3848; x_wconf 88' lang='grc'><strong>11555</strong></span> <span class='ocrx_word' id='word_1_474' title='bbox 1162 3789 1288 3847; x_wconf 86' lang='grc'><strong>51515115</strong></span> <span class='ocrx_word' id='word_1_475' title='bbox 1301 3801 1405 3845; x_wconf 88' lang='lat' dir='ltr'><strong>vacare</strong></span> <span class='ocrx_word' id='word_1_476' title='bbox 1415 3787 1579 3866; x_wconf 67' lang='lat' dir='ltr'><strong>credimus,</strong></span> 
     </span>
    </p>

    <p class='ocr_par' dir='ltr' id='par_1_53' title="bbox 1060 3854 1694 4070">
     <span class='ocr_line' id='line_1_103' title="bbox 1065 3854 1654 3936; baseline -0.01 -19"><span class='ocrx_word' id='word_1_477' title='bbox 1065 3860 1145 3929; x_wconf 85' lang='lat' dir='ltr'><strong>Quod</strong></span> <span class='ocrx_word' id='word_1_478' title='bbox 1158 3860 1210 3918; x_wconf 91' lang='lat' dir='ltr'><strong>soli</strong></span> <span class='ocrx_word' id='word_1_479' title='bbox 1220 3860 1281 3917; x_wconf 91' lang='lat' dir='ltr'><strong>dies</strong></span> <span class='ocrx_word' id='word_1_480' title='bbox 1291 3859 1352 3916; x_wconf 85' lang='lat' dir='ltr'><strong>baec</strong></span> <span class='ocrx_word' id='word_1_481' title='bbox 1367 3859 1454 3916; x_wconf 88' lang='grc'><strong>115151</strong></span> <span class='ocrx_word' id='word_1_482' title='bbox 1469 3871 1486 3914; x_wconf 88' lang='grc'><strong>5</strong></span> <span class='ocrx_word' id='word_1_483' title='bbox 1501 3854 1654 3936; x_wconf 69' lang='lat' dir='ltr'><strong>gentibns33</strong></span> 
     </span>
     <span class='ocr_line' id='line_1_104' title="bbox 1062 3930 1694 4010; baseline -0.005 -23"><span class='ocrx_word' id='word_1_484' title='bbox 1062 3931 1117 4003; x_wconf 92' lang='lat' dir='ltr'><strong>lpsi</strong></span> <span class='ocrx_word' id='word_1_485' title='bbox 1128 3932 1173 3989; x_wconf 86' lang='grc'><strong>1155</strong></span> <span class='ocrx_word' id='word_1_486' title='bbox 1200 3930 1242 4002; x_wconf 76' lang='grc'><strong>11)</strong></span> <span class='ocrx_word' id='word_1_487' title='bbox 1258 3936 1426 3987; x_wconf 91' lang='lat' dir='ltr'><strong>consecrent</strong></span> <span class='ocrx_word' id='word_1_488' title='bbox 1441 3942 1505 3985; x_wconf 90' lang='lat' dir='ltr'><strong>eam</strong></span> <span class='ocrx_word' id='word_1_489' title='bbox 1514 3940 1554 4010; x_wconf 79' lang='lat' dir='ltr'><strong>ex</strong></span> <span class='ocrx_word' id='word_1_490' title='bbox 1569 3940 1694 4010; x_wconf 80' lang='lat' dir='ltr'><strong>nomine,</strong></span> 
     </span>
     <span class='ocr_line' id='line_1_105' title="bbox 1060 3997 1641 4070; baseline -0.014 -10"><span class='ocrx_word' id='word_1_491' title='bbox 1060 4004 1133 4060; x_wconf 83' lang='lat' dir='ltr'><strong>cum</strong></span> <span class='ocrx_word' id='word_1_492' title='bbox 1147 4002 1202 4059; x_wconf 91' lang='lat' dir='ltr'><strong>sibi</strong></span> <span class='ocrx_word' id='word_1_493' title='bbox 1217 4000 1344 4059; x_wconf 88' lang='lat' dir='ltr'><strong>vindicet</strong></span> <span class='ocrx_word' id='word_1_494' title='bbox 1358 4000 1434 4058; x_wconf 88' lang='lat' dir='ltr'><strong>lianc</strong></span> <span class='ocrx_word' id='word_1_495' title='bbox 1452 3997 1494 4058; x_wconf 90' lang='lat' dir='ltr'><strong>sol</strong></span> <span class='ocrx_word' id='word_1_496' title='bbox 1509 4003 1641 4070; x_wconf 81' lang='lat' dir='ltr'><strong>Justitiae.</strong></span> 
     </span>
    </p>
   </div>
   <div class='ocr_carea' id='block_1_32' title="bbox 1061 4090 1352 4149">
    <p class='ocr_par' dir='ltr' id='par_1_54' title="bbox 1061 4090 1352 4149">
     <span class='ocr_line' id='line_1_106' title="bbox 1061 4090 1352 4149; baseline -0.014 0"><span class='ocrx_word' id='word_1_497' title='bbox 1061 4090 1203 4149; x_wconf 89' lang='lat' dir='ltr'><strong>Perbenni</strong></span> <span class='ocrx_word' id='word_1_498' title='bbox 1219 4090 1352 4148; x_wconf 92' lang='lat' dir='ltr'><strong>Domino.</strong></span> 
     </span>
    </p>
   </div>
   <div class='ocr_carea' id='block_1_33' title="bbox 1242 4176 1522 4389">
    <p class='ocr_par' dir='ltr' id='par_1_55' title="bbox 1242 4176 1522 4389">
     <span class='ocr_line' id='line_1_107' title="bbox 1338 4176 1419 4233; baseline 0 -1"><span class='ocrx_word' id='word_1_499' title='bbox 1338 4176 1419 4233; x_wconf 81' lang='lat' dir='ltr'><strong>xiil.</strong></span> 
     </span>
     <span class='ocr_line' id='line_1_108' title="bbox 1311 4261 1450 4313; baseline -0.022 -8"><span class='ocrx_word' id='word_1_500' title='bbox 1311 4261 1450 4313; x_wconf 83' lang='grc'><strong>55511515.</strong></span> 
     </span>
     <span class='ocr_line' id='line_1_109' title="bbox 1242 4318 1522 4389; baseline -0.007 -14"><span class='ocrx_word' id='word_1_501' title='bbox 1242 4318 1290 4375; x_wconf 67' lang='lat' dir='ltr'><strong>A}</strong></span> <span class='ocrx_word' id='word_1_502' title='bbox 1301 4319 1522 4389; x_wconf 79' lang='lat' dir='ltr'><strong>Complelort‘ttm.</strong></span> 
     </span>
    </p>
   </div>
   <div class='ocr_carea' id='block_1_34' title="bbox 1061 4404 1646 4691">
    <p class='ocr_par' dir='ltr' id='par_1_56' title="bbox 1061 4404 1646 4691">
     <span class='ocr_line' id='line_1_110' title="bbox 1063 4404 1633 4477; baseline -0.005 -12"><span class='ocrx_word' id='word_1_503' title='bbox 1063 4406 1175 4477; x_wconf 86' lang='lat' dir='ltr'><strong>Ubique</strong></span> <span class='ocrx_word' id='word_1_504' title='bbox 1191 4407 1250 4465; x_wconf 92' lang='lat' dir='ltr'><strong>tuis</strong></span> <span class='ocrx_word' id='word_1_505' title='bbox 1263 4421 1316 4466; x_wconf 91' lang='grc'><strong>555</strong></span> <span class='ocrx_word' id='word_1_506' title='bbox 1329 4414 1357 4465; x_wconf 91' lang='grc'><strong>51</strong></span> <span class='ocrx_word' id='word_1_507' title='bbox 1369 4420 1482 4477; x_wconf 90' lang='lat' dir='ltr'><strong>semper</strong></span> <span class='ocrx_word' id='word_1_508' title='bbox 1495 4404 1633 4464; x_wconf 89' lang='lat' dir='ltr'><strong>laudibus</strong></span> 
     </span>
     <span class='ocr_line' id='line_1_111' title="bbox 1061 4476 1604 4546; baseline 0.004 -14"><span class='ocrx_word' id='word_1_509' title='bbox 1061 4478 1179 4545; x_wconf 84' lang='lat' dir='ltr'><strong>vacare,</strong></span> <span class='ocrx_word' id='word_1_510' title='bbox 1195 4478 1325 4546; x_wconf 89' lang='lat' dir='ltr'><strong>Domine,</strong></span> <span class='ocrx_word' id='word_1_511' title='bbox 1340 4479 1443 4535; x_wconf 90' lang='lat' dir='ltr'><strong>debere</strong></span> <span class='ocrx_word' id='word_1_512' title='bbox 1457 4476 1604 4545; x_wconf 89' lang='lat' dir='ltr'><strong>novimus,</strong></span> 
     </span>
     <span class='ocr_line' id='line_1_112' title="bbox 1062 4548 1624 4619; baseline -0.002 -15"><span class='ocrx_word' id='word_1_513' title='bbox 1062 4548 1115 4612; x_wconf 86' lang='grc'><strong>051</strong></span> <span class='ocrx_word' id='word_1_514' title='bbox 1130 4548 1192 4604; x_wconf 89' lang='lat' dir='ltr'><strong>loca</strong></span> <span class='ocrx_word' id='word_1_515' title='bbox 1206 4548 1331 4606; x_wconf 78' lang='lat' dir='ltr'><strong>fabricas</strong></span> <span class='ocrx_word' id='word_1_516' title='bbox 1344 4548 1427 4605; x_wconf 93' lang='lat' dir='ltr'><strong>nobis</strong></span> <span class='ocrx_word' id='word_1_517' title='bbox 1441 4551 1469 4604; x_wconf 90' lang='lat' dir='ltr'><strong>et</strong></span> <span class='ocrx_word' id='word_1_518' title='bbox 1484 4555 1624 4619; x_wconf 85' lang='lat' dir='ltr'><strong>tempora,</strong></span> 
     </span>
     <span class='ocr_line' id='line_1_113' title="bbox 1061 4616 1646 4691; baseline -0.003 -16"><span class='ocrx_word' id='word_1_519' title='bbox 1061 4618 1178 4676; x_wconf 88' lang='lat' dir='ltr'><strong>Noctem</strong></span> <span class='ocrx_word' id='word_1_520' title='bbox 1193 4619 1230 4674; x_wconf 93' lang='lat' dir='ltr'><strong>ad</strong></span> <span class='ocrx_word' id='word_1_521' title='bbox 1249 4619 1389 4691; x_wconf 84' lang='lat' dir='ltr'><strong>requiem,</strong></span> <span class='ocrx_word' id='word_1_522' title='bbox 1406 4619 1482 4676; x_wconf 89' lang='lat' dir='ltr'><strong>diem</strong></span> <span class='ocrx_word' id='word_1_523' title='bbox 1496 4616 1532 4675; x_wconf 87' lang='lat' dir='ltr'><strong>ad</strong></span> <span class='ocrx_word' id='word_1_524' title='bbox 1548 4630 1646 4689; x_wconf 89' lang='lat' dir='ltr'><strong>opera.</strong></span> 
     </span>
    </p>
   </div>
   <div class='ocr_carea' id='block_1_35' title="bbox 61 4766 1800 5403">
    <p class='ocr_par' dir='ltr' id='par_1_57' title="bbox 90 4766 1395 4849">
     <span class='ocr_line' id='line_1_114' title="bbox 90 4766 1395 4849; baseline 0.011 -29"><span class='ocrx_word' id='word_1_525' title='bbox 90 4766 130 4837; x_wconf 90' lang='grc'><strong>(1)</strong></span> <span class='ocrx_word' id='word_1_526' title='bbox 147 4767 192 4824; x_wconf 90' lang='lat' dir='ltr'><strong>Sic</strong></span> <span class='ocrx_word' id='word_1_527' title='bbox 215 4767 282 4825; x_wconf 82' lang='lat' dir='ltr'><strong>Cod.</strong></span> <span class='ocrx_word' id='word_1_528' title='bbox 308 4768 349 4826; x_wconf 90' lang='lat' dir='ltr'><strong>Cl.</strong></span> <span class='ocrx_word' id='word_1_529' title='bbox 374 4783 401 4827; x_wconf 84' lang='lat' dir='ltr'><strong>v-</strong></span> <span class='ocrx_word' id='word_1_530' title='bbox 427 4769 532 4826; x_wconf 85' lang='lat' dir='ltr'><strong>Cousin</strong></span> <span class='ocrx_word' id='word_1_531' title='bbox 554 4769 678 4827; x_wconf 90' lang='lat' dir='ltr'><strong>mutavit</strong></span> <span class='ocrx_word' id='word_1_532' title='bbox 702 4770 731 4826; x_wconf 93' lang='lat' dir='ltr'><strong>in</strong></span> <span class='ocrx_word' id='word_1_533' title='bbox 757 4772 898 4829; x_wconf 81' lang='lat' dir='ltr'><strong>beredita-</strong></span> <span class='ocrx_word' id='word_1_534' title='bbox 956 4774 1395 4849; x_wconf 79' lang='grc'><strong>515111511555511551155115.</strong></span> 
     </span>
    </p>

    <p class='ocr_par' dir='ltr' id='par_1_58' title="bbox 61 4839 1800 5060">
     <span class='ocr_line' id='line_1_115' title="bbox 61 4839 1799 4919; baseline 0.006 -28"><span class='ocrx_word' id='word_1_535' title='bbox 61 4839 211 4918; x_wconf 73' lang='grc'><strong>15511511</strong></span> <span class='ocrx_word' id='word_1_536' title='bbox 230 4852 368 4918; x_wconf 87' lang='lat' dir='ltr'><strong>necesse3</strong></span> <span class='ocrx_word' id='word_1_537' title='bbox 391 4854 484 4910; x_wconf 90' lang='lat' dir='ltr'><strong>quum</strong></span> <span class='ocrx_word' id='word_1_538' title='bbox 508 4853 566 4896; x_wconf 93' lang='lat' dir='ltr'><strong>non</strong></span> <span class='ocrx_word' id='word_1_539' title='bbox 589 4841 765 4899; x_wconf 88' lang='lat' dir='ltr'><strong>conveniant</strong></span> <span class='ocrx_word' id='word_1_540' title='bbox 786 4845 899 4916; x_wconf 91' lang='lat' dir='ltr'><strong>antiqui</strong></span> <span class='ocrx_word' id='word_1_541' title='bbox 992 4846 1270 4918; x_wconf 76' lang='grc'><strong>(1)(1551551115155</strong></span> <span class='ocrx_word' id='word_1_542' title='bbox 1287 4849 1460 4919; x_wconf 79' lang='lat' dir='ltr'><strong>vespertinae</strong></span> <span class='ocrx_word' id='word_1_543' title='bbox 1468 4853 1537 4904; x_wconf 89' lang='lat' dir='ltr'><strong>sunt</strong></span> <span class='ocrx_word' id='word_1_544' title='bbox 1546 4844 1696 4905; x_wconf 80' lang='grc'><strong>1115151115</strong></span> <span class='ocrx_word' id='word_1_545' title='bbox 1705 4843 1799 4912; x_wconf 80' lang='lat' dir='ltr'><strong>Dona,</strong></span> 
     </span>
     <span class='ocr_line' id='line_1_116' title="bbox 61 4917 1800 4997; baseline 0.006 -35"><span class='ocrx_word' id='word_1_546' title='bbox 61 4918 255 4997; x_wconf 72' lang='lat' dir='ltr'><strong>grammatici.¹</strong></span> <span class='ocrx_word' id='word_1_547' title='bbox 955 4917 1094 4989; x_wconf 78' lang='lat' dir='ltr'><strong>vespere,</strong></span> <span class='ocrx_word' id='word_1_548' title='bbox 1129 4917 1353 4988; x_wconf 84' lang='lat' dir='ltr'><strong>completorium</strong></span> <span class='ocrx_word' id='word_1_549' title='bbox 1386 4927 1415 4975; x_wconf 92' lang='lat' dir='ltr'><strong>et</strong></span> <span class='ocrx_word' id='word_1_550' title='bbox 1446 4918 1640 4988; x_wconf 80' lang='lat' dir='ltr'><strong>Matutinum3</strong></span> <span class='ocrx_word' id='word_1_551' title='bbox 1674 4921 1800 4987; x_wconf 86' lang='lat' dir='ltr'><strong>quatuor</strong></span> 
     </span>
     <span class='ocr_line' id='line_1_117' title="bbox 91 4977 1622 5060; baseline 0.007 -27"><span class='ocrx_word' id='word_1_552' title='bbox 91 4977 130 5050; x_wconf 80' lang='grc'><strong>(1)</strong></span> <span class='ocrx_word' id='word_1_553' title='bbox 146 4980 214 5035; x_wconf 75' lang='lat' dir='ltr'><strong>dod.</strong></span> <span class='ocrx_word' id='word_1_554' title='bbox 244 4979 432 5043; x_wconf 74' lang='lat' dir='ltr'><strong>anomaliae:</strong></span> <span class='ocrx_word' id='word_1_555' title='bbox 460 4980 509 5037; x_wconf 89' lang='lat' dir='ltr'><strong>sed</strong></span> <span class='ocrx_word' id='word_1_556' title='bbox 529 4985 559 5036; x_wconf 86' lang='grc'><strong>15</strong></span> <span class='ocrx_word' id='word_1_557' title='bbox 587 4980 667 5038; x_wconf 91' lang='lat' dir='ltr'><strong>obelo</strong></span> <span class='ocrx_word' id='word_1_558' title='bbox 686 4995 735 5039; x_wconf 91' lang='lat' dir='ltr'><strong>seu</strong></span> <span class='ocrx_word' id='word_1_559' title='bbox 762 4983 900 5055; x_wconf 88' lang='lat' dir='ltr'><strong>stigmati-</strong></span> <span class='ocrx_word' id='word_1_560' title='bbox 956 4988 1622 5060; x_wconf 80' lang='grc' dir='ltr'><strong>55151155155155,Ρ11515,Τ5111551551115.</strong></span> 
     </span>
    </p>

    <p class='ocr_par' dir='ltr' id='par_1_59' title="bbox 61 5050 1224 5134">
     <span class='ocr_line' id='line_1_118' title="bbox 61 5050 1224 5134; baseline 0.008 -29"><span class='ocrx_word' id='word_1_561' title='bbox 61 5050 112 5106; x_wconf 85' lang='grc'><strong>155</strong></span> <span class='ocrx_word' id='word_1_562' title='bbox 126 5057 251 5106; x_wconf 89' lang='grc'><strong>5515151.</strong></span> <span class='ocrx_word' id='word_1_563' title='bbox 286 5123 290 5134; x_wconf 93' lang='lat'><strong>.</strong></span> <span class='ocrx_word' id='word_1_564' title='bbox 1003 5060 1029 5130; x_wconf 84' lang='lat' dir='ltr'><strong>il)</strong></span> <span class='ocrx_word' id='word_1_565' title='bbox 1046 5058 1224 5117; x_wconf 78' lang='lat' dir='ltr'><strong>Codiidcnt</strong></span> 
     </span>
    </p>

    <p class='ocr_par' dir='ltr' id='par_1_60' title="bbox 91 5120 1465 5203">
     <span class='ocr_line' id='line_1_119' title="bbox 91 5120 1465 5203; baseline 0.008 -29"><span class='ocrx_word' id='word_1_566' title='bbox 91 5120 121 5188; x_wconf 83' lang='grc'><strong>(3</strong></span> <span class='ocrx_word' id='word_1_567' title='bbox 147 5121 372 5201; x_wconf 80' lang='lat' dir='ltr'><strong>Codstiqincas.</strong></span> <span class='ocrx_word' id='word_1_568' title='bbox 417 5190 447 5203; x_wconf 39' lang='grc' dir='ltr'>Η</span> <span class='ocrx_word' id='word_1_569' title='bbox 1003 5133 1026 5199; x_wconf 88' lang='grc'><strong>9)</strong></span> <span class='ocrx_word' id='word_1_570' title='bbox 1044 5130 1085 5187; x_wconf 81' lang='lat' dir='ltr'><strong>di.</strong></span> <span class='ocrx_word' id='word_1_571' title='bbox 1101 5145 1130 5187; x_wconf 86' lang='lat' dir='ltr'><strong>v.</strong></span> <span class='ocrx_word' id='word_1_572' title='bbox 1146 5130 1253 5189; x_wconf 82' lang='lat' dir='ltr'><strong>Gousin</strong></span> <span class='ocrx_word' id='word_1_573' title='bbox 1267 5133 1396 5186; x_wconf 79' lang='lat' dir='ltr'><strong>Dominus</strong></span> <span class='ocrx_word' id='word_1_574' title='bbox 1411 5130 1465 5186; x_wconf 80' lang='lat' dir='ltr'><strong>ilic.</strong></span> 
     </span>
    </p>

    <p class='ocr_par' dir='ltr' id='par_1_61' title="bbox 92 5189 1533 5403">
     <span class='ocr_line' id='line_1_120' title="bbox 92 5189 1533 5403; baseline 0.01 -161"><span class='ocrx_word' id='word_1_575' title='bbox 92 5189 121 5403; x_wconf 53' lang='grc'><strong>(1</strong></span> <span class='ocrx_word' id='word_1_576' title='bbox 147 5190 187 5248; x_wconf 89' lang='lat' dir='ltr'><strong>Cl.</strong></span> <span class='ocrx_word' id='word_1_577' title='bbox 205 5206 233 5247; x_wconf 91' lang='lat' dir='ltr'><strong>v.</strong></span> <span class='ocrx_word' id='word_1_578' title='bbox 246 5193 352 5248; x_wconf 81' lang='lat' dir='ltr'><strong>Cousin</strong></span> <span class='ocrx_word' id='word_1_579' title='bbox 367 5197 461 5249; x_wconf 90' lang='lat' dir='ltr'><strong>omisit</strong></span> <span class='ocrx_word' id='word_1_580' title='bbox 476 5191 517 5248; x_wconf 89' lang='grc'><strong>01</strong></span> <span class='ocrx_word' id='word_1_581' title='bbox 1006 5204 1038 5257; x_wconf 88' lang='grc'><strong>10</strong></span> <span class='ocrx_word' id='word_1_582' title='bbox 1058 5200 1126 5258; x_wconf 87' lang='lat' dir='ltr'><strong>Cod.</strong></span> <span class='ocrx_word' id='word_1_583' title='bbox 1136 5201 1275 5259; x_wconf 68' lang='lat' dir='ltr'><strong>addita..</strong></span> <span class='ocrx_word' id='word_1_584' title='bbox 1290 5202 1345 5257; x_wconf 83' lang='lat' dir='ltr'><strong>diei</strong></span> <span class='ocrx_word' id='word_1_585' title='bbox 1359 5201 1533 5258; x_wconf 72' lang='lat' dir='ltr'><strong>amineam.</strong></span> 
     </span>
    </p>
   </div>
   <div class='ocr_carea' id='block_1_36' title="bbox 106 5263 1539 5408">
    <p class='ocr_par' dir='ltr' id='par_1_62' title="bbox 106 5263 1539 5408">
     <span class='ocr_line' id='line_1_121' title="bbox 107 5263 1539 5341; baseline 0.008 -28"><span class='ocrx_word' id='word_1_586' title='bbox 107 5264 122 5313; x_wconf 83' lang='lat'>5</span> <span class='ocrx_word' id='word_1_587' title='bbox 150 5263 217 5317; x_wconf 85' lang='lat' dir='ltr'><strong>Coti.</strong></span> <span class='ocrx_word' id='word_1_588' title='bbox 230 5263 334 5341; x_wconf 70' lang='grc'><strong>15151111,</strong></span> <span class='ocrx_word' id='word_1_589' title='bbox 1006 5274 1032 5326; x_wconf 88' lang='lat' dir='ltr'><strong>ti</strong></span> <span class='ocrx_word' id='word_1_590' title='bbox 1063 5270 1130 5329; x_wconf 83' lang='lat' dir='ltr'><strong>cod.</strong></span> <span class='ocrx_word' id='word_1_591' title='bbox 1146 5273 1539 5329; x_wconf 70' lang='lat' dir='ltr'><strong>exibet...et&#39;it&#39;ens...et‘iietts</strong></span> 
     </span>
     <span class='ocr_line' id='line_1_122' title="bbox 106 5333 902 5408; baseline 0.011 -22"><span class='ocrx_word' id='word_1_592' title='bbox 106 5335 120 5386; x_wconf 84' lang='lat'><strong>6</strong></span> <span class='ocrx_word' id='word_1_593' title='bbox 157 5333 344 5389; x_wconf 83' lang='lat' dir='ltr'><strong>servavimus</strong></span> <span class='ocrx_word' id='word_1_594' title='bbox 367 5346 487 5402; x_wconf 85' lang='lat' dir='ltr'><strong>vespere,</strong></span> <span class='ocrx_word' id='word_1_595' title='bbox 518 5333 656 5406; x_wconf 87' lang='lat' dir='ltr'><strong>quoniam</strong></span> <span class='ocrx_word' id='word_1_596' title='bbox 678 5335 815 5393; x_wconf 90' lang='lat' dir='ltr'><strong>continno</strong></span> <span class='ocrx_word' id='word_1_597' title='bbox 839 5346 902 5408; x_wconf 91' lang='lat' dir='ltr'><strong>post</strong></span> 
     </span>
    </p>
   </div>
   <div class='ocr_carea' id='block_1_37' title="bbox 60 5341 1331 5476">
    <p class='ocr_par' dir='ltr' id='par_1_63' title="bbox 60 5341 1331 5476">
     <span class='ocr_line' id='line_1_123' title="bbox 671 5341 1331 5417; baseline 0.011 -24"><span class='ocrx_word' id='word_1_598' title='bbox 671 5405 676 5417; x_wconf 30' lang='grc' dir='ltr'>ι</span> <span class='ocrx_word' id='word_1_599' title='bbox 1008 5344 1039 5397; x_wconf 73' lang='grc'><strong>11</strong></span> <span class='ocrx_word' id='word_1_600' title='bbox 1060 5341 1127 5401; x_wconf 81' lang='lat' dir='ltr'><strong>Cod.</strong></span> <span class='ocrx_word' id='word_1_601' title='bbox 1143 5345 1202 5416; x_wconf 83' lang='lat' dir='ltr'><strong>lpst&#39;</strong></span> <span class='ocrx_word' id='word_1_602' title='bbox 1215 5358 1331 5416; x_wconf 77' lang='lat' dir='ltr'><strong>guoque.</strong></span> 
     </span>
     <span class='ocr_line' id='line_1_124' title="bbox 60 5401 900 5476; baseline 0.007 -16"><span class='ocrx_word' id='word_1_603' title='bbox 60 5401 227 5462; x_wconf 70' lang='lat' dir='ltr'><strong>abaelardus</strong></span> <span class='ocrx_word' id='word_1_604' title='bbox 239 5418 318 5458; x_wconf 84' lang='grc'><strong>515115</strong></span> <span class='ocrx_word' id='word_1_605' title='bbox 329 5415 446 5474; x_wconf 89' lang='lat' dir='ltr'><strong>quoque</strong></span> <span class='ocrx_word' id='word_1_606' title='bbox 460 5409 609 5476; x_wconf 88' lang='lat' dir='ltr'><strong>tamqnam</strong></span> <span class='ocrx_word' id='word_1_607' title='bbox 618 5406 750 5464; x_wconf 87' lang='lat' dir='ltr'><strong>dativum</strong></span> <span class='ocrx_word' id='word_1_608' title='bbox 764 5407 900 5468; x_wconf 89' lang='lat' dir='ltr'><strong>adbibet:</strong></span> 
     </span>
    </p>
   </div>
   <div class='ocr_carea' id='block_1_38' title="bbox 0 0 1906 5962">
    <p class='ocr_par' dir='ltr' id='par_1_64' title="bbox 0 0 1906 5962">
     <span class='ocr_line' id='line_1_125' title="bbox 0 0 1906 5962; baseline 0 3"><span class='ocrx_word' id='word_1_609' title='bbox 0 0 1906 5962; x_wconf 95' lang='lat' dir='ltr'><strong> </strong></span> 
     </span>
    </p>
   </div>
  </div>
 </body>
</html>
