3804 5962
139 173 209 232 titt
406 170 511 229 istiu
528 171 717 231 obnititur
735 171 813 231 OPP.
831 173 926 233 Ptus-
937 175 977 232 111
995 205 1031 221 -
1048 177 1271 237 rnnobodlca
1289 181 1332 236 ET
1348 182 1609 242 Pultosorttlcit.
1830 142 1885 240 trit

33 294 34 299 ’
132 294 197 364 das,
222 302 341 367 propter
369 293 535 365 superbiam
560 294 726 352 iuncorum
754 299 975 355 retundendam.
992 297 1129 371 bipsum
1155 315 1279 372 puerum
1309 304 1425 376 quidem
1452 305 1527 364 banc
1553 306 1745 365 voluntatem
1768 323 1830 366 non
1844 310 1882 366 ba·

88 425 95 435 .
131 384 290 443 Cnmenim
314 382 550 454 propterlegalia
571 383 677 440 iudaeis
696 386 886 457 gentileseto
908 402 974 444 con·
1030 388 1107 459 bere,
1141 393 1249 462 quippe
1276 407 1343 450 cum
1370 394 1481 450 nullius
1503 395 1666 453 voluntatis
1692 397 1735 454 sit
1764 412 1880 468 compos

129 486 214 531 verso
233 470 463 536 inimicarentur,
484 485 637 541 nunquam
661 474 780 543 gentiles
800 475 849 531 illa
870 477 974 546 recipe·
1029 477 1111 542 Quod
1138 480 1200 548 boc,
1227 485 1358 552 inquam,
1381 482 1452 540 nolit
1479 498 1560 553 puer,
1592 485 1661 541 inde
1692 485 1786 542 facile
1804 494 1880 556 potest

130 567 205 619 runt.
230 561 301 616 Item
322 559 346 615 si
368 558 537 629 reciperent,
556 559 647 615 tndaei
663 560 729 618 inde
745 563 930 633 superbirent
948 571 976 622 ει
1030 567 1168 637 perpendi
1190 568 1267 638 quod
1292 578 1436 640 qnantum
1457 579 1547 642 potest
1564 572 1747 631 recalcitrat.
1770 573 1827 630 Sed
1844 574 1881 630 di·

130 649 214 722 quasi
234 648 302 705 inde
325 661 354 704 se
370 648 523 720 jactarent,
541 648 593 719 qui
616 649 766 708 dicerent:
786 653 882 709 Velitis
904 654 975 710 noli·
1028 655 1121 712 cimus
1136 658 1215 727 quod
1234 658 1366 727 patrinus
1381 659 1411 715 in
1433 674 1556 730 persona
1570 663 1617 717 sui
1647 661 1802 733 loquitur.
1820 665 1878 720 Con

130 738 176 806 tis,
199 737 235 795 ad
265 745 365 795 nostra
388 744 567 794 sacramenta
592 736 712 794 tenutis
734 739 827 797 modo.
852 741 975 813 ideoque
1029 750 1126 799 autem
1141 745 1201 799 ait:
1223 744 1319 812 Credo,
1337 745 1393 803 tale
1407 754 1450 803 est
1464 761 1497 804 ae
1521 749 1664 821 sidicat:
1686 750 1793 807 Talem
1806 750 1876 809 tidsu

129 826 303 885 conveniens
329 826 386 884 init
412 826 462 883 illa
479 826 626 893 evacuari,
657 834 684 883 et
703 827 760 883 alia
779 843 845 900 quae
873 831 974 902 utique
1028 830 1132 901 babeo,
1148 846 1199 902 per
1222 848 1310 904 qnam
1335 834 1383 890 bic
1397 835 1504 893 salvari
1524 844 1624 907 potest.
1650 838 1730 895 cnm
1754 839 1876 897 similitu

129 915 223 974 iurent
253 915 418 973 communia
452 915 598 973 constitui.
628 915 747 985 Propter
771 917 825 974 boc
857 933 974 991 quoque
1027 922 1179 990 respondet
1206 938 1213 976 ε
1240 924 1304 978 Volo
1333 923 1481 994 baptizari,
1507 939 1608 982 sensus
1640 935 1686 983 εει
1718 943 1726 983 ;
1754 927 1829 985 Volo
1851 937 1875 986 nt

128 1006 289 1078 baptismus
311 1005 372 1062 loco
395 1004 623 1062 circumcisionis
636 1005 737 1073 subiit,
764 1008 835 1078 quia
848 1009 971 1065 circum.
1027 1008 1079 1065 iste
1098 1009 1258 1079 baptizetur
1274 1011 1303 1066 in
1320 1011 1375 1068 lide
1393 1027 1467 1068 mea.
1491 1013 1653 1072 Servantur
1675 1023 1782 1073 tamen
1799 1019 1875 1075 verba

128 1095 197 1152 cislo
216 1094 414 1166 imperfectum
436 1101 499 1152 erat
528 1102 753 1162 sacramentnm,
780 1104 878 1167 utpote
905 1098 973 1155 solis
1027 1097 1110 1167 pueri
1124 1098 1223 1168 ipsius,
1248 1107 1279 1156 ut
1293 1114 1330 1156 en
1355 1100 1503 1158 identitate
1523 1103 1684 1160 verborum
1701 1107 1793 1175 pueri
1808 1107 1872 1165 iden

128 1182 256 1239 attinens
288 1180 430 1238 maribus.
455 1179 620 1250 Baptismus
644 1193 712 1237 vero
744 1182 900 1251 perlectum
930 1190 973 1240 est
1026 1186 1094 1242 titas
1121 1187 1225 1257 patrini
1254 1188 1289 1244 ad
1322 1203 1446 1258 puerum
1471 1198 1595 1248 notetur.
1624 1194 1667 1249 De
1702 1194 1764 1251 bac
1794 1195 1871 1253 lornt

127 1276 352 1338 sacramentum,
375 1269 448 1340 quia
474 1266 593 1339 utrique
615 1268 700 1324 sexui
728 1270 971 1327 accommodatur.
1025 1274 1172 1332 sciendum
1192 1276 1328 1347 estquod
1343 1277 1673 1347 ubiqueserrandaest.
1688 1280 1770 1339 Dicit
1789 1291 1871 1342 mmet

127 1358 203 1418 Solet
226 1359 319 1431 quari
343 1372 397 1416 cur
416 1358 510 1430 magis
533 1358 564 1414 in
587 1371 775 1429 equaquam
796 1359 827 1414 in
854 1359 910 1417 alio
933 1360 972 1416 li·
1024 1363 1126 1420 beatus
1147 1364 1360 1422 Ambrosinsia
1384 1369 1492 1421 nomine
1518 1367 1621 1424 obruti
1646 1369 1798 1441 baptizari
1823 1387 1870 1444 pus

127 1460 218 1519 quore
230 1447 392 1520 baptismus
405 1447 583 1505 conficiatur.
597 1447 640 1504 lid
655 1449 734 1519 quod
752 1448 870 1519 quidem
886 1450 973 1520 plura
1025 1465 1065 1517 se,
1082 1451 1152 1521 quia
1168 1451 1206 1508 ibi
1231 1452 1356 1508 Trinitas
1377 1453 1551 1526 intelligitur
1567 1472 1575 1510 :
1589 1457 1623 1511 ln
1635 1459 1753 1513 nomine
1778 1460 1868 1528 Potui,

126 1536 293 1608 responderi
316 1543 436 1609 possunt
459 1536 585 1608 :prim0‚
612 1537 683 1607 qnia
704 1546 821 1609 propter
841 1539 971 1597 docorem
1025 1545 1050 1595 et
1071 1539 1147 1605 Filii,
1178 1545 1204 1595 et
1223 1541 1348 1611 Spiritus
1370 1545 1469 1610 suncti,
1495 1543 1525 1600 id
1551 1551 1595 1601 cst
1632 1544 1869 1607 inuocationeil·

126 1626 301 1684 sacramenti
336 1626 391 1684 boc
421 1626 530 1683 lactum
552 1633 604 1682 est.
635 1625 740 1683 Nullus
769 1626 846 1685 enim
874 1628 972 1701 liquor
987 1596 1009 1653 Β
1026 1628 1093 1697 lius,
1109 1627 1157 1685 cni
1171 1628 1243 1685 nibil
1263 1631 1394 1686 resistere
1408 1638 1508 1700 potest,
1535 1632 1587 1703 qni
1602 1634 1706 1691 omnia
1732 1637 1868 1707 sapienter

126 1714 197 1775 adeo
220 1715 295 1774 valet
315 1716 352 1773 ad
375 1715 551 1772 abluendum
572 1721 606 1771 ut
625 1728 712 1786 aqua,
737 1723 764 1772 ει
791 1717 853 1774 ideo
867 1732 971 1775 conve·
1026 1719 1095 1789 agit,
1113 1718 1164 1788 qui
1184 1718 1219 1774 de
1234 1718 1370 1775 omnibns
1390 1718 1489 1776 eodem
1514 1721 1599 1779 modo
1614 1725 1780 1793 provenire
1803 1725 1868 1796 lacit,

126 1806 209 1864 niens
222 1812 285 1863 erat
306 1812 334 1862 et
353 1803 489 1861 decorum
513 1810 556 1872 ut,
580 1803 656 1860 sicut
671 1803 782 1861 ablutio
796 1806 901 1862 animae
915 1821 972 1863 me·
1026 1820 1085 1877 quo
1100 1805 1203 1870 melius
1217 1806 1282 1862 inde
1297 1814 1387 1877 potest
1401 1808 1526 1866 evenire.

126 1892 181 1951 lior
199 1900 243 1951 εει
266 1891 404 1950 omnibus
426 1890 502 1960 aliis,
526 1891 568 1947 sic
593 1905 643 1961 per
661 1890 726 1963 ejns
753 1891 875 1962 liquoris
890 1893 971 1950 ablu·
1061 1893 1126 1951 Post
1148 1896 1201 1951 boc
1224 1903 1438 1952 sacramentum
1459 1897 1593 1968 sequitur
1608 1898 1693 1957 aliud
1716 1902 1800 1973 qnod
1817 1904 1868 1975 qni

125 1982 232 2041 tionem
254 1981 478 2054 significaretur,
497 1981 576 2052 quod
589 1979 684 2052 magis
709 1980 786 2038 valet
797 1981 833 2038 ad
850 1982 971 2039 abluen·
1025 1984 1091 2040 dem
1119 1985 1214 2054 majus
1238 1991 1280 2040 εει
1304 1992 1447 2055 quantum
1462 1986 1499 2041 ad
1526 1986 1735 2044 ministrorum
1756 1990 1868 2061 dignita·

125 2069 292 2129 domitam
312 2078 430 2142 proptor
443 2070 582 2141 majorem
607 2068 772 2127 facultatem
796 2070 969 2141 habendam,
1026 2080 1100 2143 tem;
1117 2072 1172 2129 boc
1193 2073 1269 2129 enim
1291 2073 1444 2128 asummis
1464 2073 1651 2143 pontificibus
1667 2075 1809 2144 traditur,
1821 2077 1866 2133 sic·

125 2166 159 2217 ut
180 2173 280 2217 omnes
302 2166 363 2217 tam
388 2172 530 2231 pauperes
551 2172 642 2229 qnam
657 2158 760 2215 divites
784 2158 837 2215 boc
857 2166 972 2229 possent
1024 2169 1058 2218 ut
1081 2176 1099 2217 a
1121 2159 1190 2218 solis
1218 2162 1353 2231 apostolis
1379 2162 1557 2219 tradebatur.
1585 2163 1674 2220 Prius
1700 2173 1748 2221 est
1767 2166 1865 2231 unctio,

125 2246 243 2317 babere,
260 2263 313 2305 nec
328 2256 445 2319 propter
460 2246 588 2318 inopiam
611 2255 830 2304 excusarentur.
852 2247 879 2304 Si
893 2247 971 2304 enim
1024 2249 1275 2322 postea'sequitur
1303 2250 1491 2307 confirmatio.
1515 2251 1557 2307 lbi
1582 2261 1738 2322 peccatum
1761 2254 1867 2311 dimitti

125 2335 205 2395 flaret
233 2337 265 2394 ln
288 2336 414 2410 aliiqulo
432 2336 555 2407 liquore,
580 2344 722 2393 nontam
747 2336 830 2394 iacile
848 2338 970 2409 quilibet
1024 2346 1082 2408 tur,
1108 2338 1155 2396 bic
1175 2340 1274 2411 gratiae
1302 2339 1377 2396 dona
1399 2340 1516 2396 dantur.
1540 2339 1615 2396 Nam
1640 2341 1691 2397 bic
1714 2340 1769 2400 illa
1784 2344 1867 2416 gratis

123 2432 218 2498 posset
231 2425 348 2483 babere.
374 2427 407 2482 ln
428 2425 483 2481 boc
497 2433 688 2489 sacramento,
713 2426 789 2483 sicut
804 2434 832 2483 ει
844 2426 874 2483 in
893 2427 969 2495 aliis,
1023 2427 1126 2500 procul
1139 2427 1228 2484 dubio
1253 2428 1349 2496 datur,
1379 2442 1439 2498 qua
1463 2438 1563 2484 contra
1589 2429 1711 2501 singula
1727 2431 1811 2500 vitia,
1824 2432 1885 2489 εει

125 2515 183 2584 duo
197 2523 276 2585 sunt,
297 2514 392 2586 ipsum
420 2513 527 2572 scilicet
541 2522 755 2572 sacramentnm
769 2523 796 2572 et
811 2515 967 2586 ipsiusres.
1023 2531 1082 2574 non
1105 2530 1218 2587 semper
1247 2517 1425 2588 quandoque
1448 2523 1543 2573 tamen
1564 2526 1730 2589 pugnatur.
1757 2521 1808 2578 Est
1826 2536 1867 2578 an·

124 2603 343 2663 Sacramentum
365 2611 408 2661 est
431 2604 492 2674 ipsa
515 2604 641 2661 exterior
668 2604 777 2661 ablutio
792 2622 799 2672 ;
815 2619 860 2662 res
881 2605 970 2677 hujus
1023 2612 1081 2662 tem
1104 2607 1198 2677 gratia
1227 2604 1276 2661 illa
1302 2606 1387 2676 quasi
1417 2614 1567 2663 armatura
1594 2607 1746 2674 quadam,
1770 2611 1864 2680 quain

123 2695 296 2753 sacramenti
318 2694 437 2752 interior
457 2698 500 2750 est
518 2693 639 2750 ablutio.
664 2694 723 2751 lloc
743 2702 966 2764 sacramentnm,
1022 2695 1077 2752 boc
1099 2695 1209 2751 deserto
1242 2701 1304 2764 post
1336 2694 1490 2751 transitum
1513 2694 1650 2765 baptismi
1670 2704 1776 2754 contra
1804 2699 1866 2756 ritia

123 2785 238 2843 sicutet
259 2791 474 2842 sacramentum
501 2783 611 2850 altaris,
628 2782 677 2838 alii
697 2782 849 2851 advitam,
869 2783 968 2840 aliiad
1022 2796 1229 2855 repugnamus.
1269 2781 1348 2839 Sicut
1383 2783 1460 2839 enim
1487 2784 1649 2841 submersis
1678 2786 1864 2858 AEgyptiis,t

122 2881 243 2933 mortem
259 2873 418 2944 accipiunt.
446 2870 500 2939 Qui
523 2872 600 2929 enim
616 2885 683 2928 vere
697 2872 848 2941 accedunt,
864 2880 892 2929 ει
907 2886 967 2929 rem
984 2892 1006 2950 ρ
1022 2880 1102 2943 tergo
1123 2871 1312 2943 sequentibus
1337 2871 1411 2928 lilios
1437 2871 1534 2941 lsrael,
1560 2872 1611 2928 alii
1632 2874 1733 2930 bostes
1757 2889 1809 2946 per
1826 2875 1865 2932 de

122 2971 150 3022 et
163 2970 378 3021 sacramentum
401 2961 567 3031 accipiunt;
586 2960 638 3031 qui
653 2967 749 3017 autem
765 2961 838 3029 dcte,
856 2969 968 3019 tantum
1023 2969 1133 3018 sertum
1150 2975 1197 3017 eos
1222 2968 1475 3032 oppugnaverunt,
1502 2961 1554 3029 sic,
1583 2962 1740 3021 submerso
1761 2963 1865 3020 diabolo

121 3060 347 3112 sacramentum.
363 3051 445 3108 Unde
465 3050 491 3106 si
510 3050 690 3120 resipiscant,
711 3051 781 3120 quia
807 3063 969 3108 sacramen·
1022 3050 1053 3106 in
1067 3051 1248 3121 baptismate,
1266 3049 1316 3121 qui
1333 3049 1460 3120 primum
1476 3064 1528 3106 nos
1543 3050 1767 3121 insequebatur,
1783 3053 1864 3110 mutu

122 3150 185 3200 tum
210 3142 366 3213 rccipiunt,
390 3153 443 3195 nec
465 3146 561 3209 postea
576 3138 769 3208 baptizantur.
792 3139 832 3195 De
860 3140 969 3211 quibus
1022 3139 1105 3196 nobis
1125 3153 1175 3209 per
1189 3138 1279 3208 bujus
1303 3138 1369 3194 vitae
1383 3138 1528 3195 desertum
1543 3139 1615 3196 vitia
1636 3141 1790 3209 resistunt,
1804 3156 1863 3200 con·

120 3238 217 3288 tamen
233 3228 418 3301 Augustinus
432 3227 589 3297 quamdam
607 3226 770 3295 opinionem
791 3227 881 3296 ponit,
897 3227 968 3298 quia
1021 3234 1067 3286 tta
1081 3241 1146 3299 quae
1165 3227 1260 3298 gratia
1275 3226 1305 3282 in
1317 3226 1371 3283 boc
1386 3234 1566 3284 sacramento
1585 3227 1656 3285 data
1670 3231 1758 3302 quasi
1773 3244 1862 3287 arma·

120 3332 179 3376 non
197 3319 552 3376 rideturconsentaneum
567 3328 638 3381 esse,
655 3314 732 3384 quod
759 3314 884 3385 Spiritus
900 3329 966 3372 san·
1021 3326 1088 3375 tura
1119 3323 1147 3373 ει
1176 3315 1334 3372 munitione
1370 3316 1497 3385 quadam
1530 3318 1696 3375 munimur.
1734 3319 1863 3387 Qucum

120 3405 349 3471 etuselsrcaciam
375 3417 457 3460 snam
481 3417 539 3459 non
562 3402 663 3483 debeat
677 3416 789 3473 semper
808 3404 923 3473 babere,
938 3412 966 3461 ει
1021 3404 1121 3475 procul
1145 3404 1234 3460 dubio
1260 3403 1410 3460 sciendum
1432 3403 1571 3475 estquod
1598 3413 1808 3480 quantumque
1825 3409 1863 3464 in·

119 3495 183 3553 ideo
198 3493 269 3550 dicit
295 3491 413 3564 quodsi
438 3490 488 3547 liat
501 3490 542 3547 eis
563 3497 747 3561 peccatorum
774 3493 913 3559 remissio,
929 3494 966 3550 ad
1020 3494 1127 3565 dignus
1140 3493 1176 3549 sit
1191 3493 1352 3562 episcopus,
1369 3493 1398 3548 in
1422 3494 1636 3551 consecratione
1649 3504 1752 3555 tamen
1770 3498 1797 3555 el
1808 3498 1860 3554 buc

118 3584 220 3655 boram
238 3581 352 3649 transit,
368 3579 464 3637 ethoc
482 3586 534 3647 est,
550 3578 627 3650 quod
653 3579 713 3649 ipse
727 3579 797 3636 dicit
813 3596 820 3634 ι
835 3580 898 3637 Non
914 3582 965 3638 im·
1020 3581 1142 3638 lacultas
1163 3581 1329 3649 exhibetur,
1350 3588 1382 3637 ut
1406 3595 1456 3651 per
1479 3582 1677 3640 ministerium
1702 3585 1765 3643 baee
1777 3586 1859 3658 gratia
1894 3631 1897 3638 .

118 3672 236 3746 peditur
250 3670 336 3728 etiam
365 3669 493 3726 iraterno
516 3668 581 3724 odio
597 3669 690 3739 gratia
711 3669 865 3740 baptismi;
882 3671 965 3728 solvi·
1019 3668 1858 3746 detunsicntdscaipbababeturquia,cumessetpoatitn

117 3770 167 3821 tur
188 3761 266 3819 onim
287 3761 438 3818 hesternus
458 3758 529 3826 dies,
553 3765 607 3814 etc.
632 3757 698 3814 ilaec
721 3759 830 3815 ablutio
854 3760 961 3830 signill-
1018 3760 1085 3813 anui
1099 3759 1177 3814 iilius
1192 3758 1279 3828 (loun.
1303 3772 1344 3826 rr,
1360 3760 1414 3827 iti),
1432 3773 1490 3815 non
1505 3773 1645 3829 personas,
1668 3763 1720 3820 sed
1734 3763 1857 3836 dignitati

117 3858 182 3909 cata
195 3858 238 3908 est
264 3849 294 3906 in
320 3847 464 3905 Ezechiele
489 3847 627 3917 propbeta
642 3861 649 3901 :
666 3847 793 3905 lavatur
808 3861 894 3919 aqua,
913 3863 963 3904 un·
1017 3847 1111 3916 gratia
1119 3846 1437 3917 prophetandidataest.
1448 3848 1518 3904 Cum
1527 3847 1645 3905 enimin
1654 3852 1857 3923 sedignnsnou

116 3941 197 4013 gitur
221 3938 293 4006 oleo,
320 3937 443 3995 vestitur
466 3934 665 4003 discoloribus,
685 3935 739 3991 boc
761 3944 803 3992 est
827 3951 834 3991 :
864 3937 962 3993 anima
1015 3943 1099 4005 esset,
1121 3949 1158 3993 ex
1171 3935 1264 3992 oldeio
1279 3942 1374 3992 tamen
1399 3935 1628 4008 prophetaritet
1643 3937 1755 4009 Spiritu
1770 3947 1859 3997 ειιιιιι

116 4028 220 4099 fidelis,
234 4039 300 4098 qum
314 4033 348 4082 ut
369 4025 448 4095 regio
469 4022 607 4094 amplexu
631 4022 667 4078 sit
680 4022 780 4094 digna,
802 4024 961 4081 mundatur
1016 4024 1114 4082 dixit:
1138 4025 1260 4097 Expedit
1273 4024 1348 4080 uobis
1373 4029 1406 4079 ut
1419 4040 1501 4092 uuus,
1522 4033 1577 4082 etc.
1594 4026 1690 4097 (ioum
1714 4043 1793 4100 xmn,
1809 4030 1856 4099 ill.

115 4117 200 4176 sords
223 4115 341 4188 peccati,
362 4113 457 4185 gratia
479 4112 600 4184 ungitur
621 4110 686 4179 olei,
713 4111 801 4168 idest
826 4112 856 4169 iit
879 4127 958 4171 men·
1319 4111 1547 4171 caputxxtx.

114 4207 201 4266 brum
225 4203 341 4264 Christi.
362 4201 493 4260 Christus
515 4201 594 4258 enim
613 4199 769 4257 chrismate
794 4208 901 4259 unctus
917 4170 999 4260 din
1265 4203 1479 4258 Desara-amento
1492 4201 1602 4258 alteru.

114 4295 201 4366 citur,
223 4294 349 4353 vestitur
369 4289 570 4354 discoloribus,
592 4289 714 4346 diversis
735 4289 895 4347 virtutibus
915 4305 959 4348 or·
1051 4290 1192 4362 Sequitur
1227 4290 1262 4348 de
1300 4299 1478 4350 sacramento
1505 4291 1616 4349 altaris.
1645 4294 1745 4367 liujus
1769 4308 1855 4354 sarra·

113 4394 212 4444 natur.
228 4383 268 4441 lie
281 4383 335 4439 boc
356 4383 546 4446 sacramento,
568 4378 644 4434 sicut
655 4378 690 4435 de
708 4378 783 4446 aliis,
801 4380 975 4436 videndum
1015 4379 1102 4436 menti
1117 4392 1207 4436 causa
1230 4386 1272 4436 εει
1291 4380 1431 4437 memoria
1459 4380 1558 4439 mortis
1572 4387 1601 4437 ει
1616 4383 1766 4451 passionis
1778 4383 1856 4441 Cbn'·

113 4481 164 4541 est,
178 4472 251 4547 quia
267 4470 343 4529 nibil
364 4468 461 4535 relert,
477 4480 494 4524 a
509 4481 685 4539 quocunque
706 4466 791 4525 detur
817 4467 958 4537 ministro,
1014 4468 1060 4525 sti.
1089 4466 1183 4532 Quam
1205 4481 1325 4525 cansam
1350 4468 1480 4539 ipsemet,
1500 4469 1619 4540 quando
1644 4480 1854 4531 sacramentnm

114 4557 515 4636 potentissimusque
544 4556 676 4613 cbristus
703 4555 838 4626 baptizat.
855 4556 957 4613 Unde:
1013 4554 1091 4613 istud
1115 4555 1146 4611 in
1174 4570 1256 4613 coena
1275 4556 1464 4625 consecrarit,
1490 4556 1626 4615 omnibns
1652 4561 1853 4632 apernit,cun
1899 4543 1902 4601 Ψ

111 4652 299 4720 suesanus
326 4648 452 4718 baptizat
471 4645 560 4718 (loun.
585 4660 605 4712 r,
629 4644 685 4716 33).
702 4644 883 4716 Quapropter
897 4646 959 4703 sive
1012 4644 1074 4701 ait:
1100 4644 1312 4716 Quotiescunque
1337 4647 1467 4714 recentis,
1495 4648 1526 4700 iu
1550 4648 1606 4701 mei
1627 4652 1793 4704 ιιιειιιοιιιιιι
1815 4649 1853 4714 to
1896 4636 1900 4649 “

111 4741 149 4800 ab
164 4738 317 4807 baereticis,
335 4737 396 4794 sive
415 4735 538 4803 alaicis,
566 4733 627 4791 sive
651 4735 736 4791 etiam
754 4748 771 4790 a
786 4734 958 4791 mulieribus
1010 4735 1088 4789 cistis
1102 4735 1180 4803 (luc.
1201 4748 1275 4802 xxii,
1299 4734 1351 4805 l9).
1372 4736 1417 4792 Ex
1445 4736 1582 4792 memoria
1606 4736 1690 4793 enim
1703 4739 1851 4795 amicorum

110 4829 279 4889 necessitate
301 4826 468 4883 imminente
489 4825 584 4892 detur,
610 4836 763 4894 nunquam
794 4823 954 4881 reiteretur.
1011 4830 1176 4879 nostrorum
1201 4823 1325 4879 multum
1352 4823 1424 4881 solet
1442 4824 1471 4880 in
1499 4823 1582 4879 nobis
1607 4823 1727 4882 dilectio
1749 4836 1849 4883 corun.
1899 4862 1902 4875 .

108 4921 150 4977 lie
175 4918 273 4976 verbis
302 4916 359 4974 illis
378 4915 472 4987 quaeri
492 4906 570 4971 'solet
594 4913 679 4983 cujus
699 4913 765 4980 sint,
795 4913 956 4970 ansellicet
1010 4911 1055 4967 Ad
1076 4912 1214 4982 majorem
1233 4911 1323 4983 igitur
1337 4912 1384 4968 sui
1414 4911 1595 4969 dilectionem
1624 4912 1848 4971 babendambuc
1900 4946 1902 4965 .

108 5009 193 5082 pueri
217 5022 255 5066 an
280 5004 399 5079 patrini.
427 5003 635 5077 Cuiuscunque
657 5002 800 5074 siquidem
823 5003 880 5059 sint
907 5003 957 5059 illa
1010 5008 1226 5080 sacramentnm
1252 5001 1282 5056 in
1307 5001 1476 5058 memoriam
1502 5000 1548 5058 sui
1571 5001 1633 5058 deri
1657 5003 1795 5061 institnit.
1811 5002 1848 5060 sis
1899 5032 1901 5054 .

107 5098 206 5165 rerba,
247 5095 364 5153 mentiri
394 5102 471 5151 certe
500 5094 627 5164 videtur,
662 5092 711 5163 qui
739 5092 898 5162 respondet.
925 5093 954 5149 si
1010 5091 1088 5145 enim
1118 5089 1147 5145 in
1170 5093 1349 5146 sacramento
1372 5090 1517 5148 Christum
1546 5103 1607 5161 prae
1629 5092 1726 5150 oculis
1756 5093 1846 5150 baberi

104 5187 184 5244 enim
208 5186 244 5244 de
273 5201 305 5243 se
329 5183 501 5256 respondeat
517 5198 529 5238 :.
548 5183 614 5240 Volo
643 5182 788 5252 baptizari,
815 5183 955 5239 mentitur
1009 5177 1156 5247 debemus,
1185 5185 1325 5248 tanquam
1347 5179 1383 5235 ad
1405 5179 1565 5250 passionem
1580 5178 1718 5248 ductum,
1740 5193 1845 5252 passu!
1893 5190 1898 5241 i

105 5271 236 5341 quidem,
263 5270 416 5342 quianon
445 5267 475 5323 in
500 5266 748 5324 conscientiasua
773 5267 857 5338 gestit
881 5266 954 5323 velle
1007 5274 1035 5322 et
1054 5267 1228 5324 crucifixum
1256 5282 1307 5338 pro
1340 5267 1433 5335 nobis,
1458 5282 1524 5340 quae
1550 5270 1772 5338 repraesentatio
1787 5268 1845 5326 dils-
1893 5316 1900 5343 ,

104 5357 256 5428 baptizari.
282 5357 311 5416 st
335 5359 404 5416 item
422 5357 457 5414 de
479 5369 570 5427 puero
593 5354 680 5423 dicat,
707 5368 759 5411 nec
773 5367 791 5410 a
806 5355 954 5412 mendacio
1007 5355 1111 5412 etionis
1132 5355 1210 5412 illins
1232 5369 1285 5412 nos
1308 5371 1449 5414 memores
1478 5357 1557 5424 lacit,
1582 5370 1675 5429 qnam
1702 5355 1845 5431 ipssnobis
1893 5354 1896 5371 ²

104 5444 223 5515 ponitus
249 5447 385 5510 emesam
409 5451 509 5518 potest.
544 5443 607 5503 Scit.
624 5443 702 5502 enim
735 5434 953 5513 proculdubio
1007 5443 1148 5512 exhibuit.
1169 5435 1292 5504 Unde'et
1307 5445 1410 5518 maiori
1424 5444 1577 5505 dilectione
1598 5446 1636 5505 sd
1654 5460 1726 5507 eum
1750 5445 1845 5520 ampli
1882 5470 1886 5493 ε
