3736 5962
102 196 151 252 1191
400 189 499 247 1111111
521 192 707 248 AltAElultbl
727 191 802 247 0Pl’.
824 189 910 246 eatis
930 191 963 246 ll.
979 220 1014 234 -
1028 191 1209 248 Slillllolllis
1228 192 1268 247 111
1288 191 1406 247 Ol‘bsd.
1424 190 1562 264 aselli„
1672 178 1676 185 “
1798 194 1848 245 :stt-t

101 319 215 383 tisboc
231 323 274 374 cst
301 330 318 371 a
344 314 427 373 vobis
456 316 500 372 vel
515 317 579 372 aliis
605 315 678 372 male
706 315 858 387 acquisita,
874 316 947 373 etde
963 319 986 372 n
1003 317 1110 386 ouibus
1137 317 1242 375 referre
1270 331 1328 374 non
1355 325 1446 386 posset
1473 315 1715 388 concitatiore
1744 314 1851 374 Seneca

101 409 193 467 alieno
216 406 322 463 damno
336 404 366 460 iu
381 405 495 461 lucrum
518 412 648 461 nostrum
663 412 806 477 suscepta,
830 414 857 461 et
875 420 946 462 con-

100 499 199 556 silium
210 494 321 552 bontiui
335 493 458 550 voluerit
472 493 623 564 propositae
636 493 670 550 de
690 493 786 550 villico
802 494 945 563 parabolae

100 583 308 657 competentius
322 590 429 652 aptare,
449 581 554 639 viderit
572 581 626 638 boc
642 583 681 638 ita
696 581 815 654 intelligi
830 583 943 649 debere,

101 684 135 734 ut
161 675 202 732 eis
225 673 333 744 quibus
352 669 526 728 abstulimus
549 683 613 738 sua,
632 670 818 726 restituamus
844 685 944 727 eorum

100 765 216 827 damna,
243 769 271 818 et
296 760 337 815 sic
355 773 403 816 eos
424 758 507 815 nobis
522 758 551 814 iu
577 758 731 814 amicitiam
748 757 944 825 conciliemus,

96 866 171 926 quos
195 850 226 907 iu
254 848 352 906 odium
380 848 470 904 nostri
493 847 751 904 concitaveramus.
776 846 839 903 Non
867 847 944 902 enlm

96 955 181 1001 veros
195 936 301 996 Christi
324 950 466 1007 pauperes
494 935 577 992 donis
601 937 708 992 nostris
735 936 843 992 amicos
857 935 944 992 offlei-

96 1030 190 1088 eimus
217 1034 339 1093 nostros,
362 1024 413 1095 qui
435 1039 503 1082 suos
526 1039 644 1096 quoque
660 1024 786 1095 diligunt
803 1024 942 1093 inimicos,

96 1119 146 1176 sed
168 1116 264 1188 potius
283 1128 332 1171 eos
359 1128 433 1184 quos
448 1114 583 1175 diximus.
601 1121 627 1170 et
648 1128 680 1170 eo
697 1112 779 1170 modo
795 1128 854 1184 quo
868 1113 943 1170 dixi-

95 1221 171 1264 mus.
187 1204 267 1272 Quod
294 1201 411 1274 quidem
428 1202 575 1273 parabola,
600 1202 740 1273 quamde
769 1201 863 1259 villico
887 1204 944 1259 lio-

1001 405 1035 462 de
1057 406 1203 463 Beneficiis
1227 406 1298 462 libro
1315 406 1355 462 V:
1385 404 1549 463 Alexander
1567 405 1757 463 Macedonum
1785 405 1848 477 glo-

1000 493 1068 549 riari
1096 493 1204 551 solebat
1229 509 1246 549 a
1273 493 1354 551 nullo
1381 508 1411 550 se
1440 493 1585 550 bouelleils
1623 494 1745 551 victum.
1779 494 1847 550 ltem

999 582 1157 639 Archelaus
1181 596 1233 639 rex
1259 582 1402 638 Socratem
1434 581 1547 653 rogavit
1572 589 1604 638 ut
1623 582 1659 637 ad
1675 596 1705 638 se
1728 581 1848 638 veniret.

1000 671 1110 728 Dixisse
1137 669 1265 727 Socrates
1293 670 1428 731 traditur,
1457 668 1531 726 nolle
1551 684 1581 727 se
1601 670 1637 726 ad
1652 684 1718 727 eum
1737 670 1847 727 venire.

997 773 1098 831 aquo
1124 760 1265 830 acciperet
1293 759 1440 825 beneficia,
1468 773 1535 815 cum
1561 758 1681 815 reddere
1707 757 1748 814 illi
1765 759 1845 830 paria

998 862 1057 905 uon
1084 856 1187 919 posset.
1222 848 1362 915 Primum,
1378 847 1407 903 in
1437 847 1515 904 illius
1538 854 1677 918 potestate
1701 854 1764 904 erat
1790 862 1846 904 non

998 936 1146 1008 accipere3
1168 936 1270 994 deiude
1298 936 1358 1007 ipse
1381 936 1451 992 dare
1478 935 1649 993 beneficium
1668 935 1849 1007 parlnoipie·

1000 1028 1058 1082 bat.
1076 1026 1216 1084 Veniebat
1238 1025 1316 1082 cuim
1342 1032 1472 1096 rogatus,
1487 1032 1514 1081 et
1530 1024 1556 1080 id
1572 1023 1668 1093 dabat,
1694 1024 1774 1093 quod
1792 1025 1847 1081 uti·

998 1130 1056 1186 oue
1087 1114 1134 1171 ille
1159 1129 1217 1171 non
1241 1124 1302 1172 crat
1333 1113 1442 1171 Socrati
1471 1113 1648 1186 redditurus.
1681 1113 1776 1170 Etiam
1796 1127 1848 1169 uec

998 1201 1156 1259 Archelaus
1181 1204 1304 1260 daturus
1327 1211 1389 1260 erat
1428 1216 1535 1260 aurum
1561 1210 1589 1258 et
1615 1210 1780 1274 argentum,
1807 1215 1849 1258 re-

95 1294 192 1352 minus
224 1290 410 1363 premiserat,
448 1291 600 1362 diligenter
626 1291 773 1362 exprimit,
804 1305 869 1347 cum
900 1289 944 1347 bis
998 1300 1135 1361 cepturus
1161 1299 1357 1362 contemptum
1372 1293 1437 1348 auri
1458 1299 1485 1348 et
1504 1293 1628 1364 argenti.
1657 1291 1847 1362 Noupoterat

95 1396 170 1454 quos
184 1378 231 1437 ille
246 1388 433 1452 generaverat
455 1378 562 1435 damna
582 1393 637 1435 sua
649 1380 782 1447 restituit,
803 1392 859 1434 uon
879 1394 944 1450 quae
998 1379 1105 1436 referre
1133 1379 1272 1436 Archelao
1307 1379 1439 1436 Socrates
1477 1377 1625 1451 gratiam?
1657 1379 1693 1435 Et
1718 1378 1790 1451 qltid
1819 1378 1843 1434 si

95 1472 133 1530 ab
148 1469 217 1542 ipsis
235 1476 383 1540 acceperat
412 1467 476 1524 allis
495 1468 650 1525 distribuit.
677 1471 701 1524 Α
725 1468 834 1538 ouibus
858 1468 942 1525 etiam
1001 1481 1096 1539 regem
1117 1467 1147 1523 in
1169 1467 1233 1525 luce
1248 1467 1343 1523 media
1357 1475 1502 1525 errantem
1530 1468 1565 1524 ad
1587 1481 1686 1524 rerum
1708 1475 1845 1524 naturam

96 1560 127 1616 iu
147 1566 257 1615 aeterua
286 1556 474 1614 tabernacula
502 1556 684 1626 reeipiendus
698 1556 814 1624 dicitur,
834 1571 901 1614 cum
917 1557 944 1613 id
961 1559 982 1615 11
1000 1554 1170 1626 admisisset,
1196 1557 1219 1612 si
1244 1556 1324 1612 illum
1349 1570 1457 1628 negare
1481 1555 1639 1613 vetuisset?
1659 1555 1756 1620 Quare
1779 1569 1848 1627 ergo

94 1647 136 1725 eis
157 1646 264 1715 fecerit,
281 1646 358 1702 unde
377 1644 465 1714 recipi
499 1652 646 1701 mereatur
669 1658 727 1700 uou
752 1651 811 1700 tam
837 1645 868 1700 iu
891 1659 945 1702 sna
1001 1644 1055 1700 hoc
1069 1643 1197 1700 Socrates
1213 1644 1296 1713 dixit,
1307 1644 1352 1701 vir
1368 1644 1486 1713 facetus,
1510 1652 1537 1700 et
1560 1643 1646 1714 cujus
1665 1656 1716 1714 per
1738 1641 1849 1715 figuras

95 1749 185 1808 quam
216 1734 246 1790 in
273 1733 323 1791 Dei
348 1745 474 1802 supcrua
502 1732 699 1789 tabernacula.
729 1731 798 1797 Quis
821 1732 946 1804 denique
1000 1746 1093 1788 sermo
1113 1732 1266 1802 procedere
1292 1730 1393 1789 solitus
1407 1739 1479 1803 erat,
1505 1730 1615 1789 derisor
1627 1731 1759 1789 omnium
1784 1745 1845 1787 ma·

94 1825 202 1884 nesciat
218 1829 363 1895 quantum
386 1829 485 1877 nostra
500 1820 599 1893 religio
614 1821 659 1877 bis
678 1835 796 1893 quoque
814 1821 943 1890 vilescat,

95 1928 113 1971 a
136 1913 245 1985 quibus
266 1910 357 1967 vocati
382 1909 480 1966 venire
504 1924 562 1965 nou
587 1922 765 1976 recusemus,
781 1917 809 1966 ct
832 1925 889 1967 nou
903 1926 945 1967 so

93 2002 155 2060 lum
169 2014 270 2058 corum
294 1998 369 2055 dona
381 1996 565 2067 suscipimus,
593 2011 697 2053 verum
725 1996 811 2052 etiam
838 1997 944 2052 inordi-

94 2090 171 2149 natis
190 2101 289 2147 eorum
317 2087 424 2144 mensis
441 2094 469 2143 et
492 2085 608 2143 familiis
634 2085 840 2142 admiscemur.
861 2085 942 2150 Quod

94 2180 119 2237 si
147 2193 205 2235 non
238 2192 290 2248 pro
320 2175 571 2243 reverentiallei,
604 2174 703 2232 saltem
749 2188 800 2244 pro
824 2175 942 2231 vitando

94 2272 200 2321 nostrae
222 2264 306 2320 fame
333 2263 502 2319 detrimento
530 2262 630 2334 fugere
657 2263 835 2319 deberemus.
864 2262 942 2320 Scri-

93 2360 177 2424 ptum
198 2352 307 2423 quippe
334 2358 376 2407 est
399 2351 428 2407 in
444 2350 656 2407 Ecclesiastico:
682 2350 872 2406 revocatura
893 2366 941 2420 po-

999 1822 1076 1877 xime
1101 1828 1260 1891 potentum.
1294 1821 1394 1878 lfaluit
1421 1821 1448 1877 ci
1481 1829 1584 1878 nasute
1619 1834 1725 1892 negare
1758 1833 1848 1890 quam

998 1909 1206 1966 contumaciter
1230 1917 1280 1966 aut
1304 1911 1435 1980 superbe.
1460 1909 1568 1966 Timuit
1593 1907 1713 1966 fortasse
1742 1923 1778 1966 ne
1803 1923 1847 1965 00

998 2006 1116 2069 geretur
1143 1998 1271 2069 accipere
1296 2014 1362 2069 nuae
1387 1999 1484 2061 nollet,
1511 1998 1606 2075 timuit
1621 2013 1657 2054 ue
1672 1997 1743 2070 quid
1770 1997 1845 2055 iudi·

998 2101 1089 2159 gnum
1105 2086 1215 2144 Socrati
1243 2085 1394 2158 acciperet.
1416 2087 1497 2144 Dicet
1516 2086 1636 2159 aliquis:
1664 2086 1802 2158 Ncgasset
1822 2085 1848 2143 si

997 2174 1095 2242 nollet,
1119 2175 1168 2232 sed
1190 2175 1352 2247 instigasset
1379 2176 1409 2232 iu
1433 2189 1463 2232 se
1486 2188 1583 2246 rogem
1613 2175 1792 2244 insolentem,
1821 2182 1847 2234 et

997 2265 1095 2321 omnia
1118 2278 1172 2320 sna
1211 2278 1317 2335 magno
1340 2263 1478 2321 aestimari
1501 2262 1655 2320 volentem.
1691 2264 1741 2323 Vis
1774 2265 1847 2322 scire

997 2352 1068 2423 quid
1082 2366 1149 2409 vere
1170 2351 1318 2410 voluerit?
1332 2352 1430 2409 Noluit
1455 2352 1495 2408 ire
1519 2353 1555 2408 ad
1573 2352 1769 2409 voluntariam
1789 2367 1846 2410 ser-

95 2442 211 2497 fentiorc
236 2440 354 2508 discede,
394 2455 428 2494 ec
453 2439 501 2494 boc
531 2443 602 2494 enim
632 2444 658 2494 te
683 2441 772 2507 magis
800 2439 942 2494 advocabit
994 2442 1130 2511 vitutem,
1148 2442 1172 2498 is
1190 2441 1276 2513 cujus
1292 2441 1453 2498 libertatem
1467 2441 1561 2498 libera
1575 2441 1676 2499 civitas
1695 2442 1771 2500 ferre
1786 2457 1844 2500 nou

94 2529 188 2602 (flecti.
208 2544 272 2598 xm,
292 2529 346 2601 11).
368 2529 403 2584 Et
425 2528 618 2598 Hieronymus
631 2529 665 2583 ad
677 2528 868 2599 Nepotianum
884 2528 939 2600 (59)
999 2530 1102 2601 potuit.

9 2617 11 2622 “
93 2618 223 2675 «Facile
261 2618 455 2675 contemuitur
483 2617 693 2687 electensem
721 2626 940 2688 seepevocatus
1028 2617 1107 2683 Quod
1128 2619 1152 2674 sl
1171 2618 1206 2675 de
1220 2617 1395 2690 pbilosophis
1409 2619 1444 2676 ad
1461 2619 1611 2690 apostolos,
1628 2618 1686 2676 imo
1701 2620 1737 2677 ad
1753 2621 1846 2692 ipsam

92 2708 129 2765 ad
153 2706 442 2780 praudinmireuon
462 2712 584 2764 recusat.
611 2705 769 2777 Nunquam
802 2713 936 2776 petentes,
995 2707 1128 2776 sophiam
1160 2706 1318 2774 Cbristum,
1349 2708 1431 2779 quasi
1456 2720 1473 2763 a
1501 2708 1631 2764 minimis
1654 2709 1689 2765 ad
1716 2709 1847 2767 maxima

92 2809 159 2853 raro
193 2796 353 2868 accipimus
392 2795 494 2866 rogati.
529 2794 630 2851 Nescio
674 2794 750 2851 enirn
792 2795 937 2865 quomodo
957 2795 1333 2895 Cconscenderevelimus,
1350 2804 1496 2854 uteorum
1513 2797 1643 2854 videlicet
1663 2798 1846 2869 exempliset

92 2885 177 2942 ettam
194 2885 264 2956 ipse,
289 2884 342 2955 uui
356 2883 527 2954 deprecatur
546 2891 578 2939 ut
595 2884 713 2948 tribuat,
734 2897 800 2939 cum
824 2896 939 2953 accepe-
995 2884 1163 2941 auctoritate
1178 2885 1305 2953 amplius
1322 2884 1466 2953 instructi,
1487 2885 1563 2941 dona
1578 2886 1714 2943 libentius
1729 2900 1848 2958 respua-

91 2973 132 3031 ris
146 2972 276 3031 viliorem
294 2970 405 3043 judicat
428 2978 464 3027 te.
492 2970 596 3038 »Quod
625 2971 647 3026 sl
677 2970 731 3026 boc
757 2978 800 3027 cst
829 2972 859 3027 in
888 2972 941 3029 cle·
994 2986 1070 3040 mus,
1087 2972 1210 3029 Paulum
1225 2973 1368 3030 doctorem
1377 2973 1510 3030 Ecclesiae
1525 2975 1686 3031 maximum
1702 2988 1847 3046 ponamus

91 3062 160 3120 rieis
187 3059 381 3134 arguendum,
414 3067 524 3130 quanto
549 3059 642 3130 magis
672 3059 702 3114 iu
729 3059 877 3116 monacbis
899 3067 941 3117 cst
995 3058 1025 3117 in
1036 3061 1172 3128 ntedlum,
1186 3061 1238 3133 qui
1249 3076 1307 3119 non
1322 3062 1415 3119 solum
1430 3062 1507 3129 data,
1523 3063 1667 3120 sedetiam
1679 3062 1733 3120 sibi
1747 3063 1846 3122 debita

92 3151 314 3209 detestandum?

128 3239 163 3297 lit
188 3247 285 3297 autem
312 3251 392 3295 nunc
410 3236 583 3294 documenta
606 3244 772 3295 sanctornm
797 3238 938 3305 omittam,

92 3327 243 3401 gentilium
272 3325 372 3383 saltem
401 3324 640 3396 pbilosophorum
677 3326 809 3397 exempla
835 3336 940 3383 nostre

92 3415 258 3488 cupiditatis
282 3413 489 3485 impudentiam
510 3415 678 3484 reprimant.
696 3416 729 3470 lli
746 3416 853 3486 quippe
879 3415 940 3471 siue

90 3505 153 3562 ulla
175 3504 283 3576 regulae
306 3502 480 3574 professione
505 3502 575 3559 adeo
592 3504 736 3560 muudum
760 3511 938 3574 contempse-

91 3600 171 3660 runt,
188 3599 221 3649 ut
244 3605 303 3647 non
326 3590 418 3646 solum
434 3597 582 3659 potentum
601 3597 771 3660 respuerent
785 3590 869 3658 dona,
893 3604 940 3647 ve·

91 3695 156 3739 rum
184 3680 271 3737 ctiam
304 3678 497 3750 possessiones
532 3679 727 3749 amplissimas
762 3679 937 3735 abdicarent.

89 3769 219 3839 Quorum
240 3768 371 3826 nonnulli
396 3775 476 3824 tanta
494 3767 660 3839 frugalitate
685 3765 853 3825 referuntur
872 3782 939 3824 con·

995 3149 1122 3219 recipere
1151 3164 1209 3206 uou
1239 3151 1472 3221 acquievimus,
1497 3151 1685 3222 utipseait,
1711 3152 1757 3209 vel
1785 3154 1846 3226 glo·

994 3238 1067 3295 riam
1078 3251 1161 3296 suam
1173 3239 1328 3308 minueret,
1345 3239 1392 3295 vel
1411 3239 1590 3296 occasionem
1602 3240 1697 3311 turpis
1709 3250 1843 3314 quaestus

994 3325 1193 3396 exemplosuo
1210 3327 1274 3383 eliis
1298 3327 1482 3399 relinqueret.
1503 3328 1558 3396 Qui
1584 3330 1660 3385 euim
1683 3330 1844 3389 secuudum

994 3413 1065 3486 legis
1089 3415 1298 3482 auctoritatem,
1319 3424 1347 3473 ct
1376 3415 1554 3473 Dominicam
1578 3417 1790 3475 institutionem
1807 3420 1843 3477 de

995 3502 1093 3559 labore
1114 3504 1327 3573 predicationis
1347 3519 1407 3561 sue
1432 3507 1540 3562 vietum
1565 3506 1695 3576 accipere
1711 3507 1841 3566 mereba-

994 3594 1054 3658 tur,
1075 3591 1151 3648 sicut
1166 3592 1262 3649 caeteri
1284 3592 1437 3650 faciebamt
1451 3594 1582 3664 apostoli,
1599 3595 1653 3651 bac
1677 3603 1775 3652 tamen
1795 3611 1844 3668 po

994 3686 1103 3749 testate,
1119 3680 1194 3737 sicut
1208 3682 1249 3737 ait
1273 3681 1344 3752 ipse,
1356 3682 1399 3739 uti
1420 3682 1586 3751 verebatur,
1607 3683 1752 3753 praedictis
1768 3685 1843 3743 vide

993 3765 1059 3825 licet
1073 3769 1177 3837 causis,
1192 3776 1220 3826 et
1243 3782 1425 3839 summopere
1446 3769 1576 3836 cavebat,
1601 3784 1637 3826 ne
1653 3771 1729 3843 quod
1752 3769 1842 3830 odon-

993 3854 1123 3913 dlculum
1145 3856 1225 3913 daret
1256 3857 1416 3929 Evangelio
1442 3856 1547 3914 Christi
1576 3856 1600 3928 (1
1629 3859 1681 3915 dor
1708 3874 1749 3928 rx,
1782 3861 1836 3933 11).

994 3943 1165 4001 Providebat
1186 3944 1293 4016 quippe
1308 3945 1354 4001 vir
1381 3945 1604 4003 discretissimus
1617 3955 1645 4003 et
1659 3946 1758 4004 auimo
1773 3947 1841 4006 libe

89 3860 172 3929 tenti,
188 3868 221 3917 nt
235 3860 279 3916 vel
296 3872 389 3915 uuum
413 3857 537 3914 retinere
566 3858 708 3929 scypbum
729 3864 877 3915 censerent
892 3872 940 3913 su·

90 3949 245 4021 perduum,
265 3962 331 4005 cum
348 3946 384 4002 ad
399 3946 593 4003 hauriendum
615 3960 699 4017 aqum
725 3945 860 4016 poculum
874 3959 938 4015 pro-

18 4061 21 4070 ·
88 4039 166 4109 prias
185 4051 289 4094 manus
309 4036 438 4093 viderent
475 4035 616 4091 sufficere.
645 4037 689 4091 Ex
714 4035 823 4106 quibus
856 4034 937 4091 illum
992 4029 1047 4086 rall
1073 4032 1221 4102 praeditus,
1241 4033 1264 4089 si
1289 4032 1610 4104 seminandospirltalla
1634 4044 1752 4094 meteret
1774 4051 1837 4095 car·

88 4127 244 4197 diogenem
271 4123 505 4181 famosissimum.
535 4130 562 4179 et
587 4123 621 4180 de
644 4130 812 4193 contemptu
833 4123 935 4180 mundi
950 4117 974 4173 b
991 4118 1078 4187 nalia,
1105 4127 1237 4177 nontam
1252 4121 1429 4178 manducare
1450 4130 1483 4179 ut
1497 4123 1715 4196 evangelizaret,
1750 4140 1839 4199 quam

88 4213 282 4279 notissimum,
307 4213 406 4269 doctor
435 4210 590 4282 predictus
619 4210 724 4269 Contra
747 4210 933 4267 turinianum
988 4208 1187 4281 evangelizare
1213 4217 1246 4266 ut
1270 4209 1469 4278 manducaret,
1485 4212 1607 4282 nequid
1632 4220 1691 4270 taut
1714 4227 1750 4271 ex
1772 4215 1838 4272 cba-

88 4300 259 4358 insecundo
284 4299 358 4356 libro
382 4298 532 4368 inducens,
549 4299 624 4355 inter
647 4308 765 4354 caeteras
783 4299 847 4369 ejus
867 4298 933 4354 lau·
988 4295 1072 4353 ritate
1088 4311 1178 4369 quam
1200 4312 1236 4355 ex
1258 4298 1415 4356 ambitione
1438 4299 1465 4355 ld
1489 4300 1592 4370 facere,
1617 4316 1671 4359 uec
1687 4309 1745 4359 tam
1773 4317 1838 4376 que

87 4389 138 4447 dee
161 4389 189 4446 id
213 4402 332 4459 quoque
355 4386 458 4458 adjecit
480 4386 552 4458 idol:
585 4387 750 4452 «Quodam
772 4400 839 4443 vero
864 4394 933 4443 tcm-
987 4383 1092 4443 Cbristi
1115 4394 1183 4444 suut
1211 4401 1300 4458 quam
1324 4401 1391 4458 quae
1405 4401 1459 4444 sna
1480 4402 1621 4458 querere.
1645 4390 1674 4447 Si
1694 4405 1765 4464 ergo
1781 4394 1838 4463 ipse

87 4467 282 4550 porebabeus
303 4477 338 4533 ad
371 4476 531 4546 potandum
555 4489 680 4532 caucum
707 4475 846 4548 lignenm,
861 4474 934 4532 vidit
987 4487 1023 4530 ne
1055 4483 1168 4546 turpem
1191 4476 1352 4533 incurreret
1378 4477 1582 4547 suspicionem,
1606 4480 1837 4554 debitaquoque

85 4582 212 4641 puerum
232 4582 321 4626 manu
335 4579 462 4624 concava
481 4566 589 4632 bibere,
613 4572 641 4624 et
662 4565 768 4623 elisisse
788 4565 859 4622 illud
873 4564 932 4623 fer·
986 4563 1130 4633 suscipere
1148 4563 1184 4620 de
1201 4572 1281 4622 tanto
1296 4563 1376 4620 lucro
1392 4566 1558 4623 animarum
1572 4568 1700 4638 erubuit,
1723 4579 1836 4641 quanta

86 4664 137 4715 tur
158 4659 195 4716 ad
224 4665 340 4725 terram,
365 4656 479 4712 dicens:
507 4677 521 4705 e
538 4654 704 4713 Nesciebam
734 4655 812 4726 quod
833 4662 860 4712 et
879 4669 932 4711 na·
985 4660 1026 4709 est
1048 4652 1228 4723 impudentia
1253 4661 1362 4720 nostra,
1399 4655 1450 4725 qui
1474 4669 1532 4713 uon
1558 4656 1760 4728 deprecatione
1787 4659 1832 4718 vel

84 4752 152 4804 tura
177 4745 295 4804 baberet
317 4745 463 4816 poculum.
485 4744 557 4800 »Ad
574 4756 660 4816 quem
680 4744 769 4800 etiam
791 4745 931 4814 potentis·
985 4743 1172 4799 conversione
1200 4742 1351 4799 bominum
1387 4744 1497 4801 victum
1531 4746 1716 4818 suscipimus,
1746 4747 1771 4804 si
1799 4749 1834 4807 de

84 4834 176 4893 dmus
195 4834 360 4893 Alexander
385 4833 476 4889 multa
500 4832 524 4889 ei
557 4832 672 4903 donalia
699 4832 831 4901 offerens,
864 4846 932 4889 cum
985 4830 1151 4888 adulatione
1165 4838 1315 4903 potentum
1330 4830 1427 4901 ipsum
1454 4832 1580 4904 qualibet
1601 4844 1662 4893 arte
1679 4850 1835 4909 possumus

85 4922 160 4980 dolio
193 4925 256 4995 ejus
285 4930 425 4993 tanquam
461 4922 544 4977 dator
576 4921 760 4992 importunus
776 4921 929 4988 assisteret,
985 4928 1202 4992 extorquemus.
1232 4920 1286 4988 Qui
1306 4919 1393 4975 etiam
1424 4935 1639 4994 nonnunquam
1668 4926 1697 4981 iu
1724 4932 1835 4984 tantam

85 5010 140 5067 boc
159 5026 251 5069 unum
268 5012 304 5068 ab
331 5013 392 5081 ipso
423 5009 582 5080 suscepisse
611 5009 718 5067 dicitur
741 5024 928 5081 responsum:
986 5010 1205 5081 prorumpimus
1232 5008 1430 5081 ignominiam,
1460 5019 1493 5067 ut
1529 5012 1708 5082 phylacteria
1735 5023 1835 5073 nostra

84 5119 100 5151 κ
119 5099 161 5157 lle
174 5101 267 5156 obstes
283 5101 362 5164 mibi,
385 5098 511 5170 juvenis,
535 5112 553 5154 a
573 5098 640 5154 sole.
668 5118 682 5147 r
708 5098 839 5156 Socrates
857 5115 931 5173 guo
985 5098 1138 5156 dilatantes
1155 5099 1264 5168 (110111.
1294 5112 1379 5165 xxm,
1398 5099 1435 5170 5),
1460 5109 1488 5157 et
1504 5099 1650 5160 interdum
1671 5117 1753 5160 casas
1767 5119 1836 5162 cum

84 5203 143 5260 que
169 5189 301 5245 Archelai
322 5188 399 5260 regis
426 5187 503 5243 dona
530 5200 680 5258 respuens,
701 5187 756 5244 boe
778 5203 871 5245 unum
899 5190 930 5247 in
983 5187 1116 5258 reliquiis
1138 5195 1305 5244 sauctorum
1335 5186 1583 5258 circumferentes,
1606 5192 1701 5249 venali
1730 5193 1833 5264 praedi·

83 5276 270 5335 excusatione
299 5276 458 5347 pretendit,
488 5273 563 5334 nolle
597 5290 627 5334 se
660 5275 807 5349 suscipere
837 5283 929 5350 tanta,
984 5275 1096 5333 catione
1107 5274 1226 5348 gmuudo
1239 5275 1448 5347 discurramus,
1464 5284 1491 5335 et
1505 5292 1719 5354 nonuunquam
1743 5295 1834 5354 pseu-

119 5435 382 5508 (septennium.
401 5437 492 5508 llxlll,
511 5435 564 5494 col.
582 5437 644 5490 5³9.
1022 5433 1193 5507 (6⁰)Patrol.
1210 5443 1278 5495 tom.
1299 5437 1547 5509 bratteolam.
