3804 5962
1890 46 1893 105 l

116 174 169 233 839
381 165 508 224 Arnim
525 161 687 223 Aomdum
706 162 784 220 ΟΡΡ.
804 163 895 222 PARS
912 163 961 219 lll.
977 192 1012 204 -
1026 158 1250 222 vfluoloulca
1267 162 1311 219 ΕΤ
1331 160 1596 221 rullosovnicn.
1812 163 1864 220 eto
1890 176 1894 207 1

114 297 209 354 cimus
222 289 353 349 bomincs
380 301 461 359 posse
475 285 593 353 salvari,
620 299 690 356 ergo
715 282 807 354 legem
836 281 962 340 destrui·
977 286 1001 337 A
1016 282 1151 340 videlicet
1170 296 1268 354 opera,
1284 281 1334 340 sed
1349 295 1401 353 per
1416 281 1501 339 iidem
1514 281 1541 338 ei
1563 294 1631 339 vere
1654 281 1788 352 coderet,
1812 283 1864 354 qni

115 397 182 440 mus
205 395 256 452 per
285 380 380 447 iidem,
409 376 495 433 idest
509 389 560 446 per
588 373 867 431 commendationem
897 372 964 429 ridel
1014 372 1155 444 justificat
1186 372 1320 443 impium,
1336 370 1658 440 etboc[est:0redeuti
1686 375 1718 425 m
1743 376 1864 442 eumque·
1890 328 1897 477 Ι

113 485 178 530 eam
191 469 303 526 irritam
324 473 530 523 monstramus.
560 464 668 518 Absit:
690 466 743 519 imo
758 463 843 532 legem
861 464 961 517 statui·
1013 463 1149 532 justificet
1174 463 1299 532 impium,
1318 461 1476 532 deputatur
1491 461 1575 518 abeo
1594 460 1714 527 scilicet,
1743 461 1798 532 qui
1818 462 1863 532 ju·

115 577 185 629 mus,
208 559 236 615 id
255 564 297 615 εει
315 554 452 613 volumus
475 561 507 611 ut
533 553 579 611 lex
595 551 758 624 peremnia
773 549 961 621 compleatur.
1016 552 1120 608 stillcat
1150 551 1284 622 impium,
1310 551 1338 606 id
1352 559 1427 608 esta
1443 551 1509 608 lico.
1530 550 1624 606 Fidem
1647 555 1740 606 autem
1758 551 1797 607 ad
1816 552 1860 621 ju-

117 650 167 707 llle
194 649 272 705 enim
300 644 443 702 veraciter
465 645 551 701 etiam
584 640 721 714 figuralia
752 654 833 697 nunc
863 637 962 709 implet
1016 643 1129 706 stitiom,
1157 641 1185 697 id
1213 647 1256 698 εει
1278 648 1445 698 remunerat
1464 654 1531 697 eum
1561 654 1611 710 pro
1636 640 1692 697 bac
1714 638 1775 696 lide
1803 648 1860 698 tau·

116 743 268 810 praecepta,
297 733 347 806 qui
378 732 452 789 illud
484 731 552 787 iacit
579 730 624 788 vel
652 728 755 799 credit,
776 728 855 800 quod
883 742 964 785 nunc
1017 745 1107 803 quam
1125 730 1247 802 justum.
1277 730 1331 786 llic
1354 737 1452 800 aperte
1478 728 1631 799 Apostolus
1651 728 1860 799 determinavit,

115 832 229 882 tantum
242 823 292 880 illa
306 822 413 879 babent
444 820 583 893 ligurare,
611 833 669 876 non
683 816 806 886 elfioera,
833 832 891 875 uon
903 825 962 874 tam
1017 835 1083 877 cum
1098 820 1160 877 ait:
1189 818 1310 875 credent-i
1324 817 1355 873 iu
1374 834 1446 885 eum,
1475 819 1593 890 qualem
1611 818 1697 875 fldem
1713 818 1857 891 intelligit.

115 927 218 972 sonum
247 911 327 969 vocis
355 923 444 981 quam
465 923 583 966 sensum
597 916 625 965 ει
654 908 841 965 intentionem
869 913 962 964 atteu·
1016 910 1103 967 Aliud
1117 917 1160 967 est
1174 909 1253 966 enim
1268 908 1383 966 credere
1407 909 1508 974 Deum,
1539 907 1717 965 dividelicet
1736 907 1857 979 insanit,
1897 922 1900 931 ·

114 1001 337 1076 densjubentis.
358 999 497 1070 lienique,
527 1006 561 1055 ut
584 997 644 1068 ipse
659 997 699 1054 ait
726 995 888 1068 Apostolus,
902 995 960 1065 pte·
1017 999 1154 1056 aliudest
1185 1000 1252 1067 Deo,
1290 998 1319 1054 id
1347 1005 1389 1055 est
1426 997 1575 1068 promissis
1599 998 1644 1055 vel
1665 997 1765 1054 verbis
1789 996 1862 1069 eius,

113 1092 210 1149 uitudo
221 1093 288 1160 tegis
306 1093 346 1145 est
360 1089 469 1144 ditectio
485 1086 572 1159 (dom.
583 1102 649 1152 xvir,
676 1087 728 1154 lo),
744 1085 779 1142 de
793 1099 853 1157 qua
875 1085 961 1141 etiarn
1017 1088 1094 1158 quod
1109 1101 1179 1144 vera
1196 1095 1275 1154 sunt,
1287 1087 1406 1143 aliudin
1423 1087 1526 1143 Deum.
1539 1085 1607 1144 Tale
1621 1086 1729 1158 quippe
1740 1093 1783 1143 cst
1805 1101 1864 1144 cre

114 1179 344 1240 commemoratis
366 1177 432 1249 ejus
455 1176 605 1248 praeceptis
633 1174 772 1232 Dominus
798 1173 839 1231 ait
854 1172 959 1232 diviti:
1017 1177 1083 1233 dere
1115 1177 1145 1233 in
1173 1175 1274 1243 Deum,
1299 1176 1386 1231 nteit
1411 1175 1595 1247 Augustinus
1612 1189 1700 1245 super
1721 1177 1863 1232 loannem

113 1272 170 1326 Hoc
179 1273 225 1339 suc
239 1273 266 1325 et
279 1270 353 1324 vices
367 1267 443 1338 (buc.
464 1280 493 1334 x,
508 1266 566 1337 98).
595 1261 597 1265 ’
1017 1264 1097 1336 (62⁸),
1109 1285 1123 1316 ‹
1136 1278 1244 1333 amare,
1257 1264 1398 1321 credendo
1408 1263 1536 1336 diligere,
1548 1264 1689 1323 credendo
1699 1263 1816 1322 tendere
1833 1273 1864 1320 ut

447 1353 563 1410 CAPUT
593 1352 639 1409 lv.
1016 1355 1180 1411 membrum
1202 1355 1266 1425 ejus
1279 1353 1431 1411 elliciatur.
1450 1374 1461 1404 ι
1479 1353 1608 1411 Credunt
1635 1354 1734 1424 itaque
1760 1354 1865 1410 deamo

149 1447 222 1514 Quid
247 1461 318 1514 erqo.
339 1442 481 1512 Quoniam
496 1441 613 1514 quidem
636 1439 779 1498 exteriora
806 1438 856 1496 illa
875 1453 961 1510 opera
1016 1458 1067 1499 nes
1081 1458 1199 1514 quoque
1212 1451 1240 1500 ει
1250 1443 1362 1513 reprobi
1391 1443 1490 1508 Deum,
1515 1442 1637 1500 credunt
1650 1444 1717 1511 lieo,
1733 1442 1783 1500 sed
1804 1456 1864 1499 nou

114 1536 185 1609 legis
196 1534 340 1607 justitiam
365 1546 423 1589 non
445 1531 553 1588 habent
567 1528 706 1597 conlerre,
731 1529 801 1601 quid
823 1542 892 1600 ergo
913 1527 962 1600 ju·
979 1531 1000 1587 ll
1018 1531 1048 1587 in
1062 1532 1163 1598 Deum,
1175 1531 1247 1602 quia
1259 1547 1317 1588 non
1335 1531 1473 1604 diligunt,
1488 1546 1542 1590 nec
1555 1531 1700 1604 diligendo
1714 1547 1745 1589 se
1759 1531 1787 1588 ei
1818 1533 1864 1588 in-

113 1625 197 1682 stitiae
217 1623 264 1682 vel
283 1620 426 1690 utilitatis,
453 1621 570 1676 dicimus
590 1621 725 1674 inuenisse
751 1618 894 1673 Abrohom
920 1633 960 1672 se·
1015 1627 1179 1692 corporant,
1202 1621 1231 1677 id
1263 1628 1306 1677 est
1334 1620 1477 1689 Ecclesia,
1493 1635 1561 1694 quae
1582 1621 1646 1692 ejus
1677 1635 1784 1693 corpus
1808 1628 1862 1689 est,

112 1715 231 1772 mudum
254 1728 372 1781 comem,
389 1710 417 1767 id
433 1716 475 1766 est
489 1722 538 1779 per
562 1707 625 1765 illas
644 1706 774 1764 carnales
806 1707 963 1764 observari·
1014 1724 1065 1780 per
1080 1710 1262 1767 devotionern
1281 1717 1453 1781 aggregant.
1490 1709 1637 1778 Quomodo
1656 1717 1754 1768 autem
1771 1709 1865 1782 depu-

112 1804 180 1874 tias,
195 1802 286 1862 veluti
301 1797 530 1858 circumcisionis
557 1797 603 1854 vel
626 1797 845 1853 sacrificiorum.
867 1799 908 1853 Ac
937 1795 962 1852 si
1016 1807 1094 1855 tatur
1126 1799 1275 1870 supponit,
1300 1801 1446 1856 secuudum
1469 1803 1646 1871 propositum
1683 1803 1783 1869 qratia
1810 1802 1862 1855 Dei

111 1892 230 1960 diceret,
260 1888 451 1957 mbilicum
479 1886 546 1942 dicit
575 1888 685 1942 Putrem
722 1890 846 1941 nostrum
876 1883 962 1940 idest
1015 1887 1180 1945 Secundum
1211 1887 1266 1944 boc
1284 1888 1362 1958 qnod
1382 1889 1413 1944 in
1433 1890 1578 1959 proposito
1601 1889 1708 1946 divinae
1723 1888 1865 1946 bonitatis

112 1994 202 2053 quem
219 1977 327 2037 imitari
353 1977 493 2034 debemus
521 1974 605 2046 quasi
625 1974 677 2031 lilii
691 1974 755 2046 ejus
777 1989 828 2046 per
854 1972 959 2031 doctri·
1014 1975 1154 2045 consistit,
1179 1990 1245 2047 quae
1264 1975 1357 2048 magis
1380 1977 1511 2035 animum
1532 1991 1622 2050 quam
1648 1991 1735 2049 opera
1765 1991 1860 2035 remu·

110 2084 190 2138 nam,
204 2069 393 2141 questionem
408 2078 493 2123 suam
507 2065 608 2136 agitat,
625 2063 710 2135 quasi
732 2071 762 2121 et
783 2077 915 2120 noscam
930 2062 961 2119 in
1014 2074 1105 2124 nerat.
1120 2064 1260 2137 Alioquin
1279 2065 1374 2135 multi,
1389 2066 1441 2139 qui
1463 2066 1629 2126 lacultatem
1644 2067 1784 2138 operandi
1802 2081 1862 2125 non

111 2156 176 2215 istis
200 2156 284 2228 sequi
298 2154 466 2212 debeamus.
484 2153 515 2209 Si
528 2156 609 2207 euim.
630 2152 667 2207 Et
680 2164 748 2208 vere
763 2164 822 2208 non
837 2158 879 2208 εει
909 2163 960 2221 per
1014 2155 1129 2225 babent,
1161 2169 1228 2213 cum
1247 2162 1345 2213 tamen
1365 2156 1474 2214 habent
1502 2156 1694 2225 voluntatem,
1721 2155 1860 2228 reproba·

110 2245 160 2304 illa
183 2245 328 2304 exteriora
349 2242 492 2314 justitiam
520 2247 679 2308 assecutus,
710 2240 808 2297 divino
836 2239 958 2310 judicio,
1013 2251 1126 2303 rentur.

110 2335 181 2408 qnia
198 2349 249 2407 per
273 2333 324 2390 illa
339 2331 454 2388 nullum
472 2328 551 2401 apud
575 2330 731 2386 Dominum
755 2328 879 2400 pretium
908 2329 957 2385 ba·
1048 2335 1165 2391 Sicutet
1197 2333 1289 2391 Dauid
1312 2334 1389 2401 dicit,
1406 2334 1490 2392 idest
1513 2335 1632 2408 exponit
1654 2334 1737 2392 bonis
1771 2335 1858 2392 beuti-

110 2424 167 2493 bet,
183 2430 211 2480 ct
229 2423 285 2480 hoc
307 2426 358 2484 est,
374 2418 581 2489 Sijuslittcotus
603 2422 643 2473 cst
670 2418 856 2487 exoperibus,
872 2417 958 2476 idest
1012 2423 1136 2480 tudinem
1160 2424 1276 2481 bominis
1291 2429 1336 2479 cui
1357 2425 1431 2481 Deus
1452 2430 1570 2496 accepto,
1586 2425 1614 2480 id
1642 2430 1685 2481 εει
1709 2435 1760 2493 ρει
1774 2435 1857 2480 suam

113 2514 138 2571 si
163 2511 318 2577 exteriora,
347 2523 413 2580 quae
439 2506 560 2580 justiliae
582 2505 750 2563 hominibus
771 2506 956 2575 videbantur,
1011 2513 1240 2571 misericordiam
1258 2515 1449 2586 susceptionis
1469 2515 1529 2585 ipse
1565 2528 1684 2586 surgere
1699 2527 1751 2583 per
1773 2527 1803 2569 εε
1823 2512 1860 2568 ad

108 2600 250 2659 0119161111·
266 2601 355 2654 Habet
369 2595 479 2668 quidem
493 2597 619 2665 9101111111,
637 2595 686 2651 sed
708 2595 955 2665 1101111Ρ1111Β11111,
1010 2604 1103 2659 Deum
1120 2617 1177 2660 non
1196 2603 1314 2661 valeret.
1339 2606 1403 2659 Fert
1412 2604 1554 2673 justitiam
1569 2603 1641 2674 quia
1663 2601 1724 2672 ipse
1745 2602 1793 2659 cui
1817 2600 1856 2657 al·

108 2690 194 2748 idest
226 2688 304 2760 apud
333 2685 473 2754 bomines,
490 2684 542 2757 qui
565 2685 600 2742 de
625 2683 791 2742 visibilibus
812 2683 955 2757 judicant,
1010 2691 1103 2748 fertur
1121 2705 1235 2750 sumere
1265 2705 1316 2762 per
1345 2706 1375 2749 se
1397 2707 1456 2749 non
1473 2699 1592 2762 poterat.
1618 2691 1692 2758 Fert,
1724 2691 1857 2761 inquam,

107 2792 234 2851 magnus
248 2791 299 2848 ber
312 2777 368 2833 110⁰
387 2775 521 2843 babetur,
547 2789 601 2830 110⁰
614 2773 693 2844 apud
714 2772 880 2837 Dominum,
904 2772 1202 2851 quiesineopereous
1238 2782 1317 2849 tegis,
1356 2781 1463 2837 scilicet
1486 2780 1637 2852 legalibus.
1658 2779 1740 2847 Quod
1780 2777 1858 2834 enim

107 2868 202 2926 cordis
214 2868 388 2937 inspectator
401 2870 444 2921 est
459 2870 487 2920 ει
500 2877 604 2919 renum
631 2863 778 2933 probator,
793 2868 820 2918 ct
835 2861 865 2916 in
894 2861 956 2918 abs·
1011 2869 1075 2924 ait:
1104 2871 1183 2924 Beati
1208 2884 1321 2940 quorum
1334 2872 1455 2926 remissae
1484 2874 1548 2925 sunt
1582 2871 1754 2940 iniquitates,
1784 2875 1853 2935 etc,

108 2954 223 3012 condito
255 2953 343 3010 videl·
376 2950 448 3017 Quid
474 2953 556 3005 em'm.
581 2950 617 3005 El
643 2948 715 3005 bene
744 2948 817 3017 11100»
841 2962 899 3004 ¹10ss
919 2962 956 3004 61
1009 2955 1182 3028 generaliter
1201 2957 1318 3016 dicitur.
1337 2959 1511 3031 Quicunque
1523 2958 1580 3016 sint
1609 2959 1669 3016 sive
1690 2955 1856 3014 ludaeisive

107 3044 242 3115 operibus
268 3039 418 3099 Abraham
443 3037 598 3110 justificari
628 3037 706 3108 aliud
729 3039 830 3105 9111111,
846 3037 895 3094 sed
918 3051 955 3094 ⁰1
1009 3044 1140 3118 gentiles,
1173 3047 1332 3106 remittitur
1366 3048 1508 3120 iniquitas
1534 3049 1652 3120 quando
1684 3062 1770 3119 poena
1793 3044 1858 3120 ejus

107 3133 176 3200 ilde,
195 3131 265 3203 quia
277 3129 319 3186 sic
342 3127 484 3185 habemus
498 3140 534 3182 ex
559 3125 720 3182 testimonio
735 3125 896 3196 scriptum.
923 3127 956 3183 Et
1008 3136 1188 3193 condonatur
1203 3151 1255 3209 per
1283 3138 1419 3209 gratiam,
1434 3152 1501 3210 qum
1527 3138 1605 3210 exigi
1619 3145 1729 3209 poterat
1743 3151 1796 3208 per
1811 3137 1857 3209 ju.

108 3220 162 3279 boc
176 3228 219 3278 est
234 3233 241 3276 :
259 3217 337 3286 Quod
356 3218 427 3271 mim
441 3215 508 3270 dicit
535 3214 693 3284 Scriptura,
722 3215 776 3272 boc
791 3222 835 3271 est
862 3222 951 3272 atten-
1007 3223 1126 3292 stitiam,
1142 3237 1176 3280 ac
1191 3239 1242 3295 per
1256 3225 1381 3297 hocjam
1398 3226 1491 3297 ipsam
1510 3227 1634 3299 gratiam
1649 3226 1734 3298 quasi
1748 3225 1855 3284 lunde-

106 3308 203 3365 (11111111
222 3305 300 3377 quod
328 3304 470 3375 scriptum
488 3303 577 3360 111111
601 3301 714 3373 6111111,
742 3302 797 3359 110⁰
822 3301 954 3360 Videlioel
1007 3319 1138 3369 mentum
1162 3314 1311 3385 scriptura
1332 3317 1489 3386 constituit,
1512 3323 1545 3373 ut
1564 3315 1706 3388 quidquid
1721 3315 1857 3385 deinceps

106 3396 184 3468 quod
198 3392 341 3464 sequitur,
1006 3401 1298 3474 superaedificeretur,
1326 3406 1466 3476 praeeunti
1495 3406 1595 3477 gratiae
1616 3405 1782 3475 deputetur.
1802 3406 1855 3462 lie·

155 3482 280 3542 eredidit
308 3481 451 3536 Abrabam
476 3481 545 3550 θέο»
570 3480 598 3537 id
634 3483 677 3537 111
710 3480 952 3551 ll⁰ffli8810ssibsss
1005 3490 1101 3548 missis
1115 3501 1212 3550 antem
1231 3493 1438 3566 iniquitatibus
1452 3495 1580 3567 qualiter
1600 3494 1637 3551 ad
1651 3493 1855 3565 perlectionem

104 3572 225 3639 divinis,
242 3571 303 3628 sive
316 3571 449 3628 exeundo
472 3570 507 3627 de
537 3577 614 3627 terra
628 3582 693 3636 sun,
708 3577 739 3626 ut
769 3569 948 3640 multiplica·
1006 3578 1106 3636 divina
1122 3582 1216 3651 gratia
1230 3581 1379 3641 hominem
1400 3583 1541 3654 perducat
1567 3584 1765 3655 prosequitur,
1787 3597 1854 3640 cum

104 3668 185 3719 retur
209 3662 241 3719 in
259 3660 364 3724 alieno,
386 3661 448 3717 Sive
470 3658 505 3716 dss
535 3658 727 3729 immissiffllss
754 3658 808 3714 filii
832 3659 901 3728 ⁵⁰12
916 3659 951 3716 (¹0
1005 3667 1110 3726 deinde
1119 3670 1199 3727 addit
1213 3679 1332 3741 peccata
1345 3673 1413 3745 tegi,
1428 3687 1462 3730 ac
1485 3673 1610 3745 denique
1624 3687 1678 3730 nec
1702 3672 1853 3744 imputari.

104 3763 283 3823 1111111111ῆῦ1
302 3750 329 3806 61
362 3747 504 3820 promisit,
531 3747 950 3820 1111111111111111116111018111·
1005 3756 1205 3816 demittuntur
1223 3761 1340 3831 quidem
1362 3762 1729 3834 peccataperpoenitemia
1763 3761 1852 3833 gemi-

102 3838 175 3896 bilia
188 3837 234 3897 vel
248 3851 355 3910 magna
376 3837 525 3894 videntur.
544 3836 610 3892 llaec
635 3843 732 3893 autem
749 3844 791 3892 εει
819 3836 950 3893 verailla
1005 3853 1078 3914 tum,
1092 3848 1126 3904 qe
1149 3863 1208 3920 quo
1222 3850 1351 3908 dippum
1372 3853 1537 3923 Quocunque
1567 3853 1633 3908 pom
1652 3857 1784 3924 peccator
1809 3855 1852 3906 iu-

102 3928 266 4000 lldes,quae
291 3926 547 3997 perdilectionem
575 3933 723 3996 operatur.
750 3924 823 3982 Cum
848 3925 950 3997 itaque
1004 3939 1139 4004 pemuerit
1166 3937 1271 4008 (suet.
1308 3954 1416 4010 xxxiii,
1435 3944 1491 4010 ιι.)
1516 3940 1591 4008 Quia
1619 3942 1792 4013 priusquam
1822 3940 1849 3998 ei

101 4017 184 4085 dicit,
201 4018 319 4073 credidit
337 4019 399 4084 lieo,
427 4016 482 4073 tale
500 4024 552 4084 est,
571 4015 714 4072 credendo
737 4023 895 4073 exsecutus
908 4023 950 4072 est
1006 4037 1071 4080 vere
1089 4023 1221 4094 displicet
1241 4027 1391 4098 iniquitas,
1407 4036 1435 4085 ει
1450 4029 1546 4085 omnis
1561 4029 1637 4085 mala
1660 4030 1724 4101 ejus
1750 4028 1855 4086 volun.

102 4105 225 4164 libenter
250 4106 332 4178 iussa
361 4106 485 4161 bomini.
513 4107 549 4160 st
579 4109 736 4175 reputatum
760 4109 800 4160 est
824 4104 871 4160 boo
887 4107 912 4160 ei
930 4120 948 4159 a
964 4139 988 4195 D
1004 4119 1048 4168 tas
1063 4112 1202 4183 abscedit,
1223 4116 1284 4187 jam
1304 4116 1345 4173 ita
1358 4125 1400 4174 εει
1411 4118 1468 4175 Deo
1482 4125 1613 4188 peccator
1638 4118 1852 4186 reconciliatus,

100 4196 215 4250 Domino
236 4195 444 4262 adjustitiam,
469 4194 499 4250 id
524 4201 567 4250 est
591 4194 628 4250 ad
654 4193 849 4251 obedientiam
882 4193 948 4250 fidei
1003 4209 1069 4258 uta
1097 4202 1236 4273 peponum
1267 4206 1362 4275 poenis
1393 4207 1430 4263 sit
1465 4205 1614 4276 liberatus,
1642 4222 1852 4279 necunquam

101 4283 262 4353 cumatiud
293 4282 576 4354 Dominumt'ustum
600 4282 771 4356 constituit:
798 4297 858 4339 11⁰ss
888 4283 949 4338 cir·
1003 4289 1167 4361 gebennam
1190 4293 1321 4351 incurrat
1346 4293 1369 4351 si
1391 4295 1423 4351 in
1459 4296 1513 4353 boc
1537 4296 1648 4367 gemitu
1674 4304 1849 4365 moreretur,

100 4371 252 4440 cumcisio,
272 4371 317 4429 vel
333 4379 445 4429 caterae
458 4372 623 4442 corporales
649 4372 855 4440 observantiae,
883 4387 949 4443 quae
1002 4385 1122 4448 paratus
1140 4380 1176 4437 ad
1213 4396 1328 4440 omnem
1374 4398 1464 4455 quam
1495 4393 1588 4456 posset
1611 4385 1851 4442 satislactionem.

101 4459 131 4517 in
147 4459 210 4532 lege
227 4467 324 4531 postea
338 4460 448 4531 scripta
458 4469 536 4517 sunt.
556 4462 591 4516 Ει
605 4465 705 4516 autem.
730 4461 772 4517 Ac
782 4461 806 4517 si
819 4461 947 4517 diceret:
1001 4468 1083 4523 Tunc
1096 4475 1194 4526 autem
1206 4476 1279 4528 tccta
1297 4480 1365 4529 sunt
1388 4482 1514 4544 peccata,
1541 4475 1659 4546 quaudo
1682 4474 1712 4531 iu
1728 4473 1783 4531 hoc
1801 4488 1850 4532 sc·

98 4549 162 4606 Non
178 4549 241 4606 sine
269 4563 359 4606 cansa
377 4549 687 4620 dicoquodAbrabam
705 4548 778 4605 siex
809 4548 948 4619 operibus
1001 4552 1068 4613 culo
1095 4558 1255 4616 satislactio
1277 4561 1420 4632 sequitur.
1450 4561 1520 4630 Qua
1549 4563 1669 4635 quidem
1693 4563 1853 4620 satislactio

98 4637 308 4710 justificaretur
336 4637 455 4695 baberet
488 4636 622 4709 gloriam,
656 4637 685 4693 id
718 4644 760 4693 εει
788 4637 949 4696 maximam
1001 4653 1029 4701 et
1047 4647 1232 4716 purgatorias
1259 4649 1420 4721 exstinguit
1450 4651 1550 4708 saculi
1587 4651 1707 4709 alterius
1735 4665 1848 4723 pierias,

99 4725 216 4784 ¹³11de
247 4724 557 4792 111611θωί11θὸ,5111
583 4739 641 4781 non
666 4725 743 4795 apud
768 4725 873 4792 Deum,
898 4726 947 4784 sed
1000 4748 1068 4790 cnm
1106 4734 1188 4803 prius
1214 4738 1382 4806 poenitentia
1410 4753 1509 4809 poenas
1534 4739 1669 4797 deleverit
1698 4740 1851 4797 damnato·

100 4822 216 4885 11109111
243 4814 298 4871 11⁰⁰
317 4814 391 4883 (1¹⁰⁰,
410 4813 489 4885 quod
511 4820 539 4871 θῑ
568 4815 766 4883 (11119111111,
781 4816 946 4887 imputetur,
1001 4823 1061 4880 rias
1076 4829 1105 4879 ct
1134 4824 1317 4895 gehennales.
1334 4828 1496 4901 Tuncergo
1519 4837 1593 4886 tecta
1608 4835 1677 4886 sunt
1691 4837 1758 4886 ante
1784 4844 1852 4887 ocu·

98 4903 134 4959 ab
173 4903 341 4961 bominibus
363 4917 463 4959 merces
486 4901 635 4958 secuudum
664 4902 797 4972 debitum,
828 4904 882 4961 boc
904 4911 947 4962 est
1000 4910 1162 4983 losjudicis
1188 4922 1313 4984 peccata,
1330 4917 1449 4987 quando
1464 4931 1517 4975 nec
1540 4918 1734 4988 proeisninil
1768 4918 1848 4976 videt

98 5003 158 5046 euae
173 4991 379 5063 acquisitionis
393 4998 420 5048 et
437 4990 560 5061 proprie
570 4990 689 5047 virtutis
704 4990 732 5048 id
754 4991 945 5061 dicituresse,
1002 4999 1080 5070 quod
1107 5001 1220 5071 puniar,

98 5093 157 5138 non
170 5094 207 5138 ex
226 5079 321 5137 aliena
335 5079 431 5152 gratia
445 5078 582 5148 conlerri,
597 5093 664 5137 cum
690 5080 768 5150 apud
788 5081 946 5139 Dominum
1035 5091 1137 5144 Beatus
1163 5093 1217 5147 oie.
1236 5093 1313 5150 Eum
1339 5094 1468 5164 primum
1501 5095 1607 5167 plurali
1630 5110 1751 5153 numero
1780 5096 1851 5154 bea.

97 5168 159 5225 sola
189 5169 314 5226 amantis
343 5169 413 5226 lidos
434 5169 471 5226 ad
495 5168 644 5240 justitiam
667 5168 804 5226 sulliciat.
833 5171 867 5228 Et
891 5172 947 5229 hoc
999 5184 1062 5234 tum
1086 5181 1228 5249 enuntiat,
1258 5189 1285 5240 ει
1319 5183 1417 5241 virum
1445 5185 1577 5242 nominat
1607 5186 1705 5243 dicens
1724 5202 1732 5240 ι
1749 5188 1850 5244 neuim

97 5263 140 5313 est
154 5257 232 5328 quod
246 5256 397 5329 sequitur:
414 5260 449 5314 ut
471 5273 533 5315 oceo
549 5260 598 5330 qui
616 5273 670 5315 moa
684 5263 816 5331 operatur
840 5259 946 5334 legalia
1000 5269 1055 5336 uir,
1074 5275 1127 5325 etc.
1157 5269 1216 5327 Nisi
1236 5271 1307 5344 quia
1332 5273 1442 5332 divinas
1469 5275 1571 5347 gratim
1597 5276 1736 5333 bcuelicia
1752 5291 1849 5349 usque

134 5413 191 5487 (62)
207 5415 311 5473 Potrol.
331 5422 400 5474 torn.
425 5416 544 5486 XXXV,
559 5416 614 5478 dol.
635 5419 715 5476 real.
