3804 5962
748 251 864 314 natsr.
884 251 933 311 ιιι.
1035 228 1038 233 ’

705 476 905 548 altissona
921 477 978 548 xt.

67 662 116 726 est
132 658 222 724 Petri
236 656 413 726 Ahaelardi.
440 693 483 709 -
502 657 747 726 Adversuseos
772 660 831 744 qui
846 678 890 725 ex
914 658 1115 725 anctoritate
1148 658 1245 723 Bedae
1264 658 1453 743 presbyteri
1488 675 1634 738 arguere
1656 676 1714 724 co·

105 755 234 814 nentur
257 749 458 834 Dionysium
477 747 720 834 Areopagitam
739 750 848 815 inisse
872 748 1076 832 Dionysium
1097 747 1350 814 Corinthiorum
1369 748 1571 832 episcopum

398 845 431 903 et
445 857 515 903 non
529 841 643 920 magis
662 839 769 904 inisse
784 836 1051 904 Atheniensium
1071 837 1281 921 episcopum.

88 1015 275 1075 dilectissimo
296 1015 373 1074 Patri
396 1030 459 1084 suo,
475 1015 573 1074 abbati
587 1015 638 1074 liei
652 1016 746 1089 grstia
760 1030 814 1074 cte·
827 1014 852 1068 A
867 1014 1070 1086 apostolorum,
1094 1028 1128 1072 eo
1151 1013 1283 1071 videlicet
1306 1014 1376 1079 loco,
1404 1028 1463 1087 quo
1493 1012 1622 1071 dicitnr:
1644 1033 1659 1067 a
1679 1015 1714 1073 ln

67 1106 330 1176 gloriosissimorum
349 1112 512 1178 martyrum
535 1106 676 1177 Dionysii,
699 1104 812 1164 Rustici
866 1103 1177 1178 quihueettaionysins
1191 1103 1364 1176 Areopagita
1379 1101 1545 1175 (Act.xrttr,
1567 1103 1625 1176 34),
1641 1123 1655 1154 n
1673 1105 1715 1162 ait

68 1194 313 1265 otherii,}ibidem
328 1206 447 1265 corpore
480 1195 703 1267 quiescentium,
732 1209 807 1251 nna·
865 1193 907 1251 sic
922 1208 929 1249 :
947 1192 1069 1250 «ilicet
1097 1193 1261 1265 dionysius,
1279 1192 1331 1264 qui
1357 1192 1386 1248 in
1409 1191 1576 1264 episcopatu
1598 1192 1714 1250 ordina-

67 1284 197 1346 renites
230 1291 258 1341 et
290 1283 503 1344 commonachis
539 1285 601 1341 suis
635 1283 813 1341 charissimis
865 1291 923 1350 tus,
949 1280 1163 1340 Corinthiorum
1192 1282 1314 1354 gloriose
1334 1281 1408 1339 rexit
1427 1281 1594 1351 Ecclesiam,
1611 1281 1714 1339 multa·

67 1388 72 1429 t
105 1371 211 1430 hahita
244 1372 414 1441 monachus,
440 1374 503 1437 rita
544 1379 686 1444 peccator,
717 1374 812 1445 gratia
866 1372 971 1444 quead
986 1371 1138 1429 utilitatem
1160 1371 1294 1428 Ecclesiae
1318 1371 1500 1443 pertinentia,
1529 1385 1595 1443 que
1619 1372 1713 1428 hacte-

67 1468 98 1519 et
113 1475 182 1533 pas,
211 1462 296 1519 utait
316 1460 479 1534 Apostolus,
504 1475 522 1517 a
542 1462 600 1519 Deo
618 1461 701 1521 Patre
713 1468 811 1520 nostro
865 1476 921 1520 nus
929 1468 1057 1531 manent,
1068 1459 1176 1532 ingenii
1188 1461 1234 1519 sui
1245 1461 1395 1518 volumina
1409 1459 1536 1532 reliquit,
1553 1473 1713 1533 cognomen

67 1549 337 1609 rinoleanhristo.
865 1567 883 1610 a
910 1551 971 1609 loco
997 1550 1046 1609 cui
1073 1557 1193 1622 praeerat
1212 1550 1365 1621 accipiens.
1398 1554 1566 1622 areopagus
1584 1549 1713 1607 enimest

67 1639 183 1696 eunius
201 1651 285 1695 error
307 1638 414 1696 multos
434 1638 567 1708 introlvit,
577 1646 605 1696 et
620 1639 704 1711 proni
713 1637 811 1695 homi·
865 1641 1044 1699 Athenarum
1059 1640 1152 1708 curia,
1181 1654 1286 1697 nomen
1315 1653 1332 1696 a
1353 1639 1444 1697 llarte
1473 1638 1601 1695 trahens.
1619 1637 1714 1710 Siqui-

67 1726 185 1794 malnm‚
199 1727 315 1786 taciiins
329 1738 379 1797 per
392 1728 701 1797 nnuminlalsitatem,
722 1740 811 1799 qnam
865 1732 930 1789 dem
956 1730 1053 1788 Graece
1079 1730 1248 1805 hlars'aprt
1262 1728 1332 1786 vitta
1348 1728 1560 1800 diciturrttyet.
1578 1749 1593 1778 n
1622 1725 1712 1784 ludu·

67 1815 342 1873 dtosiaveritaten
365 1815 534 1874 trahuntur.
563 1817 629 1873 ldeo
654 1816 718 1873 dico
733 1816 812 1888 qnod
865 1821 918 1878 ctis
941 1820 1050 1892 itaque,
1076 1819 1151 1876 sicut
1173 1818 1388 1890 proposuimus,
1423 1816 1644 1875 auctoritatibus
1663 1827 1714 1872 ea·

67 1905 98 1972 ti,
115 1917 206 1976 quam
223 1912 364 1968 tenemus,
388 1904 504 1962 veritati
518 1905 553 1961 de
570 1905 705 1975 Dionysio
721 1905 811 1963 Areo·
864 1919 942 1973 rum,
959 1903 1239 1975 sicutpromisimus,
1255 1903 1451 1961 diversitatem
1474 1910 1525 1958 aut
1543 1913 1712 1972 repugnan-

67 1991 157 2050 nnins
197 1992 281 2049 Bedae
295 1991 495 2050 auctoritatem
531 2006 674 2065 oppenere
689 1992 809 2051 soleant:
864 1995 934 2052 tiam
968 1992 1192 2050 consideremus.
1235 1991 1380 2049 Videntur
1403 1998 1500 2048 autem
1528 1989 1594 2048 dne
1621 2001 1714 2059 supra

67 2081 161 2149 rihus,
177 2082 230 2154 qui
255 2081 339 2138 nohis
365 2082 473 2151 tavent,
500 2091 551 2140 aut
586 2097 639 2153 per
660 2082 810 2152 malitiam,
863 2083 963 2154 posite
982 2081 1175 2148 auctoritates,
1205 2095 1273 2152 qnae
1295 2080 1349 2137 sihi
1372 2094 1505 2137 consonae
1523 2086 1602 2146 sunt,
1619 2085 1714 2136 aucto·

67 2171 153 2228 tassts
174 2184 225 2242 per
251 2171 458 2243 ignorantiam,
483 2172 652 2229 auctoribus
666 2170 810 2242 postposi-
862 2171 941 2230 citati
978 2170 1061 2228 Eedae
1097 2170 1215 2227 omnino
1258 2169 1419 2227 contrariae.
1456 2169 1501 2225 Ex
1527 2167 1583 2225 iltis
1605 2169 1712 2240 quippe
1764 2194 1769 2209 ι

67 2259 208 2331 aquippa
233 2260 401 2330 Dionysium
428 2261 630 2332 areopagitam
647 2254 810 2318 Corinthio·
826 2297 847 2352 B
865 2269 962 2332 aperte
976 2259 1159 2317 convincitur
1173 2258 1263 2316 alium
1291 2257 1380 2316 luisse
1404 2258 1572 2329 Dionysium
1589 2261 1711 2327 Areopa-

67 2347 210 2418 tiscopum
227 2347 314 2404 tuisse
329 2346 489 2418 profitetur,
512 2349 654 2416 cumalii,
682 2362 809 2420 quorum
865 2352 954 2423 gitam
974 2349 1064 2407 alium
1093 2348 1261 2420 Dionysium
1290 2347 1505 2404 Corinthiorum
1534 2347 1710 2417 episcopum.

67 2435 413 2504 talidiorestauctoritas,
430 2450 497 2493 eum
512 2437 708 2508 potiustuisse
725 2438 811 2496 Athe-
864 2440 948 2508 Nam,
979 2437 1066 2510 juxta
1098 2436 1319 2495 ecclesiasticam
1363 2435 1525 2507 historiam,
1555 2434 1710 2506 Dionysius

67 2538 108 2582 tm
141 2524 297 2581 antistitem
331 2532 475 2595 astruant,
503 2531 530 2582 et
563 2525 682 2584 omnino
719 2525 809 2585 atium
864 2526 1080 2584 Corinthiorum
1116 2525 1268 2597 episcopus
1308 2525 1343 2582 de
1380 2523 1516 2595 Dionysio
1539 2521 1712 2595 areopagita

78 2613 252 2683 Dionysium
289 2614 502 2686 areopagitam,
524 2615 614 2671 alium
640 2615 809 2686 Dionysium
863 2615 1011 2686 scripsisse
1024 2614 1201 2685 perhibetur,
1231 2621 1258 2670 et
1284 2613 1389 2670 ibidem
1406 2612 1560 2683 Dionysius
1581 2611 1711 2682 Areopa·

67 2700 188 2768 tiorum,
203 2702 378 2772 episcopum,
401 2705 462 2759 suis
481 2704 654 2760 convincant
673 2706 809 2762 assertta-
863 2706 923 2776 gito
944 2703 1161 2760 Atheniensium
1191 2702 1279 2759 luisse
1301 2702 1451 2773 episcopus
1465 2701 1639 2773 assignatur.
1652 2699 1710 2756 Nec

74 2787 225 2846 Ponamus
238 2789 526 2862 itaquesingulorum
542 2792 642 2859 verba,
657 2807 691 2849 ac
707 2792 809 2850 deinde
863 2795 960 2850 minus
973 2806 1010 2849 cx
1025 2790 1121 2848 verbis
1142 2791 1309 2862 Hieronymi
1323 2789 1413 2845 alium
1430 2790 1508 2847 hunc
1536 2802 1607 2858 esse,
1620 2803 1709 2861 quam

67 2890 187 2943 aremus,
208 2877 231 2933 si
260 2892 318 2934 non
340 2879 431 2936 solnm
452 2878 579 2948 diversa,
598 2894 700 2938 vertam
722 2883 808 2938 etiam
862 2882 945 2939 illurn
960 2887 1101 2952 apparet·,
1121 2894 1187 2936 cum
1216 2878 1346 2936 videlicet
1361 2879 1437 2935 dicat
1464 2878 1633 2949 Dionysium
1658 2879 1711 2935 Co·

67 2979 86 3022 a
116 2964 239 3022 adversa
276 2966 329 3023 sihi
341 2966 409 3039 sint,
436 2981 470 3025 ac
494 2968 549 3025 sihi
578 2971 694 3039 penitus
720 2985 807 3042 repu-
863 2971 1037 3027 cinthiorum
1051 2967 1216 3041 episcopum
1250 2969 1305 3025 suh
1321 2969 1417 3025 Marco
1431 2967 1709 3025 Antonianethucio

67 3067 92 3110 ι.
123 3053 205 3118 Quod
228 3055 252 3110 si
276 3055 448 3126 uiderimus,
478 3057 809 3129 dijudicemnsauctori·
862 3059 979 3117 Aurelio
991 3058 1138 3116 claruisse.
1166 3057 1402 3129 Constatqnippe
1431 3056 1599 3128 Dionysium
1621 3059 1707 3113 Arco-

67 3155 129 3209 aas,
146 3151 386 3212 ut,cumomnes
410 3145 516 3202 salvari
536 3146 734 3218 convaleant,
761 3149 809 3206 itia
863 3148 998 3221 pogitam
1036 3147 1088 3217 qui
1119 3146 1321 3217 predicatione
1359 3144 1441 3202 Pauli
1469 3159 1627 3203 conversus
1653 3151 1705 3211 est,

67 3238 140 3288 etur
156 3246 224 3302 quae
251 3232 363 3290 minore
377 3234 482 3292 nititur
495 3235 645 3307 dignitate.
662 3237 807 3309 Scriptum
863 3245 990 3308 tempore
1026 3236 1131 3293 Christi
1159 3242 1187 3293 et
1204 3235 1399 3306 apostotorum
1423 3233 1576 3304 exstitisse,
1601 3235 1707 3308 acjam

67 3333 124 3391 qne
157 3321 192 3377 dc
224 3320 278 3378 hoc
308 3321 338 3378 in
360 3323 552 3381 ecclesiastica
578 3326 706 3395 historia,
733 3327 808 3385 tihro
862 3324 1108 3382 virumadultnm
1135 3325 1206 3382 adeo
1234 3325 1332 3392 tuisse,
1352 3332 1386 3382 ut
1409 3337 1534 3382 uxorem
1560 3322 1708 3379 hamarim

67 3409 226 3479 ,capitulo
244 3410 382 3482 vigesimo
408 3413 499 3483 tertio,
526 3413 571 3470 itis
597 3415 694 3472 verbis
710 3429 717 3472 :
732 3416 809 3475 «Ve-
859 3415 1124 3486 jamtuncconstet
1145 3414 1290 3482 hahuisse,
1316 3414 1351 3471 de
1377 3428 1437 3486 qua
1464 3413 1570 3485 pariter
1595 3425 1707 3470 cumen

67 3509 96 3553 m
109 3496 195 3553 nohis
209 3504 251 3555 est
268 3499 383 3555 tandem
399 3501 434 3556 ad
450 3501 524 3558 beati
541 3502 669 3575 Dionysii
685 3517 808 3561 comme·
862 3503 1021 3562 inActiltus
1038 3505 1232 3575 apostotorum
1263 3502 1295 3559 tit
1316 3502 1557 3559 commemoratio.
1575 3501 1657 3560 Unde
1680 3506 1708 3557 et

67 3599 147 3643 anem
161 3586 377 3645 Corinthiorum
400 3589 530 3648 Ecclesiae
558 3592 693 3664 episcopi,
721 3595 805 3666 cujus
821 3590 842 3647 C
860 3594 967 3650 ihidem
990 3593 1130 3663 scriptum
1156 3591 1290 3661 hahetur,
1307 3593 1386 3663 quod
1415 3612 1429 3642 ιι
1445 3591 1565 3663 quidam
1589 3591 1645 3647 viri
1660 3590 1709 3647 ad·

67 3688 122 3731 nne
146 3681 176 3731 et
196 3677 300 3747 gratia,
324 3690 414 3748 quam
446 3679 570 3737 hahebat
598 3681 629 3737 in
645 3682 804 3747 verhohei,
861 3684 1001 3740 herentes
1014 3681 1102 3739 Paulo
1121 3681 1317 3748 crediderunt,
1336 3681 1366 3736 in
1383 3680 1492 3752 quihus
1509 3688 1537 3737 et
1551 3679 1707 3750 Dionysius

67 3770 135 3820 atur
157 3776 216 3819 non
240 3764 270 3820 hi
294 3765 392 3835 populi
422 3775 545 3836 tantum,
570 3784 643 3841 quos
667 3771 806 3842 regendos
859 3770 1040 3842 Areopagita,
1052 3778 1080 3826 et
1095 3770 1199 3827 mulier
1212 3769 1328 3826 nomine
1345 3769 1485 3836 hamaris,
1511 3775 1538 3824 et
1559 3768 1607 3824 alii
1638 3782 1706 3825 cum

67 3859 117 3920 tat,
135 3852 183 3908 sed
202 3859 231 3910 et
247 3854 347 3924 procul
365 3855 459 3926 positi,
486 3856 594 3928 quihus
608 3872 660 3929 per
672 3859 806 3930 epistolas
859 3859 984 3932 eistdet.
1005 3873 1075 3926 xau,
1106 3859 1163 3925 34).
1191 3878 1202 3906 ι
1227 3858 1394 3927 Atempore
1409 3863 1504 3913 autem
1525 3855 1631 3912 Tiberii
1649 3855 1707 3913 Cte-

68 3941 143 3999 tiam
167 3942 212 3999 sui
244 3942 432 4000 reddebat.»
463 3945 565 4002 Exstat
593 3947 718 4019 denique
742 3948 807 4021 ejus
860 3950 943 4019 saris,
960 3949 1015 4006 suh
1035 3963 1093 4018 quo
1113 3946 1253 4003 Dominus
1276 3959 1379 4015 passus
1398 3953 1450 4012 est,
1472 3958 1567 4015 usque
1589 3944 1707 3999 adtem-

67 4044 76 4087 t
90 4030 130 4086 ad
145 4030 378 4089 Lacedaemonios
401 4032 511 4106 scripta
527 4035 561 4091 de
575 4034 722 4093 catholica
738 4037 802 4105 tide,
860 4053 930 4110 pora
945 4038 1147 4110 predictorum
1160 4036 1380 4106 imperatorum,
1396 4034 1451 4091 suh
1465 4032 1573 4105 quihus
1594 4032 1701 4103 Diony·

87 4119 127 4174 ad
153 4119 352 4184 Athenienses,
382 4121 412 4177 in
427 4136 487 4193 qua
516 4123 552 4180 ad
578 4126 727 4198 Evangelii
743 4141 805 4184 cre·
859 4131 920 4186 sius
935 4128 1149 4185 Corinthiorum
1166 4125 1304 4184 claruisse
1332 4125 1448 4195 dicitur,
1474 4124 1600 4197 amplius
1615 4137 1705 4196 qnam

67 4207 261 4265 tminritatet
284 4210 408 4267 concitat
433 4212 567 4270 seniores.
585 4215 618 4269 Et
632 4214 702 4270 illud
727 4216 805 4273 desi·
859 4225 975 4275 centum
1002 4219 1155 4289 sexaginta
1191 4230 1282 4273 annos
1314 4216 1518 4272 chronicorum
1537 4213 1705 4286 supputatio

67 4296 189 4353 teadem
216 4299 348 4368 epistota,
373 4300 451 4371 quod
481 4301 636 4373 hionysius
653 4304 805 4377 Areopagi·
859 4306 995 4378 assignat,
1010 4315 1042 4363 ot
1057 4319 1245 4376 nequaquam
1266 4305 1475 4376 tautotempori
1498 4304 1558 4361 rita
1575 4300 1706 4376 praedicti

67 4386 125 4442 iah
138 4387 265 4457 apostolo
290 4390 377 4446 Paulo
392 4389 553 4448 instructus
580 4393 701 4449 credidit
724 4393 805 4450 Chri·
859 4395 914 4451 viri
935 4394 1088 4451 sufficeret.
1106 4394 1250 4465 Scriptum
1264 4394 1370 4466 qnippe
1379 4401 1421 4450 est
1440 4393 1470 4449 in
1486 4393 1627 4451 Psalmis:
1647 4413 1658 4443 ι
1677 4390 1705 4447 Si

68 4474 182 4532 undum
199 4489 242 4544 ea,
259 4477 370 4547 quaein
398 4479 592 4548 apostolorum
612 4482 733 4539 Actibus
754 4483 803 4540 de·
858 4491 955 4541 autem
987 4484 1015 4539 in
1040 4483 1234 4553 potentatibus
1261 4482 1408 4556 octoginta
1431 4482 1513 4550 anni,
1530 4488 1558 4539 et
1580 4479 1705 4552 amplius

67 4575 119 4631 nr,
141 4563 253 4634 primns
268 4566 345 4637 apud
356 4565 484 4624 Athenas
499 4569 535 4626 ah
553 4570 652 4627 eodem
668 4571 803 4643 Apostoto
857 4586 958 4630 eorum
973 4570 1093 4628 laboret
1116 4571 1201 4628 dolor
1215 4571 1224 4643 (
1236 4572 1309 4627 Psoi.
1334 4585 1451 4640 cxxxix,
1471 4571 1524 4643 to).
1537 4590 1552 4620 »
1575 4569 1620 4625 Ex
1644 4581 1703 4640 qno

67 4663 103 4708 na
145 4650 229 4710 tuerit
265 4654 425 4712 ordinatus.
457 4655 511 4714 Sed
544 4666 572 4715 et
609 4659 801 4731 hieronymus
858 4660 968 4730 liquide
1006 4660 1153 4732 colligitur
1180 4659 1270 4717 atium
1303 4660 1471 4732 Dionysium
1497 4656 1703 4730 Areopagitam

67 4753 163 4812 qnam,
189 4741 321 4800 Ecclesia
349 4743 448 4802 doctor
470 4747 605 4818 egregins
631 4761 719 4818 super
748 4748 804 4806 hoc
858 4748 947 4806 alium
964 4748 1132 4821 Dionysium
1151 4749 1365 4806 corinthiorum
1387 4747 1552 4819 episcopum
1579 4745 1705 4803 exstitis-

67 4826 144 4885 lihru
160 4830 199 4885 De
213 4829 373 4889 illustribus
389 4832 460 4890 viris
481 4836 520 4891 ita
534 4836 686 4894 meminit:
710 4839 897 4922 uilio-nse.
922 4840 1017 4910 Atque
1047 4839 1088 4895 ita
1125 4837 1328 4909 praedictorum
1360 4844 1512 4894 auctorum
1542 4834 1701 4905 sententiis,

68 4915 284 4975 Corinthiorum
308 4920 444 4978 Ecclesiae
461 4923 612 4994 episcopus
641 4932 727 4983 tantae
742 4927 803 4983 elo·
859 4927 941 4984 Bedae
967 4927 1122 4985 refellimus
1144 4927 1308 4999 opinionem
1334 4925 1520 4997 :praesertim
1547 4938 1613 4981 cum
1628 4932 1655 4982 et
1670 4925 1703 4982 il·

67 5003 186 5062 eluitet
202 5007 359 5077 industriae,
377 5017 409 5066 ut
427 5024 485 5067 non
505 5013 598 5069 sotum
619 5028 679 5071 snae
701 5014 801 5073 cirita·
858 5015 954 5074 lorum
968 5015 1052 5088 longe
1067 5015 1184 5088 gravior
1198 5015 1354 5072 auctoritas
1366 5014 1413 5080 sit,
1427 5013 1494 5070 etin
1510 5027 1558 5071 ore
1576 5014 1701 5072 duorum

66 5094 224 5163 provincias
250 5097 380 5168 populos,
411 5099 460 5155 sed
485 5099 607 5158 aliarum
637 5104 804 5174 provincia·
856 5106 1050 5176 potiusquam
1072 5107 1161 5162 unius
1185 5112 1261 5161 stare
1283 5103 1407 5161 verbum
1426 5105 1587 5162 conveniat.
1603 5104 1644 5161 Ad
1657 5119 1702 5162 ec·

90 5180 213 5240 urbium
248 5184 374 5254 epistolis
397 5188 535 5246 erudiret.
563 5192 585 5247 E
615 5191 724 5263 quihus
742 5207 803 5251 una
856 5194 1044 5251 ctesiasticam
1081 5208 1189 5266 qnippe
1216 5193 1378 5261 Historiam,
1404 5192 1488 5266 quasi
1523 5194 1649 5266 primum
1672 5202 1701 5253 et

67 5269 296 5338 acedaamonios,
316 5275 352 5330 ad
364 5277 561 5346 Athenienses,
580 5300 591 5328 ι
609 5288 662 5338 etc.
689 5283 724 5338 Et
739 5292 803 5354 post
856 5284 1017 5340 marimum
1059 5282 1316 5340 ecclesiastieorum
1351 5291 1497 5356 gestorum
1528 5284 1701 5341 tundamen-

84 5380 96 5408 ι
120 5358 231 5417 claruit
252 5360 307 5418 suh
332 5363 506 5433 imperatore
539 5367 802 5429 hermanarico
855 5378 929 5440 tum,
942 5379 1001 5429 tam
1031 5372 1136 5428 Bedam
1151 5386 1240 5443 quam
1259 5382 1376 5430 ceteros
1397 5375 1548 5446 scriptores
1564 5373 1702 5431 ecclesia-

79 5446 172 5506 anio
190 5448 309 5507 Aurelio
333 5450 498 5512 commodo.
522 5474 538 5505 a
562 5456 647 5515 Nunc
668 5461 697 5516 et
711 5458 802 5532 ipsius
856 5460 941 5520 sticos
965 5474 1113 5520 recurrere
1148 5469 1261 5521 certum
1286 5469 1338 5522 est.
1366 5463 1440 5532 Quid
1466 5463 1564 5535 itaque
1587 5463 1702 5520 videtur

67 5537 158 5598 reba
184 5550 337 5613 ponamus,
370 5543 422 5616 qni
447 5544 652 5618 explanatione
670 5548 796 5610 actuum
856 5549 910 5609 tihi
925 5550 1099 5624 respondere
1119 5564 1201 5623 posse
1215 5550 1533 5625 suarattaratae
1554 5550 1699 5611 eiadaer-
