3804 5962
136 181 190 240 aea
597 179 698 240 emur
716 179 906 240 canumet
921 178 999 239 eur.
1020 176 1110 238 uuus
1128 179 1150 237 ι.
1170 208 1205 224 -
1223 180 1415 241 nursreun.
1658 244 1663 257 ,
1833 183 1889 241 sos

138 306 215 377 beat,
230 302 280 364 sed
304 301 384 377 qued
396 302 485 362 soleat
505 304 693 364 attendentes.
723 305 807 376 Cum,
830 313 863 365 ut
885 306 987 365 beatus
1000 304 1027 365 Α
1040 319 1130 379 quam
1154 306 1184 363 iu
1204 306 1322 365 miseria
1340 313 1501 365 consortem
1520 307 1634 367 habere.
1658 307 1694 366 Ει
1708 308 1890 381 quicumque

137 396 225 455 etiam
247 393 378 453 meminit
399 394 582 466 Augustinus
604 395 674 467 (ιι),
694 395 836 453 Dominus
856 395 981 454 dixerit:
1037 394 1122 452 amici
1135 395 1288 467 prasentia
1301 395 1462 468 plurimum
1483 396 1655 468 oblectatur,
1675 397 1768 470 magis
1791 405 1887 456 tamen

140 485 231 557 «Ego
245 498 313 541 sum
330 483 438 542 veritas
457 482 546 553 (Jeeo.
568 497 628 550 xiv,
655 485 740 555 le),»
764 498 822 542 nen
846 498 900 558 ege
918 498 984 542 sum
1037 484 1150 541 beatam
1165 498 1225 542 esse
1239 485 1303 544 ruit
1320 487 1383 557 ejus
1405 485 1565 543 absentiam
1586 500 1677 558 quam
1701 486 1886 558 presentiam

137 572 324 632 cousuetudo.
339 573 449 629 Horum
469 571 658 639 orationibus,
674 587 741 644 quaa
760 581 858 645 aperto
877 573 985 631 scilieet
1037 572 1181 630 miseram.
1205 575 1278 640 Quia
1292 573 1401 646 quibus
1425 573 1580 631 subvenire
1601 588 1660 632 non
1679 573 1758 632 valet
1781 589 1888 633 acrum·

139 662 214 720 liunt
232 662 314 729 ostie,
338 661 390 733 qui
409 659 533 719 voluerit
546 673 578 718 se
592 662 783 719 commendet.
809 662 867 722 Vos
888 671 985 721 autem
1037 661 1093 724 uis,
1118 662 1239 720 tolerare
1260 677 1319 721 nen
1346 670 1446 735 potest.
1471 663 1534 721 Tibi
1550 676 1619 720 vero
1642 677 1696 721 nec
1716 665 1817 720 nostra
1838 662 1884 721 vel

139 765 206 823 quac
218 749 248 807 iu
266 749 434 807 cubiculum
451 747 572 807 coelestis
589 750 666 823 regis
684 751 795 822 abipso
813 751 984 810 introducis
1037 750 1123 808 etiam
1138 752 1243 808 misera
1259 764 1427 809 eoncessum
1446 759 1488 808 cst
1504 751 1564 810 irui
1578 751 1741 823 presentia.
1760 750 1886 810 Necubi

139 844 228 910 atque
241 839 272 896 iu
285 839 349 911 ejus
361 837 544 910 amplexibus
557 840 744 910 quiescentes,
760 839 858 898 clause
872 855 986 912 semper
1037 840 1096 897 tuis
1109 838 1140 895 iu
1154 854 1199 897 me
1213 841 1369 898 commodis
1383 839 1494 912 aliquid
1514 840 1676 912 provideas,
1696 855 1749 898 cur
1764 854 1811 897 me
1834 840 1889 896 mi·

138 927 210 986 ostio
223 927 324 985 eitotae
345 927 464 994 vacatis,
480 935 591 998 quanto
604 927 777 986 familiarius
808 929 835 986 ci
856 928 985 987 adbaere·
1037 929 1155 986 serrime
1172 928 1271 986 rivere
1287 928 1371 986 malis
1390 942 1479 1001 quam
1495 928 1606 987 ielicius
1625 929 1699 987 mori
1718 943 1777 987 non
1791 928 1886 986 video.

138 1017 186 1087 tis,
211 1018 297 1089 juxta
323 1015 395 1073 illud
424 1014 569 1088 Apostoli:
600 1016 685 1085 «Qui
712 1018 839 1075 adbaeret
864 1018 984 1077 bomine
1037 1017 1119 1082 Quod
1139 1016 1163 1074 si
1189 1026 1303 1075 uestras
1321 1017 1453 1089 protendi
1474 1017 1605 1075 miserias
1621 1018 1651 1074 iu
1667 1018 1816 1075 commoda
1835 1023 1888 1074 tua

139 1104 601 1176 unusspiritusest(icer.v1,
630 1105 710 1179 ιιι»
740 1113 819 1164 tante
838 1108 985 1179 puriorem
1038 1104 1191 1174 desideras,
1221 1106 1311 1164 bostis
1337 1106 1434 1178 potius
1461 1119 1551 1178 quam
1575 1105 1668 1163 amica
1695 1103 1886 1163 convinceris.

138 1202 167 1253 et
188 1193 375 1251 etiicacierem
395 1192 502 1250 babere
522 1194 694 1253 confidimus
711 1196 881 1267 orationem,
905 1204 933 1253 et
947 1196 984 1253 ob
1037 1192 1118 1261 Quod
1133 1194 1158 1251 si
1181 1195 1272 1252 videri
1294 1195 1413 1268 rciugis,
1438 1194 1475 1253 ab
1495 1195 1540 1252 bie
1564 1195 1690 1260 obsecro,
1716 1195 1790 1252 sicut
1812 1193 1886 1261 dixi,

138 1285 193 1340 boc
220 1280 422 1339 vehementius
449 1295 551 1340 earum
576 1283 770 1357 efflagitamus
793 1299 888 1356 opem.
908 1285 985 1354 Quas
1038 1281 1153 1354 quiesce
1168 1281 1367 1354 querimoniis.

137 1371 225 1429 etiam
249 1378 329 1428 tanto
353 1371 485 1429 devotius
507 1386 558 1442 pre
580 1386 626 1430 me
644 1372 791 1431 iaciendas
811 1388 873 1432 csse
893 1374 986 1432 credi·
1073 1371 1209 1442 Apprebo
1223 1379 1331 1441 aumm,
1347 1372 1427 1444 quod
1442 1373 1590 1444 reprobas,
1609 1370 1741 1439 iaudem;
1760 1371 1830 1443 quia
1853 1371 1885 1428 iu

138 1473 214 1528 mus,
227 1468 338 1532 quanto
354 1460 467 1531 majore
485 1475 537 1518 nos
557 1460 680 1520 invicem
701 1463 840 1521 charitate
858 1462 985 1537 colligati
1039 1459 1093 1517 boc
1119 1460 1181 1531 ipso
1206 1468 1233 1519 te
1256 1460 1475 1520 laudabiliorem
1503 1461 1638 1519 ostendis.
1667 1461 1813 1532 Scriptum
1842 1467 1886 1518 est

137 1562 249 1607 sumus.
1038 1550 1131 1607 euim:
1149 1551 1273 1608 «iustus
1286 1551 1317 1608 in
1330 1551 1487 1622 primordie
1506 1559 1656 1607 accusator
1671 1558 1713 1607 est
1732 1550 1778 1607 sui
1793 1551 1886 1621 (Pron

173 1635 255 1704 Quod
277 1649 346 1695 vere
365 1638 513 1696 mentione
528 1637 649 1709 periculi
672 1640 704 1697 in
727 1655 786 1713 quo
808 1640 918 1711 labore,
939 1639 986 1699 vel
1039 1652 1123 1707 xvru,
1159 1641 1218 1711 lt);
1244 1659 1256 1689 ι
1287 1647 1334 1696 et:
1364 1661 1375 1689 ι
1401 1637 1455 1706 Qui
1488 1652 1518 1695 se
1549 1637 1695 1705 humiliat,
1729 1651 1759 1694 se
1777 1638 1889 1695 exaltat

138 1725 239 1783 mortis
252 1739 343 1797 quam
357 1727 453 1797 timeo,
468 1740 520 1785 vos
539 1728 691 1798 commovi,
702 1729 789 1801 juxta
804 1731 896 1802 ipsam
909 1744 986 1801 quo·
1040 1726 1117 1797 (buc.
1138 1741 1219 1794 xum,
1242 1728 1296 1798 ιι).
1319 1745 1334 1780 s
1359 1726 1454 1799 Atque
1478 1725 1592 1784 utinam
1612 1726 1654 1783 sic
1677 1725 1713 1782 sit
1736 1725 1767 1781 in
1789 1725 1888 1784 anime

139 1828 198 1886 que
217 1821 299 1872 tuam
313 1814 422 1873 iactum
436 1823 479 1874 est
491 1816 732 1886 exhortationem,
759 1819 817 1876 imo
837 1819 923 1876 etiam
938 1819 988 1877 ad·
1040 1820 1090 1872 tuo
1108 1814 1182 1874 sicut
1195 1816 1225 1872 in
1239 1815 1363 1887 seriptel
1380 1816 1462 1882 Quod
1484 1814 1618 1883 siluerit,
1641 1828 1712 1872 vera
1724 1822 1768 1872 est
1792 1814 1889 1873 humi.

136 1902 323 1974 jurationem.
342 1903 478 1962 Siccuim
493 1905 598 1977 prima,
616 1907 757 1979 quemad
776 1922 822 1965 me
843 1908 985 1978 direxisti,
1040 1903 1178 1973 liusena,
1192 1919 1228 1962 110
1251 1919 1304 1977 bro
1320 1904 1425 1962 nostrii
1446 1904 1598 1962 evanuerit
1616 1903 1721 1963 verbis·
1741 1903 1794 1960 Sed
1808 1903 1887 1971 vido,

139 1993 266 2064 quedam
282 1992 343 2050 loco
361 1994 488 2052 continet
506 1994 645 2066 epistola:
673 1995 754 2053 «Per
771 1996 869 2068 ipsum
888 1997 987 2070 itaque
1039 1993 1165 2063 ebsecro,
1196 2008 1232 2051 ne
1251 1994 1306 2051 boc
1324 1994 1385 2067 ipso
1409 1993 1523 2051 laudem
1550 2007 1664 2065 quaeras
1688 2006 1746 2064 quo
1770 1991 1889 2050 laudem

140 2080 192 2152 qui
208 2088 233 2137 tc
251 2080 305 2137 sibi
326 2081 423 2138 adhuc
445 2096 564 2154 quoque
586 2084 670 2141 mede
694 2087 816 2158 protegit
837 2086 986 2144 Christum
1039 2081 1139 2154 lugere
1159 2082 1276 2151 videris,
1294 2092 1322 2141 ct
1341 2083 1477 2155 reprobes
1500 2081 1572 2139 illud
1597 2096 1646 2139 ore
1668 2082 1748 2153 qued
1770 2088 1888 2151 appetas

138 2169 333 2239 obsecramus,
349 2173 495 2242 quatenus
518 2171 669 2230 ancillulas
683 2173 772 2244 ipsius
786 2182 814 2231 et
837 2182 902 2233 tuas
921 2189 986 2232 cre-
1038 2170 1132 2226 verde.
1163 2171 1202 2228 be
1229 2173 1347 2243 quoad
1375 2171 1564 2229 Eustochium
1588 2170 1732 2244 virginem
1754 2169 1795 2226 sie
1811 2170 1889 2226 inter

140 2259 200 2315 brie
219 2257 320 2315 litteris
338 2258 374 2315 de
387 2259 441 2326 bie,
456 2259 485 2315 in
501 2260 609 2332 quibus
630 2262 728 2319 adbuc
754 2262 889 2331 ducenas,
914 2277 986 2322 nau·
1038 2265 1142 2314 cetera
1155 2259 1256 2317 beatus
1266 2259 1365 2318 scribit
1389 2259 1582 2330 Hieronymus
1603 2258 1693 2331 (epist.
1714 2258 1780 2329 eet:
1800 2256 1888 2313 ’Na-

139 2348 240 2422 iragiis
261 2348 419 2407 certificare
437 2349 584 2422 digneris;
603 2359 636 2409 ut
658 2366 711 2409 nos
728 2354 829 2410 saltem
849 2368 916 2426 qua
931 2354 985 2412 tibi
1038 2346 1126 2404 turali
1145 2348 1281 2406 ducimur
1299 2348 1384 2406 malo.
1410 2347 1616 2406 Adulateribus
1636 2346 1740 2404 nestris
1762 2346 1886 2403 libenter

140 2438 207 2496 selae
223 2437 425 2506 remansimus,
442 2437 549 2496 doloris
570 2439 616 2498 vel
631 2441 732 2513 gaudii
756 2442 908 2515 participes
928 2444 984 2501 ba·
1037 2435 1179 2506 fetemus.
1196 2441 1225 2495 02
1238 2451 1410 2510 (tuentium
1433 2452 1486 2494 ¹¹⁰⁸
1501 2436 1724 2509 respondeamus
1740 2433 1886 2507 indlssmsss

139 2527 218 2584 beas.
234 2527 330 2585 Solent
354 2526 432 2585 enim
446 2526 553 2584 delenti
575 2529 746 2587 nonnullam
760 2529 863 2589 afferre
884 2547 985 2591 consq-
1037 2532 1065 2582 et
1079 2525 1209 2583 callidior
1223 2527 1313 2585 rubor
1332 2541 1384 2584 ora
1400 2525 1560 2595 sullundat,
1576 2532 1703 2583 attamen
1717 2523 1754 2580 ad
1769 2523 1887 2582 laudem

140 2616 276 2673 lationem
293 2616 345 2688 qui
363 2615 526 2674 condolent.
542 2618 578 2675 Et
595 2619 741 2690 quodlibet
756 2635 831 2678 onus
852 2620 986 2693 pluribus
1038 2628 1122 2672 suam
1160 2615 1334 2674 intrinsecus
1374 2616 1472 2672 anima
1514 2614 1637 2672 letatur.
1672 2633 1687 2664 »ι
1725 2611 1822 2668 Talem
1857 2619 1887 2669 et

139 2704 304 2777 impositum
327 2704 420 2762 levius
444 2705 605 2765 sustinetur
632 2707 883 2769 suaderemus.»
910 2711 986 2780 Quid
1039 2701 1153 2761 lascivae
1185 2703 1368 2760 calliditatem
1401 2702 1545 2760 Galaticae
1576 2699 1716 2772 Virgilius
1738 2698 1886 2768 describit,

139 2795 230 2867 igitur
248 2794 347 2866 arguis
377 2795 456 2867 qued
478 2810 529 2854 uos
553 2796 708 2855 anxietatis
734 2814 804 2857 meae
832 2801 986 2872 participes
1038 2806 1105 2862 (ιιιθ
1129 2793 1207 2864 quod
1233 2793 1346 2850 V010b³²
1370 2791 1507 2864 ῐΰεῑθῦᾱθ
1530 2787 1691 2860 appetebat,
1715 2793 1742 2843 θῑ
1767 2787 1887 2843 Simul&

139 2884 202 2953 ieci,
225 2883 261 2940 ad
285 2883 363 2953 quod
378 2897 424 2939 me
446 2883 609 2953 adjurando
634 2887 821 2959 compulisti?
843 2888 984 2962 Nunquid
1000 2892 1022 2949 c
1039 2881 1115 2938 tione
1137 2880 1261 2952 repulsa
1288 2879 1414 2952 amplius
1440 2880 1470 2936 in
1497 2893 1527 2936 sc
1555 2885 1700 2935 amantem
1726 2874 1885 2931 incitabat:

139 2972 170 3028 iu
197 2978 279 3029 muta
305 2970 382 3039 vitae,
408 2984 468 3043 qua
490 2973 614 3040 crucier,
639 2974 836 3045 desperatione
858 2979 984 3049 gaudere
1092 2973 1128 3026 Ει
1140 2971 1266 3041 ιιιίιαᾶ
1283 2971 1389 3039 salim,
1405 2969 1512 3041 inquit,
1525 2973 1550 3022 ιι
1569 2982 1597 3022 ⁸0
1611 2969 1687 3036 ⁶¹⁸1)st
1708 2969 1772 3020 “lte
1785 2965 1885 3020 otdert.

138 3075 192 3118 vos
205 3059 361 3117 convenit?
375 3059 433 3116 Nec
447 3059 553 3117 doloris
572 3062 667 3130 sociae,
686 3064 734 3120 sod
750 3066 848 3137 gaudit
870 3075 984 3126 tautum
1271 3058 1405 3127 (vincis,
1426 3058 1517 3126 Εΰῑθιι·
1537 3069 1578 3124 ¹1¹,
1593 3054 1653 3126 Ἡ·)

138 3147 227 3204 vultis
249 3160 329 3215 esse;
357 3161 411 3203 nee
439 3146 506 3204 llere
527 3162 594 3205 cum
618 3148 764 3219 flentibus,
787 3152 836 3209 sed
858 3155 985 3226 gaudere
1038 3146 1201 3220 Antequam
1216 3146 1302 3205 lateat
1325 3148 1405 3218 cupit
1424 3161 1454 3203 sc
1473 3144 1630 3217 lugientem
1649 3141 1753 3210 uideri,
1774 3147 1806 3199 ut
1821 3140 1884 3212 ipsa

138 3250 206 3293 eum
221 3234 540 3308 gaudentibusiilulla
553 3238 646 3307 major
657 3252 793 3298 verorum
807 3249 835 3298 et
845 3242 984 3302 tatsorum
1038 3235 1118 3307 1⁰8³,
1148 3248 1209 3308 (ιιι
1236 3234 1391 3307 rebrobare
1415 3233 1592 3291 ⁰⁰1¹⁸0rli¹1111
1621 3230 1738 3301 juvenis
1767 3229 1884 3286 videtur

138 3324 300 3381 differentia
324 3327 368 3381 est
390 3324 560 3394 amicorum,
589 3341 679 3398 quam
701 3330 778 3400 qued
798 3331 838 3388 illi
855 3333 984 3390 adversi·
1037 3321 1162 3392 ami>lius
1184 3323 1325 3394 ιο(ιῑῑίΐὸι
1343 3322 1390 3379 Sic
1407 3329 1436 3379 θῐ
1451 3320 1550 3378 landes
1576 3317 1811 3376 ¹1⁰¹¹¹l¹1¹¹¹1¹d¹¹¹¹¹
1835 3316 1882 3373 ¹¹¹·

137 3415 198 3482 tati,
219 3413 266 3471 isti
290 3413 473 3484 prosperitati
498 3427 527 3471 se
550 3414 669 3472 sociant.
696 3416 826 3488 Quiesce,
851 3420 982 3492 ebsecro,
1037 3424 1103 3482 8⁰¹0
1117 3411 1261 3480 videmur»
1281 3411 1407 3483 amplius
1424 3425 1495 3483 “8²
1514 3423 1568 3466 ¹¹0⁸
1581 3408 1754 3474 wilffinus,
1768 3412 1796 3461 et
1815 3418 1883 3460 cum

137 3501 233 3560 abluis
256 3501 350 3569 dictis,
364 3509 393 3558 et
408 3501 576 3574 huiusmodi
603 3505 801 3576 querimonias
826 3523 981 3580 compesce,
1036 3499 1124 3559 latere
1138 3515 1190 3559 uos
1204 3502 1277 3560 uelle
1295 3501 1478 3569 simulamus,
1495 3513 1530 3555 ue
1546 3498 1613 3570 quis
1634 3496 1740 3553 scilicet
1755 3495 1784 3550 in
1799 3491 1883 3551 nobis

136 3605 204 3662 quac
221 3604 240 3647 a
258 3590 420 3649 visceribus
445 3590 594 3648 eharitatis
628 3592 771 3651 absistunt
805 3595 980 3668 longissime.
1035 3594 1107 3665 quid
1130 3593 1227 3651 laudet
1252 3595 1401 3664 agnoscat,
1423 3587 1547 3660 amplius
1562 3586 1737 3644 attendimus
1757 3581 1805 3655 [at.
1830 3595 1882 3638 ac-

135 3679 195 3738 Aut
209 3680 233 3737 si
253 3680 349 3737 adbuc
368 3679 399 3736 in
423 3679 470 3736 bis
489 3678 651 3748 offenderis,
668 3696 713 3738 me
734 3690 830 3740 tamen
850 3685 881 3741 iu
902 3694 981 3745 tante
1034 3679 1198 3755 sendimus]
1213 3682 1243 3740 in
1267 3681 1382 3739 laudem
1403 3683 1530 3736 nostram
1547 3676 1743 3747 imprudentes
1757 3672 1806 3743 [ot.
1824 3671 1882 3726 im-

134 3768 255 3840 periculi
271 3769 396 3840 positum
411 3766 544 3836 articulo,
559 3776 587 3825 ct
601 3770 771 3840 quotidiana
785 3771 982 3845 desperatione
1034 3767 1196 3840 pudentesb
1210 3766 1281 3839 (tilia
1296 3781 1330 3824 0⁰
1344 3764 1430 3823 1²⁰⁶ss
1444 3762 1579 3821 videmur
1597 3760 1752 3832 ‘lidum-
1768 3757 1803 3813 Εἴ
1819 3756 1881 3812 ¹¹³³ss

91 3909 97 3933 ξ
134 3856 210 3925 ritae,
237 3857 273 3914 de
303 3857 396 3915 salute
424 3858 530 3915 animae
559 3858 712 3916 sollicitum
743 3874 805 3917 esse
835 3863 978 3935 convenit,
1035 3858 1153 3930 quidem
1173 3856 1244 3928 quia
1266 3869 1340 3927 saepe
1364 3853 1500 3912 accidunt
1518 3849 1653 3918 dicimus,
1679 3862 1737 3905 neu
1752 3846 1823 3919 quia
1845 3846 1881 3904 de

133 3947 210 4005 etde
225 3946 297 4018 ipsa,
320 3948 390 4004 dum
406 3947 480 4018 licet,
502 3948 663 4018 providere.
684 3949 740 4006 Nec
754 3959 796 4019 tu,
812 3950 835 4006 si
854 3965 900 4009 me
913 3965 981 4010 uere
1033 3954 1061 4005 te
1075 3946 1144 4004 talia
1157 3947 1346 4017 suspicemur,
1365 3943 1417 4016 qui
1438 3943 1474 4000 de
1492 3948 1542 3998 tua
1558 3953 1615 3996 uou
1638 3937 1804 3995 haesitamus
1827 3936 1881 3993 bu-

131 4034 238 4108 diligis,
261 4035 337 4092 hauc
361 4049 477 4092 exosam
501 4036 711 4108 providentiam
737 4038 868 4097 babebis.
892 4040 979 4109 Quin·
1034 4036 1162 4093 militate.
1178 4035 1232 4093 Sed
1246 4034 1283 4092 ab
1298 4033 1344 4090 bis
1359 4032 1445 4089 etiam
1461 4028 1557 4087 verbis
1572 4034 1598 4085 te
1613 4035 1772 4098 temperare
1790 4025 1879 4081 velu-

132 4123 229 4190 etiam,
243 4123 267 4178 si
282 4136 371 4194 quam
386 4122 421 4178 de
434 4123 539 4180 devina
548 4138 619 4197 erga
630 4138 675 4181 me
691 4127 887 4185 mesiricordia
899 4143 978 4200 spem
1032 4140 1107 4194 mus,
1124 4138 1160 4182 ue
1174 4124 1220 4181 bis
1234 4123 1286 4195 qui
1305 4131 1332 4180 te
1347 4121 1444 4178 minus
1466 4117 1600 4176 neverint
1621 4115 1756 4184 videaris,
1781 4121 1815 4171 ut
1839 4114 1878 4172 ait

131 4210 261 4280 haberes,
275 4217 355 4266 tanto
370 4210 495 4282 amplius
509 4211 545 4268 ab
561 4212 650 4285 hujus
665 4215 731 4271 vitae
749 4219 889 4274 aerumnis
906 4217 1015 4306 libe-n
1032 4214 1223 4285 Hieronymus
1238 4211 1332 4282 (epist.
1345 4210 1403 4282 ιι),
1430 4208 1567 4280 iugicude
1591 4205 1715 4279 gloriam
1734 4216 1875 4276 quaerere.

131 4297 192 4354 rari
212 4311 257 4354 me
277 4311 406 4368 cuperes,
435 4306 545 4370 quanto
573 4313 622 4356 eas
647 4302 787 4373 conspicis
811 4304 976 4363 intolerabi·
1031 4303 1189 4375 Nunquam
1205 4310 1232 4360 te
1246 4314 1310 4358 mea
1327 4299 1392 4356 iaus
1408 4297 1531 4365 inflabit,
1546 4295 1597 4352 sed
1614 4294 1651 4351 ad
1673 4293 1792 4351 meliora
1811 4305 1877 4363 pro·

130 4384 224 4443 lieres.
239 4383 356 4442 Certum
376 4385 547 4458 quippetibi
563 4390 698 4460 estquod
717 4391 851 4464 quisquis
868 4394 905 4451 ab
924 4395 978 4453 bac
1031 4392 1152 4462 vocabit,
1177 4398 1205 4449 et
1220 4396 1299 4448 tanto
1323 4387 1480 4446 studiosius
1499 4400 1565 4458 quac
1587 4384 1745 4442 laudavere
1767 4379 1875 4452 ample·

130 4475 250 4534 vitame
264 4474 375 4543 liberet,
392 4489 409 4532 a
425 4477 561 4534 maximis
580 4479 674 4550 poenis
696 4489 787 4539 eruet.
810 4482 888 4551 Quas
903 4491 977 4555 post-
1029 4481 1124 4552 cteris,
1141 4486 1251 4552 quante
1268 4477 1338 4535 mibi
1352 4476 1478 4548 amplius
1495 4475 1608 4548 placere
1621 4471 1737 4545 satagis.
1757 4470 1820 4528 Nou
1833 4476 1877 4527 est

128 4578 164 4622 ca
186 4565 336 4624 incurram
359 4565 502 4625 incertum
528 4574 582 4635 est,
608 4569 656 4625 sed
671 4582 688 4625 a
702 4571 821 4641 quantis
841 4572 976 4631 absolvar
1029 4570 1094 4628 laus
1116 4575 1214 4627 nestra
1229 4566 1425 4625 testimouium
1438 4563 1490 4623 tibi
1513 4563 1670 4635 religionis,
1685 4569 1719 4620 ut
1733 4559 1801 4616 biuc
1819 4557 1876 4616 ali-

127 4654 250 4714 dubium
273 4670 331 4712 uon
350 4662 402 4713 cst.
419 4655 518 4715 Omnis
536 4657 598 4715 rita
619 4659 725 4716 misera
740 4660 906 4732 jucundum
920 4678 975 4721 ex·
1029 4660 1100 4733 quid
1127 4657 1300 4716 extollentiae
1337 4669 1445 4714 sumas.
1473 4654 1532 4712 Nee
1559 4654 1595 4711 de
1629 4648 1876 4710 commendatione

126 4746 200 4803 itum
212 4744 307 4814 babet,
325 4753 358 4804 ut
371 4745 550 4819 quicumque
562 4747 686 4806 aliorum
702 4750 898 4808 anxietatibus
908 4764 976 4810 vere
1028 4748 1204 4820 cuiusquam
1219 4744 1321 4803 amieis
1334 4744 1512 4802 eredendum
1528 4749 1580 4813 est,
1596 4741 1670 4799 sicut
1685 4753 1737 4798 uec
1750 4736 1876 4796 inimicis

125 4835 352 4905 compatiuntur,
369 4843 398 4892 ct
420 4835 581 4906 condolent,
596 4850 646 4894 cas
665 4835 742 4894 liniri
761 4838 931 4909 desiderant,
947 4848 974 4900 et
1027 4835 1293 4906 deuituperatioue.

125 4933 193 4976 cum
203 4920 317 4979 damnis
334 4923 421 4981 etiam
435 4924 506 4995 suis,
529 4925 641 4997 siquos
664 4926 769 4983 auxios
792 4928 891 4985 vident
907 4943 974 4986 vere
1062 4926 1197 4998 Superest
1221 4924 1336 4982 taudem
1352 4926 1386 4982 ut
1410 4924 1448 4981 ad
1462 4922 1614 4994 antiquam
1638 4917 1728 4982 illam,
1752 4925 1784 4974 ut
1800 4915 1875 4974 dixi·

12 5008 16 5027 ¹
124 5007 260 5080 diligunt,
285 5021 412 5070 nectam
434 5015 584 5072 commoda
602 5015 720 5086 propria
744 5030 833 5088 quam
856 5016 972 5077 illorum
1027 5030 1104 5085 mus,
1129 5022 1159 5073 et
1187 5014 1334 5073 assiduam
1361 5013 1574 5086 querimoniam
1600 5016 1684 5067 tuam
1710 5006 1874 5078 veniamus,

124 5098 155 5156 iu
169 5097 239 5168 ipsis
252 5100 415 5158 attendunt.
438 5104 482 5159 Sic
496 5104 547 5161 diu
562 5103 750 5176 languentem
770 5105 863 5165 illium
880 5115 973 5166 mater
1026 5104 1250 5178 quiavidclicct
1268 5104 1304 5162 de
1326 5110 1432 5161 uestra
1457 5099 1653 5159 conversionis
1675 5097 1759 5155 modo
1781 5096 1873 5154 ileum

123 5186 209 5245 etiam
226 5195 318 5246 morte
338 5187 507 5262 languorem
528 5192 611 5251 finire
633 5192 783 5263 desiderat,
803 5211 891 5268 quem
905 5199 972 5256 tole
1025 5195 1122 5267 potius
1154 5206 1290 5252 accusare
1320 5190 1480 5265 praesumis,
1516 5202 1608 5261 quam
1638 5187 1808 5262 glorificare,
1841 5192 1874 5243 ut

122 5289 189 5334 rare
212 5276 276 5348 ipsa
296 5291 355 5335 non
379 5286 529 5349 potesta
551 5296 586 5339 ee
610 5281 705 5354 potius
727 5285 824 5343 orbari
848 5287 970 5347 sustinet
1022 5285 1137 5358 justum
1159 5289 1213 5351 est,
1234 5282 1316 5341 veiis.
1347 5281 1428 5340 iiunc
1447 5277 1624 5353 jamdudum
1649 5276 1873 5336 amaritudinem

158 5395 216 5468 (tt)
229 5393 292 5455 bib.
302 5412 331 5457 vu
345 5400 380 5453 lte
394 5397 529 5471 baptismo
543 5407 637 5461 centra
650 5407 800 5479 Decutiat,
815 5423 841 5466 o.
857 5411 884 5481 3,
899 5408 965 5471 dist.
978 5412 1005 5483 8,
1025 5415 1091 5476 eap-
1106 5401 1162 5470 Qui
1171 5409 1334 5478 contempto.
