3804 5962
51 199 106 254 905
497 194 675 253 Expostulo
695 196 732 254 IN
752 195 861 253 Ertsr.
882 186 985 251 Ptbtt
1004 194 1051 249 att
1071 193 1155 251 nott.
1171 223 1206 235 -
1220 194 1287 251 LIII.
1308 195 1356 252 III.
1507 242 1516 255 .
1748 201 1800 257 906

52 324 188 396 extx,.5),
210 323 245 379 Et
260 335 399 379 rursum:
427 321 515 390 Super
533 322 647 390 fiumina
669 318 934 388 suspensuris
947 320 1051 374 militer
1069 323 1168 387 cutem,
1185 318 1260 377 sicut
1286 318 1416 377 videlicet
1435 335 1501 391 spes
1518 335 1572 379 nos
1602 323 1724 395 adjurat
1749 339 1798 398 pa·

52 414 172 470 sedimus
199 418 224 466 et
250 412 383 480 perimus,
412 410 494 465 donec
528 410 734 465 recordaremur
757 409 808 477 tui,
834 408 900 464 sion
958 409 1088 465 tientiaut
1106 410 1278 479 prestando,
1306 409 1346 466 ita
1373 416 1401 467 ει
1418 410 1542 481 Spiritus
1570 421 1688 471 εειιειεε
1703 415 1734 472 ιιι
1748 415 1803 474 Itos

54 503 141 572 (Psoi.
162 515 283 566 ccxxvi,
312 500 532 570 t).Perturtnnt
557 498 714 566 autemid
738 503 780 554 εει
807 497 902 554 labore
956 511 1049 569 agone
1077 505 1204 555 nostram
1230 497 1351 569 adjurat
1383 498 1590 569 infirmitatem,
1625 502 1804 561 necessarias

53 592 184 649 maximo
208 591 336 647 trucium
367 589 509 646 bonorum
535 601 655 657 operum
674 586 800 658 proferre
816 586 903 643 medi·
956 586 1040 643 nobis
1062 587 1208 644 orationes
1221 587 1414 659 suggerendo.
1437 588 1473 645 Et
1492 588 1547 644 boc
1565 596 1623 646 est:
1650 591 1804 664 umqum

54 687 164 736 tantur.
189 680 224 733 Et
239 676 580 746 sataguntusqueodbuc,
596 675 624 730 id
640 682 754 731 estnon
777 674 900 742 horarie,
956 679 1007 742 ita,
1032 675 1143 733 scilicet
1170 681 1202 731 nt
1226 680 1341 747 opertet,
1370 684 1398 734 et
1425 677 1509 734 nobis
1532 679 1727 736 necessarium
1749 688 1803 750 est,

52 770 102 826 sed
117 768 250 840 quandin
267 767 349 824 vivit.
366 766 498 823 Parturio
513 767 590 822 enim
606 765 727 822 verbum
748 771 791 821 est
809 764 903 821 medi·
956 780 1073 834 oremus,
1089 765 1120 822 in
1148 766 1386 824 tribulationibus
1405 766 1537 825 videlicet
1556 768 1649 838 positi,
1667 750 1804 841 trequen-

53 859 152 916 tatirae
168 858 276 924 lormae,
298 870 356 912 uon
379 854 532 926 perlectae:
556 862 584 911 et
605 854 667 910 ideo
691 853 763 910 bene
784 853 903 909 minori·
958 860 1001 910 ter
1028 854 1208 926 ignoramus,
1243 856 1274 911 in
1298 857 1397 914 multis
1415 855 1521 913 scilicet
1549 857 1716 916 dubitantes
1732 859 1805 930 quid

53 948 216 1019 busatque
240 945 411 1015 imperlectis
434 951 561 1014 aptatur,
592 943 644 1014 qui
673 943 760 1014 quasi
789 942 903 999 suntin
957 957 1057 999 eorum
1085 943 1215 1002 videlicet
1238 944 1320 1001 nobis
1340 945 1411 1002 utile
1439 945 1487 1015 sit,
1504 945 1579 1003 siout
1594 954 1620 1004 et
1648 947 1710 1018 ipse
1727 949 1807 1020 Apo-

54 1037 137 1093 initio
162 1034 353 1106 cogitationis,
376 1047 434 1089 non
457 1033 488 1088 in
514 1032 685 1103 perfectione
717 1032 901 1102 operationis.
958 1030 1048 1088 stolus
1062 1033 1181 1104 quando
1195 1041 1238 1091 ter
1259 1035 1414 1092 Dominum
1442 1036 1556 1107 rogarit
1577 1036 1728 1096 stimulum
1754 1037 1806 1096 Sa·

54 1128 123 1182 Heec
137 1132 237 1181 antem
255 1122 380 1194 Apostoli
408 1122 498 1178 verba
522 1136 588 1178 eum
612 1121 671 1178 ait:
697 1122 856 1190 Ingemiscit
878 1125 904 1176 et
958 1128 1032 1178 tanae
1047 1120 1103 1178 stoi
1118 1122 1238 1180 aulerrl.
1257 1123 1312 1180 Sed
1328 1126 1388 1194 ipse
1408 1125 1533 1194 Spiritus
1549 1128 1675 1196 postulet
1687 1143 1739 1199 pro
1751 1142 1806 1184 rto·

51 1217 189 1287 parturit,
218 1214 273 1271 illis
297 1206 454 1267 Dominicis
478 1209 655 1267 concordant
680 1211 776 1267 verbis
796 1209 904 1281 quibus
959 1211 1010 1278 bis,
1031 1210 1120 1268 idest
1139 1210 1283 1282 postulare
1307 1227 1360 1269 nos
1376 1212 1455 1282 iacit,
1477 1214 1556 1286 quod
1571 1215 1680 1273 scilicet
1698 1216 1806 1275 neseie

55 1303 185 1360 dicitur:
215 1302 314 1357 blutier
347 1316 408 1356 cum
442 1303 519 1370 perit
553 1302 696 1354 tristitiem
726 1299 818 1368 babet,
847 1307 901 1355 etc.
958 1299 1063 1358 bamus
1087 1302 1224 1367 docendo,
1244 1308 1272 1358 ει
1298 1302 1361 1370 ejus
1383 1302 1558 1360 desiderium
1579 1303 1741 1361 maximum
1765 1305 1808 1361 in·

56 1393 222 1464 (icarium,
238 1390 293 1462 il).
311 1391 454 1445 Primitiae
467 1393 582 1460 spiritus
596 1391 736 1456 bobertus,
751 1389 832 1446 idest
847 1401 905 1444 ma·
958 1390 1105 1460 spirando.
1137 1391 1190 1459 Qui
1213 1394 1312 1446 auten.
1338 1391 1406 1447 Dinl
1431 1391 1508 1462 qnod
1527 1406 1580 1448 nos
1603 1392 1751 1463 postulare
1763 1392 1805 1451 la·

53 1483 121 1555 iona
144 1481 236 1537 sancti
260 1480 385 1551 Spiritus
413 1480 500 1547 dona,
525 1481 599 1536 sicut
616 1479 816 1550 praedicatores
837 1491 903 1534 san·
959 1479 998 1536 cit
1023 1480 1168 1549 comitibus
1189 1480 1433 1550 inenarrabilibus,
1456 1481 1486 1538 id
1514 1488 1557 1539 εει
1584 1482 1674 1539 ιεειιε
1696 1482 1806 1541 deside·

56 1571 107 1638 cti,
124 1571 288 1642 quisecum
320 1577 348 1625 et
375 1568 445 1625 alios
478 1570 535 1625 Deo
563 1568 730 1639 acquirunt.
756 1568 799 1624 ild
826 1567 904 1638 qnod
959 1568 1011 1626 riis
1036 1577 1069 1626 ut
1089 1570 1185 1640 potius
1212 1571 1313 1627 sentiri
1342 1583 1430 1641 quam
1450 1570 1569 1628 edisseri
1596 1577 1715 1643 queant.
1739 1571 1807 1642 Sed,

57 1660 176 1732 quidem
202 1657 414 1729 predicationis
433 1657 561 1714 ‹slficinm
587 1665 728 1729 tanquam
754 1656 791 1712 ad
807 1655 904 1712 maxi·
920 1630 941 1684 Β
958 1658 1024 1715 ιιεει
1049 1659 1109 1716 sint
1132 1659 1335 1728 inanrrabiles,
1349 1660 1374 1716 ei
1406 1666 1503 1739 tamen
1525 1667 1594 1717 sunt
1619 1661 1739 1733 cogniti,
1754 1660 1807 1733 qui

55 1762 141 1806 mum
157 1748 280 1820 Spiritus
300 1747 392 1803 sancti
420 1747 527 1802 donum
544 1746 604 1818 ipse
628 1761 680 1803 nos
704 1745 859 1816 Apostolus
877 1744 905 1800 in
960 1752 1109 1806 scrutatur
1128 1749 1224 1818 corda,
1252 1757 1280 1807 et
1300 1750 1444 1820 inspector
1466 1758 1509 1808 est
1532 1749 1635 1819 cordis,
1659 1763 1694 1809 ea
1708 1749 1808 1808 rideli-

55 1841 83 1897 ιι
98 1839 191 1910 Epist.
220 1839 257 1895 ad
279 1836 440 1896 Corinthios
467 1837 637 1893 adhortatur
665 1837 786 1892 dicens:
815 1837 908 1891 Emu-
961 1839 1113 1910 cetpotius
1141 1839 1375 1911 attendensque
1398 1847 1554 1897 versantur
1569 1840 1599 1897 iu
1614 1840 1699 1898 corde
1716 1852 1807 1913 qnam

57 1930 157 1984 lumini
176 1932 247 1983 enim
271 1928 440 1981 elucrismetu
460 1928 583 1993 meliora,
607 1931 633 1982 et
660 1926 749 1980 adbuc
772 1926 907 1981 eccellen—
962 1941 1029 1997 quae
1043 1927 1235 1997 proteruntur
1257 1927 1292 1985 de
1318 1942 1379 1984 ore.
1398 1928 1471 1995 Quid
1490 1928 1634 1993 ἀεειιιεεει,
1652 1929 1681 1985 id
1702 1935 1746 1987 est
1759 1929 1809 1986 de-

57 2017 332 2075 tioremcinmuobis
349 2016 501 2072 demonstro
517 2016 542 2088 (l
556 2017 615 2072 dor.
642 2013 823 2086 x11,itl.Et
846 2021 908 2084 post
962 2017 1089 2074 siderare
1117 2015 1268 2082 nostadi,
1299 2017 1370 2087 qnia
1402 2017 1527 2088 postulat
1559 2032 1609 2088 pro
1634 2018 1750 2086 sanctis,
1779 2018 1809 2076 ld

59 2120 188 2178 pauca:
223 2107 370 2162 sectemini
404 2106 573 2173 cleritatem,
616 2106 783 2183 emulamini
824 2105 908 2173 spiri·
963 2112 1005 2162 est
1024 2113 1138 2162 sanctos
1164 2106 1310 2176 postulare
1338 2107 1417 2177 iacit,
1440 2108 1588 2163 secundum
1609 2111 1707 2179 Dema,
1723 2108 1810 2167 idest

60 2197 261 2265 rectumne
289 2202 378 2250 eutem
405 2201 435 2250 ut
462 2196 629 2265 prophetetis
658 2195 683 2265 ll
703 2195 764 2251 Gor.
787 2207 850 2261 xiv,
871 2192 906 2264 ι),
964 2195 1124 2252 secundum
1145 2195 1200 2252 boc
1223 2188 1302 2266 quod
1330 2193 1391 2265 ipse
1425 2195 1548 2268 Spiritus
1576 2197 1625 2255 Dei
1653 2198 1744 2255 aDeo
1762 2211 1809 2256 tc·

59 2287 156 2343 idest
178 2294 211 2342 ut
233 2284 361 2342 ollicium
385 2286 590 2356 prophetarum
620 2283 803 2355 praedicando
827 2296 909 2340 assu·
964 2285 1050 2357 cepit,
1071 2284 1122 2356 qui
1148 2298 1166 2340 a
1200 2285 1256 2340 Deo
1283 2283 1370 2342 babet
1397 2299 1468 2354 esse,
1494 2285 1674 2357 procedendo
1702 2286 1811 2345 scillcet

60 2375 158 2434 matIs.
965 2374 1001 2431 ab
1025 2373 1095 2444 ipso,
1126 2381 1154 2430 et
1173 2373 1334 2431 mcuudum
1360 2375 1437 2446 quod
1463 2375 1495 2432 in
1526 2376 1589 2446 ipsa
1612 2375 1663 2433 Dei
1688 2375 1811 2449 disposi-

98 2468 135 2522 ut
157 2466 213 2535 ipsi
231 2465 372 2533 gemimus,
390 2464 543 2535 gemimus,
573 2461 687 2532 gravati
713 2459 820 2517 scilieet
842 2472 909 2529 pas·
964 2463 1039 2521 tione
1069 2461 1237 2519 ordinatum
1274 2476 1336 2519 esse
1367 2463 1458 2520 norit.
1501 2464 1583 2522 Unde
1622 2473 1733 2523 certum
1768 2472 1811 2524 est

61 2554 200 2612 sibilitate
215 2560 243 2610 et
270 2552 454 2627 corruptione
481 2549 589 2617 carnis,
605 2551 681 2606 sicut
695 2547 791 2606 ceteri
803 2547 910 2604 scilicet
965 2553 1056 2609 Deum
1069 2567 1127 2609 non
1143 2566 1224 2623 posse
1240 2552 1328 2610 latere
1344 2553 1415 2624 quid
1441 2561 1509 2626 agat
1524 2554 1644 2625 spiritus
1663 2569 1696 2613 eo
1715 2555 1811 2627 dispe

60 2659 100 2703 ex
125 2658 174 2715 spe
202 2643 425 2699 consolationem
451 2641 599 2707 babentes,
623 2653 688 2710 quae
712 2637 819 2694 scilicet
846 2650 910 2706 spes
965 2648 1061 2698 nente.

62 2735 150 2807 quasi
166 2733 293 2790 anebora
307 2731 447 2789 esinatis
475 2738 580 2786 nostrae
608 2729 683 2785 inter
705 2727 794 2799 hujus
809 2725 909 2784 saeculi
1000 2730 1105 2786 Scimus
1132 2733 1212 2785 enim.
1238 2729 1392 2801 Tanquam
1422 2730 1530 2802 aliquis
1553 2744 1710 2802 opponens,
1735 2731 1809 2791 dim-

63 2825 182 2890 lluctus,
204 2824 274 2893 quia
298 2820 395 2877 statim
423 2818 646 2876 consolationem
663 2817 779 2888 adjecit,
794 2817 908 2873 dicens:
965 2826 1018 2884 ret,
1034 2819 1179 2890 quomodo
1200 2817 1320 2889 adjuvet
1334 2819 1459 2890 Spiritus
1482 2834 1556 2892 quos
1569 2828 1611 2877 ιοι
1626 2821 1757 2878 videmus
1772 2821 1812 2879 al-

61 2917 272 2983 dermannus,
295 2912 323 2966 id
344 2916 386 2966 est
406 2924 473 2966 cum
487 2909 594 2964 llducia
610 2915 767 2978 sperantes,
784 2906 908 2976 adoptio-
965 2907 1145 2964 illationibus
1161 2905 1301 2976 laborare,
1319 2906 1387 2965 dicit
1401 2909 1473 2979 quia
1488 2916 1516 2966 et
1540 2909 1618 2979 ipsas
1643 2909 1813 2969 afflictiones

63 3019 127 3059 uem
150 3004 268 3073 {iliorum
288 3003 347 3069 Dei,
377 3000 411 3056 de
440 2999 510 3069 ipsis
533 2998 678 3070 gentibus,
713 2996 741 3052 id
769 3003 812 3053 εει
838 2995 913 3066 ipsos
930 2981 951 3038 C
968 3003 995 3053 et
1010 3011 1193 3068 quecunque
1214 2997 1350 3055 accidunt
1377 2997 1495 3065 sanctis,
1520 3004 1578 3055 tam
1598 3013 1736 3071 prospera
1754 3000 1813 3058 sci-

63 3093 196 3162 adoptari
212 3104 229 3147 a
243 3092 300 3147 Deo
326 3096 353 3146 et
382 3087 517 3145 constitui
544 3088 672 3144 haeredes
693 3086 723 3142 in
747 3099 837 3157 regno
853 3099 913 3140 cm·
966 3085 1032 3143 licet
1054 3100 1141 3156 quant
1164 3086 1295 3155 adversa,
1313 3087 1342 3143 in
1361 3086 1471 3143 bonnm
1496 3087 1539 3144 eis
1559 3088 1710 3156 convertit,
1724 3095 1753 3146 ει
1777 3089 1814 3147 ad

63 3180 138 3237 lesti.
165 3180 354 3250 Adoptioncm
383 3179 459 3234 banc
487 3177 549 3234 dico
576 3177 787 3246 redemptionem
821 3176 913 3230 cornis
967 3186 1068 3229 eorum
1081 3173 1234 3230 utilitatem
1257 3172 1398 3244 perducit.
1412 3172 1467 3240 Qui
1487 3186 1557 3230 vero
1577 3174 1636 3231 siut
1664 3174 1815 3247 diligentes

65 3276 176 3338 nostra,
193 3269 222 3325 id
239 3276 281 3325 est
296 3267 439 3335 Ecclesia,
462 3267 548 3337 cnjus
568 3266 699 3322 membra
731 3277 842 3323 sumus.
869 3262 913 3318 lli-
968 3263 1070 3329 Deum,
1091 3261 1229 3333 supponit
1243 3262 1362 3319 dicens:
1385 3264 1435 3318 His
1450 3266 1500 3335 qui
1523 3266 1615 3319 mccii
1635 3267 1814 3334 mntscnmi,

66 3360 109 3418 hil
126 3360 233 3431 quippe
256 3366 298 3415 εει
312 3356 393 3414 aliud
409 3372 460 3414 nos
476 3371 493 3412 a
510 3357 566 3412 Deo
597 3355 639 3412 sIc
667 3354 808 3424 adoptari,
824 3366 913 3424 quam
968 3353 1057 3410 idest
1087 3352 1208 3409 interne
1232 3353 1391 3409 vocationis
1414 3353 1605 3424 inspiratione
1632 3353 1816 3425 sanctificati,

64 3463 117 3521 per
132 3448 320 3520 Unigenitum
341 3460 428 3503 suum
447 3444 586 3502 adiaboli
607 3450 744 3515 potestate
770 3458 821 3500 seu
842 3442 914 3513 ingo
968 3441 1116 3495 secundum
1137 3444 1307 3512 propositum
1329 3444 1389 3509 Dei,
1406 3443 1502 3513 potius
1535 3457 1625 3516 quam
1655 3444 1817 3501 mcuudum

66 3539 178 3611 peccati
202 3552 254 3594 nos
281 3537 402 3594 redimi:
430 3544 462 3593 ut
491 3536 552 3592 ltaec
576 3542 635 3590 tota
667 3533 781 3604 adoptio
809 3532 915 3588 divinae
968 3544 1069 3587 eorum
1091 3530 1281 3601 praecedentia
1305 3532 1419 3601 merita,
1447 3533 1476 3588 id
1504 3541 1547 3590 est
1574 3534 1736 3593 secuudum
1759 3535 1814 3592 ltoc

66 3628 180 3701 gratiae,
207 3641 265 3683 non
291 3626 402 3683 meritis
436 3625 541 3682 nostris
570 3624 726 3681 tribuatur.
759 3623 813 3692 Spe
833 3622 914 3676 enim.
970 3617 1277 3691 potiusqnoddiviuaa
1301 3621 1404 3693 gratiae
1431 3621 1582 3692 placuerit,
1606 3638 1696 3695 quam
1713 3638 1817 3682 secun·

65 3717 149 3773 Dixit
178 3715 312 3785 superius
336 3715 407 3785 qnia
432 3712 635 3770 revelationem
665 3711 791 3767 liliorum
807 3709 917 3765 Delex·
971 3709 1042 3765 dnm
1063 3709 1117 3765 boc
1137 3710 1215 3780 quod
1238 3709 1290 3780 ipsi
1316 3718 1495 3768 meruerunt.
1513 3713 1585 3769 Nem
1613 3728 1680 3784 quos
1703 3716 1818 3786 presci-

65 3814 233 3879 spectamus
254 3803 406 3875 sperando,
435 3810 462 3859 et
479 3802 557 3874 quod
572 3801 722 3872 presentis
743 3800 810 3856 vitae
829 3799 916 3854 rani·
970 3799 1019 3852 uit.
1034 3798 1214 3868 Exsequitur
1227 3797 1380 3870 diligenter
1394 3798 1538 3870 quomodo
1561 3802 1721 3861 mundum
1752 3817 1819 3874 pro-

67 3897 121 3954 tati
146 3896 177 3950 in
192 3895 246 3951 bac
260 3908 310 3965 spe
338 3893 459 3962 subjecti
488 3906 600 3960 sumus,
616 3905 651 3947 ne
668 3897 783 3960 propter
806 3887 918 3944 labores
971 3888 1100 3960 positum
1128 3886 1187 3954 Dei,
1214 3886 1243 3942 id
1268 3895 1310 3943 est
1336 3887 1443 3943 dirinae
1474 3887 1576 3958 gratias
1597 3887 1737 3959 placitum
1761 3891 1820 3949 siut

68 3982 245 4041 dillidamus.
274 3983 309 4037 Et
334 3995 370 4037 ne
398 3981 464 4051 quis
490 3980 627 4052 objiceret
656 3992 733 4049 spem
760 3977 843 4033 istam
859 3989 918 4032 nou
972 3977 1151 4045 sanctificati
1168 3976 1265 4033 dicens
1285 3977 1356 4049 quia
1375 3977 1607 4048 quospruscivu
1622 3979 1817 4050 postmodum,

66 4087 132 4132 esse
157 4072 371 4138 certitudinem,
393 4078 421 4128 ει
436 4071 500 4128 idco
517 4071 545 4126 in
565 4083 599 4126 ea
614 4083 672 4126 non
688 4082 749 4125 esse
767 4065 919 4124 conliden-
973 4076 1000 4125 et
1016 4067 1248 4139 predestinando
1270 4067 1431 4124 conlormes
1452 4066 1565 4125 Christo
1588 4067 1720 4126 reddidit.
1743 4068 1821 4127 Scire

68 4163 154 4232 dum,
176 4161 238 4219 ideo
261 4161 339 4227 dicit,
369 4160 447 4231 quod
470 4174 569 4216 omnes
595 4165 738 4230 quotquot
758 4156 917 4220 salvamur,
974 4156 1083 4213 dicitur
1100 4156 1176 4212 Deus
1196 4170 1231 4212 ea
1245 4170 1311 4227 quae
1326 4157 1476 4227 approbat,
1494 4165 1522 4214 et
1545 4171 1612 4228 quae
1634 4156 1698 4229 ejus
1718 4155 1821 4215 notitia

70 4265 125 4323 per
138 4264 219 4321 spem
242 4249 402 4307 salvamur.
432 4249 468 4305 Et
497 4248 593 4304 statim
620 4247 699 4318 quod
727 4250 791 4315 spes
807 4245 841 4300 dc
861 4255 919 4299 non
935 4278 958 4333 D
975 4253 1043 4302 sunt
1057 4245 1157 4316 digna,
1171 4245 1258 4316 juxta
1276 4245 1372 4303 illud:
1393 4247 1473 4303 Nouii
1498 4249 1629 4303 Dominus
1641 4249 1717 4303 riom
1726 4248 1822 4318 justo-

69 4338 280 4410 apparentibus
296 4345 415 4394 tantum
429 4336 546 4394 dicatur
564 4335 701 4402 annectit,
718 4335 836 4391 dicens:
853 4332 920 4402 Spes
975 4352 1045 4399 rum,
1072 4336 1147 4391 sicut
1171 4349 1187 4392 a
1214 4336 1358 4392 contrario
1386 4335 1462 4392 mala
1488 4335 1623 4408 ignorare
1640 4337 1687 4394 rel
1712 4335 1824 4394 nescire

70 4433 175 4495 eutem,
192 4427 220 4483 id
236 4435 278 4484 est
292 4427 419 4498 cognitio
434 4440 500 4498 quae
516 4426 551 4482 da
571 4424 780 4495 apparentibus
797 4429 851 4489 est,
872 4434 921 4476 ne·
976 4425 1093 4481 dicitur.
1112 4425 1201 4481 Juxta
1224 4425 1301 4495 quod
1322 4423 1381 4495 ipse
1400 4424 1493 4481 Filius
1513 4425 1641 4497 reprobis
1656 4425 1823 4484 ait1Nescie

69 4529 224 4589 quaquam
244 4531 309 4587 spes
329 4516 452 4573 dicenda
480 4523 533 4572 est.
567 4516 637 4574 Nom
660 4514 734 4581 quod
754 4513 837 4580 videt,
868 4510 923 4567 hoe
975 4530 1032 4571 cos.
1055 4514 1122 4571 lllos
1152 4514 1252 4589 itaque
1278 4514 1425 4585 pressisse
1439 4513 1559 4584 dicitur,
1589 4529 1718 4587 quorum
1745 4522 1824 4579 aute·

71 4613 126 4675 εει,
142 4605 216 4677 qnid
231 4613 327 4676 sperat
350 4605 463 4676 aliquid
483 4605 562 4677 quod
583 4603 681 4661 ridet?
695 4605 736 4661 lle
750 4603 774 4659 si
790 4602 897 4659 diceret
913 4616 920 4655 ε
977 4618 1069 4675 quam
1083 4611 1178 4660 essent
1199 4603 1330 4660 luturam
1350 4602 1516 4661 electionem
1531 4603 1715 4674 approbarit.
1734 4602 1825 4671 Quos·

68 4694 154 4754 iltuit
172 4703 215 4752 est
238 4695 317 4766 qnod
336 4694 461 4774 videndo
489 4700 584 4765 speret
613 4693 718 4764 ipsum,
748 4701 781 4750 ut
810 4691 835 4748 si
856 4689 923 4762 quis
977 4706 1093 4763 cunque
1108 4691 1205 4764 itaque
1229 4692 1270 4747 sic
1294 4692 1449 4762 prescivit,
1477 4706 1525 4749 eos
1546 4691 1729 4764 postmodnm
1751 4706 1825 4763 pra-

69 4784 172 4844 rideat
191 4798 221 4841 se
244 4784 364 4841 divitem
398 4768 505 4841 lactum
533 4798 605 4848 csse,
632 4790 659 4840 ει
686 4782 805 4840 lortasse
838 4787 923 4837 antea
976 4782 1134 4851 destiterit,
1154 4781 1240 4839 idest
1261 4781 1344 4839 donis
1358 4782 1460 4852 gratiae
1478 4781 1737 4853 suaepraepararit.
1751 4780 1825 4837 Prec-

71 4880 250 4947 speraverat,
265 4874 327 4946 iam
342 4887 400 4931 nou
416 4874 451 4930 de
478 4873 532 4930 hoc
560 4887 642 4946 spem
667 4872 713 4929 vel
737 4869 924 4928 existimatio-
976 4872 1130 4929 destinatio
1150 4871 1259 4943 quippe
1275 4871 1377 4928 divina
1398 4870 1505 4927 dicitur
1529 4869 1701 4941 praeparatio
1715 4869 1826 4944 gratie,

71 4979 153 5032 nem,
182 4963 231 5020 sed
259 4964 462 5020 certitudinem
477 4963 573 5019 babet.
591 4965 623 5020 Si
646 4965 738 5016 autem
758 4961 842 5032 quod.
871 4959 922 5017 Os·
977 4976 1044 5034 quae
1060 4961 1089 5016 ln
1104 4960 1201 5016 electis
1225 4968 1340 5017 tanturn
1354 4969 1416 5028 ,est
1442 4959 1664 5029 Predestinooit,
1690 4959 1826 5032 iuquam,

72 5053 328 5124 tenditqnomodo
351 5067 401 5123 spe
424 5052 497 5109 salvi
511 5052 579 5109 lacti
607 5053 719 5119 ilamus,
738 5051 809 5121 qnia
823 5049 923 5106 rideli-
977 5054 1126 5118 contemnes
1141 5052 1212 5119 fieri,
1229 5049 1258 5105 id
1275 5058 1318 5107 est
1333 5050 1369 5106 ad
1386 5051 1440 5107 boc
1454 5059 1487 5107 ut
1502 5049 1610 5106 similes
1631 5050 1743 5120 tierent,
1758 5052 1826 5106 imo-

70 5142 184 5202 cetilla
203 5157 275 5214 spes,
297 5157 364 5215 quae
389 5143 467 5199 dicta
488 5150 530 5199 est
550 5143 617 5199 vite
640 5141 757 5208 laturae,
788 5155 841 5198 uos
868 5154 923 5211 pa·
977 5144 1051 5209 ginis
1065 5139 1131 5195 Filii
1147 5141 1202 5206 sui,
1229 5138 1258 5195 id
1285 5147 1328 5196 est
1352 5138 1477 5216 Christo,
1494 5139 1545 5210 qui
1571 5147 1614 5196 est
1638 5139 1735 5212 imago
1762 5138 1826 5210 Dei,

73 5230 179 5290 tientes
203 5231 305 5300 reddit,
336 5247 372 5289 ne
401 5233 432 5289 in
459 5231 646 5289 tribulatione
676 5231 744 5287 vitae
775 5229 924 5302 praescntis
979 5230 1009 5286 id
1023 5236 1065 5286 est
1078 5242 1215 5300 expressa
1236 5227 1398 5286 similitudo
1413 5228 1514 5297 Patris,
1538 5228 1569 5285 in
1588 5229 1725 5286 omnibns
1746 5227 1829 5287 seili-

73 5321 255 5379 dedciamus.
272 5322 309 5379 Et
322 5321 378 5379 boc
402 5328 453 5391 εει,
469 5324 495 5376 si
526 5322 608 5389 enim,
634 5319 706 5391 quia
720 5318 826 5377 seilicet
845 5318 925 5391 quod
977 5326 1022 5376 cet
1035 5317 1117 5375 bonis
1142 5318 1170 5374 ei
1191 5317 1313 5390 aqualis
1341 5318 1502 5376 secundum
1524 5318 1717 5386 divinitatem,
1737 5319 1827 5392 juxta

75 5424 136 5468 non
150 5411 286 5469 ridemus
298 5424 459 5482 speramus,
474 5410 618 5482 patienter
636 5407 709 5465 illud
723 5415 925 5480 exspectamus
979 5408 1050 5466 illud
1060 5407 1139 5481 quod
1152 5407 1193 5464 ait
1208 5423 1216 5464 ε
1239 5408 1376 5480 Phiiippo,
1403 5407 1543 5479 quinidii
1557 5407 1688 5464 meridet
1710 5413 1737 5466 et
1764 5409 1830 5466 Pc-

76 5514 136 5560 uon
154 5500 188 5559 iu
210 5514 304 5573 moue
316 5500 465 5574 presentis
488 5497 656 5559 certaminis
680 5496 855 5570 deficientes,
884 5501 924 5555 ei-
978 5502 1047 5556 trem
1061 5496 1149 5570 (ioca.
1165 5510 1226 5568 xer,
1241 5496 1281 5571 ιι),
1296 5510 1330 5555 aa
1351 5496 1377 5556 si
1400 5497 1533 5556 diceret:
1553 5496 1628 5563 tinia
1638 5510 1676 5555 ex
1686 5499 1739 5572 pne
1753 5496 1830 5555 inte·

212 5589 341 5660 rinei.
366 5589 546 5661 CLXXVIII
1589 5589 1631 5653 29
