3804 5962
76 140 126 196 itt
490 142 497 153 ‘
544 145 645 207 Parui
664 149 854 211 tumtunm
870 153 947 228 ΟΡΡ.
969 156 1058 216 ealts
1077 157 1100 214 l.
1124 186 1159 199 -
1176 155 1366 221 munuum,
1771 159 1824 217 tas

73 272 148 366 trum
161 265 314 339 invenerit,
330 268 355 327 sl
369 270 493 345 gratim
513 274 621 335 releras
648 291 699 350 pro
728 280 832 352 gratie,
861 296 921 341 mo·
935 286 960 340 b
974 285 1026 345 tibi
1037 285 1218 346 facillimum.
1243 287 1298 347 Per
1325 285 1423 359 ipsum
1455 286 1563 359 ltaque,
1586 286 1635 345 aul
1647 293 1675 346 te
1693 288 1824 347 obtulisti
1860 290 1862 301 '

71 354 199 427 drcapm
214 357 336 430 maguis,
355 361 508 435 verbapro
525 365 621 424 rebus.
655 367 781 440 Utinam,
805 370 917 442 dilecte,
971 376 1063 434 Deum
1090 383 1118 436 te
1136 375 1265 435 obsecro.
1303 382 1336 434 nt
1362 390 1482 448 quoquo
1511 376 1596 433 modo
1625 385 1705 448 potes
1739 385 1823 436 tuam

71 443 168 501 tnade
182 457 229 502 me
243 445 356 506 dilectio
370 450 468 509 minus
481 452 646 525 confideret,
663 464 696 515 ut
712 457 860 519 sollicitior
874 477 917 520 es·
971 466 1042 524 mibi
1065 466 1247 540 presentiam
1280 465 1395 532 reddas,
1434 465 1657 523 consolationem
1690 466 1824 524 videlicet
1855 470 1862 509 ὲ

70 530 128 634 set!
144 529 196 633 Sed
212 547 271 605 quo
287 541 312 592 te
334 537 459 609 amplius
474 555 553 599 nunc
576 558 711 604 securum
727 548 847 619 reddidi,
864 565 918 608 ne·
971 554 1042 613 midi
1056 553 1184 628 aliquam
1199 554 1391 612 rescribendo.
1405 555 1463 611 iioc
1477 554 1578 611 saltem
1605 562 1699 625 pacto,
1724 563 1757 613 ut
1780 555 1822 612 sic
1854 562 1862 599 ι·

71 617 273 721 gligenttorem
300 627 436 685 sustineo.
461 629 613 701 Memento,
632 636 758 702 obscero,
788 653 855 710 qua
876 639 917 697 ie·
970 651 1099 702 recreata
1125 643 1225 702 divino
1247 643 1371 702 alacrior
1385 657 1487 700 vacem
1505 642 1656 713 obsequio.
1682 643 1755 701 Cum
1775 657 1821 701 me
1851 683 1860 689 -

70 721 171 811 comm,
186 718 338 787 etqnauta
362 716 466 775 debeas
480 721 602 780 attende.
634 724 710 783 Dum
729 734 825 786 uuum
850 743 915 787 car-
970 734 1007 791 ad
1026 733 1194 805 temporales
1208 731 1453 805 climvoluptates
1467 741 1622 803 expeteres,
1649 733 1759 790 crebris
1773 746 1820 789 me
1858 739 1862 777 ῑ

70 797 130 855 nair
144 798 256 860 iruerer
269 803 426 877 voluptate,
442 815 541 868 utrum
560 811 588 870 id
606 827 712 886 amore,
740 817 784 875 vel
799 817 918 876 libidine
971 820 1097 894 epistolis
1122 822 1270 892 visitabas,
1302 821 1446 893 trequenti
1467 822 1595 878 carmine
1615 828 1696 878 tuam
1712 822 1742 878 in
1771 835 1821 878 ore
1852 828 1862 868 ὲ

69 899 198 988 agerem,
218 890 359 952 incertum
375 894 509 966 pluribus
523 900 693 963 habebatur.
709 905 794 965 Nunc
819 914 916 965 autem
969 913 1103 969 omnium
1119 912 1274 969 ileloissam
1290 912 1424 982 ponebas.
1458 910 1502 968 lle
1517 910 1618 981 plateae
1644 924 1754 978 omnes,
1772 924 1818 966 me
1851 917 1862 959 ἓ

70 974 137 1034 ilnts
155 978 264 1039 indicat
280 995 340 1053 qno
368 983 395 1041 id
416 985 608 1048 inchoaverim
637 993 787 1066 principio.
812 995 917 1054 Omnes
970 999 1074 1058 domus
1097 1000 1220 1072 singular
1236 998 1545 1066 resonabant.Quanto
1579 1006 1678 1056 autem
1706 998 1816 1055 rectius
1851 1008 1857 1015 ·

70 1063 195 1139 deniqne
220 1070 465 1145 mibivoluptates
484 1077 630 1151 interdixi,
663 1091 765 1142 uttuae
787 1098 917 1156 parerem
970 1089 1155 1147 monuncin
1174 1091 1275 1157 Deum
1290 1103 1380 1160 qnam
1407 1096 1477 1146 tunc
1492 1087 1523 1144 in
1545 1087 1695 1145 libidinem
1709 1087 1820 1145 excita·
1853 1096 1862 1135 ¹

69 1153 222 1255 voluntati.
237 1158 315 1218 Nihil
335 1163 405 1220 mibi
428 1169 650 1238 reservavi,uisi
676 1171 718 1230 sic
743 1180 822 1231 tuam
838 1189 917 1232 nuuc
971 1179 1035 1235 res?
1059 1177 1214 1249 Perpende,
1240 1178 1366 1244 obsecro,
1397 1191 1464 1247 quae
1490 1175 1584 1244 debes,
1612 1176 1726 1232 attende
1753 1189 1820 1247 quae
1854 1186 1862 1227 ι

71 1255 216 1345 precipue
235 1247 306 1306 lieri.
326 1250 395 1319 Quae
405 1269 474 1313 vero
488 1264 539 1316 tua
555 1258 591 1316 sit
603 1258 742 1333 iniqnitas
761 1264 914 1335 perpendo,
970 1265 1097 1338 postulo;
1113 1274 1141 1325 et
1156 1266 1273 1339 longam
1291 1266 1442 1339 epistolam
1471 1264 1553 1322 brevi
1579 1265 1637 1322 bne
1665 1264 1817 1321 concludo.
1856 1276 1862 1316 ι

70 1345 95 1389 ιι
110 1336 229 1393 merenti
244 1340 370 1413 amplius
396 1345 535 1414 persolvis
556 1349 663 1420 miuus,
683 1351 740 1409 imo
751 1352 823 1409 nibil
838 1353 917 1424 peni·
970 1354 1050 1424 Vale,
1063 1353 1158 1413 unice.
1857 1368 1861 1373 ·

71 1427 129 1494 tus,
168 1429 326 1497 prasertim
345 1446 413 1492 cum
435 1448 560 1507 parrum
587 1438 624 1497 sit
634 1439 713 1511 quod
721 1441 857 1515 exigeris,
877 1450 915 1498 et.

806 1759 1007 1830 EPIsTOLA
1025 1760 1082 1830 ΙΙΙ.

567 1898 647 1981 Quae
665 1907 719 1970 est
730 1904 935 1989 rescriptum
948 1903 1037 1987 Petri
1052 1904 1094 1971 ad
1108 1885 1312 1970 lleloissam.

70 2206 286 2266 monument.
302 2236 340 2250 -
359 2207 501 2278 Superiori
518 2209 642 2278 eputotoe
664 2210 791 2266 licuisse
815 2208 959 2280 respondet
976 2208 1152 2276 Abuiordus,
1168 2225 1200 2266 uc
1219 2225 1249 2265 ee
1262 2209 1379 2267 coudide
1406 2213 1532 2278 eucusct,
1560 2209 1633 2278 quod
1651 2215 1727 2267 teuto
1749 2216 1816 2268 teru-

104 2293 172 2350 pore
189 2278 227 2333 ad
251 2279 330 2335 illum
352 2294 407 2334 uou
425 2283 573 2350 scripserit.
597 2283 707 2336 minime
724 2282 758 2337 de
779 2284 928 2337 incur-ictu
950 2297 1009 2337 eunt
1032 2285 1154 2337 uenisse:
1171 2281 1219 2337 sed
1233 2281 1306 2352 quod
1331 2284 1365 2336 de
1382 2283 1543 2352 prudentio,
1560 2281 1696 2348 doctrino,
1713 2284 1817 2351 pietate

107 2354 134 2404 et
151 2350 283 2418 religione
304 2354 361 2419 eius
383 2355 489 2406 mutum
509 2351 663 2420 confideret,
682 2357 712 2407 ut
735 2368 795 2407 eum
813 2355 857 2408 uel
871 2355 1071 2418 reluctatione,
1095 2355 1137 2409 uel
1160 2355 1340 2408 consototioue
1353 2368 1407 2408 nou
1419 2353 1545 2420 indigere
1563 2353 1692 2409 meteret.
1706 2355 1815 2409 diceet:

50 2453 54 2467 ·
107 2425 196 2476 cutem
210 2426 241 2477 ut
255 2421 292 2475 ott
314 2437 342 2477 se
352 2422 494 2488 rescribat,
515 2423 584 2495 quid
606 2421 660 2478 eibi
681 2425 881 2482 cohortationis
907 2424 949 2479 cel
975 2424 1277 2479 consolationisdtuiuot
1302 2425 1337 2479 ob
1361 2440 1391 2478 eo
1404 2424 1520 2480 rescribi
1528 2425 1609 2490 oelit;
1623 2429 1648 2479 et
1675 2428 1735 2493 ipse
1757 2426 1817 2492 ejus

109 2491 244 2548 desiderio
258 2492 341 2560 (aciei
355 2495 434 2547 sutis.
446 2495 532 2561 Rogat
555 2509 623 2561 eum,
649 2497 679 2549 ut
693 2497 750 2549 tom
762 2498 823 2565 ipsu
836 2512 919 2567 quom
932 2509 1006 2550 socer
1026 2494 1084 2565 ejus
1099 2498 1238 2564 uirginum
1264 2510 1295 2550 cc
1319 2495 1467 2552 uiduarum
1481 2496 1577 2550 citerus
1592 2511 1620 2550 se
1638 2496 1714 2563 opud
1729 2498 1813 2550 Deum

105 2562 233 2633 precibus
248 2563 335 2634 juvet,
352 2568 470 2633 quuutcs
482 2564 663 2637 upudipsum
677 2568 747 2621 uires
761 2570 848 2622 oratio
862 2565 982 2621 monium
995 2583 1112 2621 unorum
1129 2581 1179 2636 pro
1208 2567 1275 2622 utris
1308 2566 1416 2632 babeat,
1441 2568 1589 2622 loculenter
1602 2581 1635 2623 ea
1655 2565 1817 2634 Scriptura·

107 2649 170 2689 rum
189 2636 352 2689 auctoritate
372 2635 520 2703 duserens3
549 2641 574 2690 et
598 2640 811 2694 commemoratis
834 2637 959 2708 precibus
981 2653 1041 2708 quae
1060 2640 1229 2693 itucteuusiu
1252 2639 1312 2707 ipsc
1334 2640 1496 2692 monasterio
1509 2653 1560 2706 pro
1583 2639 1745 2692 receneris
1771 2639 1812 2704 se·

105 2707 186 2760 minis
208 2707 303 2773 ttereut
321 2705 359 2760 cd
371 2709 454 2762 mum
467 2709 585 2775 tinnulis
600 2710 675 2764 boris
694 2711 842 2777 cononicis,
859 2709 1005 2764 uliueiteut
1030 2725 1090 2778 que
1103 2724 1153 2776 pro
1169 2710 1258 2764 solute
1279 2707 1398 2764 absentis
1421 2710 1491 2777 tuot
1519 2707 1652 2763 instituit.
1682 2709 1818 2763 Praetereo

109 2780 230 2844 rogatui
242 2792 400 2847 quecunque
409 2778 487 2834 modo
505 2781 547 2834 uei
558 2780 613 2835 ioco
627 2796 688 2835 eum
708 2796 743 2836 ca
757 2781 808 2836 boc
830 2782 891 2835 uita
904 2781 1025 2848 migrare
1040 2782 1215 2848 condisceret,
1240 2779 1364 2848 detumit
1386 2794 1483 2850 cuspus
1507 2778 1545 2834 ud
1559 2779 1744 2834 Purucieteute
1771 2795 1820 2835 coe·

109 2848 218 2904 nubium
231 2847 344 2918 deterri,
356 2849 448 2920 ibique
459 2851 570 2921 sepeliri
584 2856 701 2906 curaret.

112 3087 259 3145 llxmrssn
269 3085 460 3146 dilectissimas
474 3088 567 3147 sorori
586 3103 647 3149 sna
665 3091 697 3147 iu
708 3088 821 3149 cbristo
832 3090 921 3148 Aba·
935 3089 959 3146 b
975 3090 1042 3147 stris
1055 3090 1169 3160 magnis
1182 3098 1210 3149 et
1226 3089 1332 3155 lmnltis
1349 3089 1525 3159 excessibus,
1538 3096 1566 3149 et
1579 3090 1750 3164 quotidiana
1772 3104 1821 3162 pc·

75 3188 183 3234 canum
197 3174 287 3233 irater
300 3175 364 3248 ejus
377 3176 407 3232 iu
423 3177 492 3247 ipsu.
975 3180 1133 3238 ricnlorum
1157 3194 1286 3238 meorum
1316 3179 1453 3237 instantia
1476 3180 1547 3253 juge
1567 3180 1688 3237 Domino
1715 3179 1823 3236 sacriti-

112 3263 193 3328 Onud
209 3270 416 3335 postnostram
437 3266 573 3323 asteculo
588 3268 622 3324 ad
648 3269 740 3326 Deum
754 3268 921 3326 conversio·
974 3270 1051 3327 cium
1078 3269 1207 3327 immoles
1232 3269 1406 3327 orationum.
1426 3268 1573 3336 Quantum
1605 3277 1700 3325 autem
1725 3266 1821 3324 locum

76 3365 142 3410 nem
157 3353 286 3410 nondum
307 3352 359 3410 tibi
380 3353 492 3426 aliquid
519 3355 721 3413 consolationis
746 3356 792 3415 vel
817 3359 921 3414 exbor·
975 3358 1053 3429 apud
1076 3359 1168 3416 Deum
1193 3364 1220 3416 et
1235 3364 1349 3414 sanctos
1363 3356 1427 3428 eius
1441 3356 1569 3413 bdelium
1584 3355 1727 3413 orationes
1752 3355 1824 3412 obti-

75 3442 193 3500 tationis
213 3442 385 3514 scripserim,
408 3458 466 3499 non
492 3445 673 3517 negligentiae
687 3459 766 3513 mere,
783 3446 830 3503 sed
853 3455 920 3503 tuae,
976 3454 1072 3514 noant,
1088 3455 1115 3502 et
1129 3446 1254 3502 maxime
1269 3444 1424 3502 mulierum
1439 3458 1490 3514 pro
1502 3444 1598 3501 cbaris
1619 3443 1689 3509 suis,
1705 3451 1733 3500 et
1748 3458 1822 3500 uxu-

77 3532 114 3589 de
140 3544 200 3603 qna
217 3544 330 3603 semper
352 3532 510 3603 plurimum
540 3534 662 3601 conlido,
684 3536 845 3606 prudentia
871 3536 922 3591 im·
975 3549 1040 3592 rum
1058 3548 1108 3604 pro
1123 3533 1204 3601 viris,
1226 3532 1319 3589 multa
1334 3531 1417 3588 nobis
1431 3539 1589 3589 occurrunt
1615 3531 1777 3588 testimonia
1796 3539 1825 3589 et

77 3621 239 3695 putandum
265 3627 318 3678 est.
338 3620 402 3678 Non
420 3621 495 3678 enim
512 3636 576 3679 eam
600 3622 645 3679 bis
659 3623 788 3696 indigere
802 3625 921 3688 credidi,
974 3622 1116 3693 exempla.
1130 3621 1213 3690 Quod
1228 3621 1382 3694 diligenter
1406 3620 1556 3678 attendens
1569 3620 1733 3692 Apostolus,
1761 3621 1823 3677 sine

77 3710 125 3767 cni
139 3709 321 3767 abundanter
346 3725 412 3782 qnae
432 3712 593 3768 necessaria
620 3719 688 3770 sunt
708 3713 808 3771 divina
834 3715 923 3786 gratis
975 3710 1185 3770 intermissione
1212 3724 1295 3769 orare
1309 3711 1349 3778 (li
1364 3710 1455 3765 Tbees.
1471 3723 1501 3772 v,
1536 3709 1580 3780 tl)
1606 3723 1659 3765 uos
1677 3709 1822 3767 admonet.

77 3798 244 3870 impertivit,
270 3802 302 3854 ut
324 3805 383 3856 tam
404 3800 501 3857 verbis
527 3814 615 3872 quam
640 3801 779 3873 exemplis
794 3812 923 3861 errantes
976 3801 1112 3873 Legimus
1136 3800 1292 3858 Dominum
1307 3799 1394 3871 bloysi
1409 3798 1516 3856 dixisse
1531 3812 1539 3853 :
1557 3819 1569 3848 ι
1586 3796 1703 3854 Dimitte
1717 3811 1762 3854 me
1791 3806 1825 3856 ut

76 3886 295 3955 valeasdocere,
315 3888 513 3958 pusillanimes
526 3890 677 3957 consolari,
698 3890 807 3962 tepidos
820 3893 923 3949 exbor-
977 3892 1119 3948 irascetur
1138 3888 1219 3947 luror
1232 3902 1315 3946 meus
1334 3887 1441 3960 (seed.
1457 3900 1553 3948 xxxu,
1573 3887 1626 3959 iti).
1645 3906 1658 3936 a
1690 3886 1724 3941 lit
1743 3886 1824 3943 lere-

78 3975 142 4044 tari,
155 3976 230 4032 sicut
247 3983 275 4033 et
297 3976 388 4034 lacere
395 3978 454 4048 jam
471 3979 582 4036 dudum
601 3981 774 4038 consuevisti
786 3996 852 4038 curu
868 3982 923 4038 sub
976 3980 1062 4037 min:
1084 4000 1096 4031 ι
1111 3978 1155 4035 'lu
1170 3991 1248 4046 uero,
1266 3976 1374 4048 inquit,
1391 3973 1450 4031 noli
1466 3987 1549 4032 orare
1565 3989 1615 4045 pro
1627 3973 1733 4045 populo
1757 3975 1823 4043 hoc,

77 4064 223 4121 abbatissa
240 4065 399 4136 prioratum
427 4067 578 4125 obtineres.
595 4070 674 4133 Quod
701 4071 725 4126 si
739 4085 819 4127 nunc
843 4077 924 4127 tanta
976 4075 1004 4123 et
1017 4081 1076 4124 non
1094 4065 1216 4122 obsistas
1235 4064 1308 4122 mibi
1329 4064 1393 4136 (ter.
1410 4077 1460 4130 vu,
1478 4061 1560 4134 llil.»
1582 4063 1627 4118 Ex
1642 4063 1751 4134 quibus
1780 4062 1825 4118 vi·

77 4153 227 4225 diligentia
251 4153 310 4210 tuis
338 4156 487 4225 pirovidcas
511 4156 635 4224 filiabus,
659 4167 771 4231 quanta
797 4167 866 4218 tunc
881 4174 924 4216 su-
977 4154 1078 4211 delicet
1115 4153 1214 4210 verbis
1240 4152 1389 4210 manifeste
1414 4151 1555 4208 Dominus
1589 4150 1648 4220 ipse
1673 4150 1827 4222 proiltetur

77 4242 202 4309 roribus,
224 4242 367 4300 satisesse
388 4246 531 4303 credimus
547 4256 578 4305 ut
599 4248 660 4319 jam
683 4250 802 4306 omnino
826 4263 924 4319 super·
976 4243 1120 4301 orationes
1150 4250 1317 4300 sanctorum
1332 4240 1415 4311 quasi
1430 4239 1576 4312 quoddam
1591 4239 1704 4295 irenum
1720 4238 1770 4294 irae
1786 4237 1829 4309 ip

78 4329 168 4387 fluam
184 4330 342 4388 doctrinam
355 4334 399 4390 vel
412 4335 638 4394 exhortationem
655 4346 782 4396 nostram
796 4338 920 4396 arbitre-
977 4335 1036 4390 sius
1051 4333 1213 4400 immittere,
1224 4347 1282 4404 qno
1296 4330 1403 4388 scilicet
1418 4331 1480 4400 ipsa
1493 4336 1667 4396 coerceatur,
1683 4341 1720 4383 ne
1734 4340 1828 4398 quan·

79 4433 156 4477 mur.
173 4419 223 4477 Sin
242 4429 338 4479 antem
353 4424 509 4481 humilitati
522 4432 579 4482 tuae
594 4426 677 4483 aliter
697 4427 823 4496 videtur,
851 4427 921 4483 etin
978 4431 1039 4481 tunt
1056 4422 1157 4480 merita
1172 4420 1352 4493 peccantium
1366 4418 1490 4490 exigunt
1505 4417 1566 4487 ipsa
1596 4416 1627 4472 in
1648 4429 1695 4472 eos
1716 4415 1826 4472 saevial.

79 4509 114 4566 iis
130 4509 216 4567 etiam
233 4525 300 4582 qna
321 4511 357 4567 ad
383 4513 476 4569 Deum
489 4514 632 4584 pertinent
647 4514 809 4588 magisterio
824 4523 923 4572 nostro
978 4514 1015 4571 Ut
1029 4526 1116 4584 quem
1148 4511 1184 4568 ad
1214 4509 1370 4567 vindictam
1391 4505 1503 4578 justitia
1522 4504 1605 4577 quasi
1635 4512 1827 4576 spontaneum

79 4606 167 4671 atque
190 4599 305 4671 scriptis
323 4600 444 4673 indiges,
479 4616 565 4673 super
583 4602 629 4660 bis
648 4618 714 4676 qna
733 4604 804 4661 velis
832 4603 925 4661 scribe
979 4600 1067 4672 ducit,
1084 4599 1245 4656 amicorum
1263 4593 1435 4667 supplicatio
1459 4592 1565 4663 liectat,
1582 4596 1610 4650 et
1626 4600 1768 4663 tanquam
1784 4591 1829 4647 in·

79 4688 162 4756 milti,
185 4697 218 4747 ut
243 4689 279 4746 ad
299 4690 390 4761 ipsam
414 4691 569 4748 rescribam
586 4700 672 4763 prout
687 4693 827 4749 Dominus
854 4691 925 4749 mibi
977 4689 1070 4745 ritum
1085 4687 1168 4758 quasi
1187 4686 1217 4741 vi
1236 4685 1363 4756 quadam
1387 4683 1518 4741 retineat.
1535 4680 1702 4753 sicqnippe
1731 4681 1827 4737 oranti

80 4778 225 4834 annuerit.
243 4779 299 4835 Deo
323 4787 418 4836 autem
437 4781 621 4851 gratias,qui
636 4781 873 4852 gravissimorum
897 4787 926 4838 ct
978 4777 1156 4833 veloratum
1179 4775 1307 4833 dicitur:
1335 4771 1482 4829 «Dimitte
1502 4785 1557 4836 me,
1578 4778 1606 4829 et
1636 4784 1673 4826 ne
1704 4768 1830 4826 obsistas

80 4865 263 4923 assiduorum
299 4867 494 4938 periculorum
534 4882 666 4926 meorum
704 4868 926 4927 sollicitudinem
979 4864 1058 4923 milti.
1074 4885 1085 4913 »
1104 4861 1233 4935 Praecipit
1257 4861 1620 4931 Dominnsneoreturpro
1635 4857 1742 4928 impiis.
1757 4857 1827 4914 Orat

64 4948 182 5012 'vestus
196 4954 330 5012 cordibus
350 4956 505 5026 inspirans,
533 4956 698 5015 afflictionis
725 4957 926 5030 mempartici-
976 4953 1082 5026 justus,
1112 4952 1234 5010 Domino
1271 4949 1448 5023 probibente,
1477 4954 1505 5007 et
1540 4949 1577 5004 ab
1604 4947 1666 5018 ipso
1694 4946 1831 5017 impetrat

80 5057 130 5115 pes
144 5056 195 5100 vos
217 5043 291 5111 lecit,
308 5052 340 5102 ut
354 5047 518 5104 orationum
536 5045 675 5119 suliragio
701 5055 864 5106 vestrarum
887 5047 928 5103 di·
980 5043 1058 5116 quod
1073 5041 1209 5114 postulat,
1224 5048 1253 5097 et
1273 5038 1340 5096 irati
1355 5034 1463 5110 indicis
1485 5037 1658 5093 senteutiam
1683 5035 1828 5091 immutat.

80 5133 150 5190 rina
176 5131 322 5189 miseratio
344 5147 391 5190 me
413 5141 553 5209 protegat,
582 5141 610 5194 et
634 5134 769 5193 velociter
791 5135 926 5192 satanam
981 5132 1026 5189 Sic
1049 5130 1155 5204 qnippe
1174 5129 1209 5187 dc
1236 5129 1331 5200 lloyse
1360 5125 1550 5197 subjunctum
1578 5131 1638 5181 cst:
1673 5123 1708 5181 Et
1736 5121 1832 5194 placa-

80 5219 269 5294 subpedibns
292 5222 398 5279 nostris
411 5227 548 5282 conterat.
578 5224 621 5282 ud
634 5225 690 5283 boc
704 5232 799 5282 autem
824 5223 928 5293 preci·
980 5227 1029 5277 tus
1040 5218 1133 5278 iaetus
1146 5225 1190 5276 est
1215 5215 1354 5274 Dominus
1369 5213 1404 5272 de
1426 5213 1610 5284 malignitate
1636 5225 1728 5284 quam
1755 5209 1832 5268 dixit

82 5323 138 5381 pne
152 5309 330 5382 psalterium,
358 5309 437 5382 qnod
464 5326 482 5368 a
507 5325 553 5370 me
567 5313 686 5372 sollicite
705 5312 862 5385 requisisti,
878 5325 927 5368 so-
981 5309 1074 5366 iacere
1093 5307 1199 5381 populo
1237 5319 1291 5362 suo
1316 5301 1415 5376 (duod.
1442 5314 1535 5370 xxxn,
1568 5302 1622 5373 tl).
1642 5322 1656 5352 o
1682 5300 1831 5372 Scriptum

82 5411 131 5457 ror
144 5398 175 5455 in
193 5398 299 5457 seculo
314 5399 462 5472 quondam
477 5399 577 5471 cbara,
595 5415 676 5460 nnnc
692 5402 721 5458 in
737 5399 926 5460 cbristocba·
980 5406 1024 5456 est
1035 5397 1104 5455 alibi
1117 5396 1152 5454 de
1166 5390 1457 5463 uniremisoperibns
1470 5388 1519 5447 Dei
1535 5403 1541 5444 :
1560 5412 1572 5441 ι
1589 5389 1680 5457 Dixit,
1696 5396 1726 5445 et
1754 5388 1831 5446 tacta

137 5487 323 5557 manutere
338 5489 495 5548 maturavi.
526 5489 559 5548 ln
571 5504 631 5563 qno
645 5489 777 5549 videlicet
795 5502 849 5562 pro
874 5503 928 5548 uo·
984 5494 1053 5548 sunt
1066 5486 1150 5561 (Prot
1165 5498 1220 5544 cxn
1233 5497 1294 5551 un,
1310 5481 1379 5555 5)·¹·
1400 5477 1460 5538 lioc
1478 5484 1575 5537 auum
1589 5479 1650 5538 loco
1676 5485 1704 5536 et
1722 5475 1833 5536 dixisse
