3736 5962
45 230 108 288 tlte
799 235 853 291 stc
871 235 917 291 ET
934 235 1016 293 llelt.
1714 237 1782 293 tite

13 376 44 385 —
58 355 125 412 ihus
140 356 259 427 prolicit,
275 363 302 413 ot
316 356 362 413 liic
390 359 419 413 iu
433 358 550 425 saeculo,
565 359 644 430 quod
664 358 841 417 eredendum
857 367 884 417 et
898 363 922 414 Α
938 374 1024 417 earne
1038 365 1270 432 praenuntiarunt
1289 359 1445 427 Christum,
1469 372 1555 430 quem
1569 358 1656 417 etiam
1672 357 1716 417 illi
1728 360 1781 432 qul

18 440 250 501 -hservandum
278 452 330 514 est,
347 446 486 503 docuitet
506 447 540 503 de
570 446 681 504 interno
703 461 802 504 omnes
822 447 879 504 eri·
936 465 1003 506 eum
1031 449 1143 506 venisse
1176 449 1350 505 nuntiarunt
1388 455 1568 505 sacramenta
1602 462 1663 505 esse
1691 454 1781 519 poiu-

14 526 110 588 Ι“-ιιιι.
141 533 233 587 ltern:
265 532 343 590 Sicut
368 542 396 590 ιι
436 535 472 590 ad
496 534 610 591 Galatas
647 537 700 603 (ru,
735 537 774 604 lt)
801 535 879 592 dicit.

16 619 161 674 ''hristns
190 621 363 676 nosredemit
380 622 493 692 offerens
510 637 538 677 sc
565 638 617 692 pro
631 623 718 678 nobis.
748 624 883 680 Permisit

45 707 113 764 nim
136 723 165 764 se
192 710 299 765 volenti
326 710 449 777 diabolo,
480 710 529 766 sed
565 710 734 782 imprasclo.
773 712 883 768 Putaus

12 794 113 851 -nim
139 797 285 854 Christum
317 813 346 854 se
372 811 452 868 posse
482 799 618 866 retinere,
651 799 722 870 quia
742 799 882 856 virtutem

45 882 189 953 justene
203 900 259 940 ιιιιι
272 886 376 955 potuit,
387 900 486 942 omncs
501 900 574 957 quos
588 888 701 943 tenebat
714 887 800 944 simul
815 902 882 944 curn

20 970 127 1028 :retia
147 973 251 1028 atnisit.
273 975 345 1028 ltont
363 990 369 1027 :
389 974 423 1029 Ει
452 974 636 1030 ιιιιιιιιιιιιιιι
665 983 707 1031 ιιι
736 988 835 1032 omues
855 977 884 1032 in

13 1058 129 1116 :idam
146 1074 276 1130 peccasse
287 1062 372 1131 quasi
389 1062 417 1116 in
429 1074 533 1127 tttassa,
562 1063 633 1117 Item
648 1078 654 1116 :
668 1064 745 1119 hlors
757 1064 884 1120 secunda

12 1158 67 1209 '-n
87 1153 229 1221 gehenna,
251 1163 340 1219 tquam
368 1164 425 1204 nou
443 1158 558 1219 peccato
585 1152 654 1206 Adra
679 1151 818 1221 patimur,
834 1153 883 1208 sed

12 1244 101 1315 'jus
117 1243 265 1298 occasione
290 1238 414 1308 propriis
442 1239 564 1308 peccatis
591 1239 762 1310 acquiritur,
788 1253 884 1309 aqua

18 1331 106 1388 :toni
129 1329 273 1384 immunes
307 1333 401 1381 tamen
431 1333 510 1393 sunt,
532 1326 589 1382 nisi
614 1327 693 1398 quod
713 1327 744 1382 iu
772 1325 884 1383 interno

12 1426 131 1485 ·.trant,
148 1417 196 1472 sed
211 1414 362 1484 superiori.
380 1414 474 1468 ltem:
498 1414 625 1470 Gratiam
652 1421 747 1471 autem
776 1414 825 1470 liei
854 1413 883 1469 in

12 1508 137 1564 ⁷·alures
164 1504 313 1558 abundare
335 1501 413 1568 dicit,
441 1502 510 1572 quia
529 1509 556 1558 et
583 1502 611 1557 iu
635 1502 680 1557 bis
702 1502 754 1572 qui
782 1501 884 1558 delicto

12 1636 15 1641 -
39 1595 109 1652 idae
124 1593 230 1649 mortui
247 1591 386 1645 dicuntur
414 1590 548 1646 similiter
566 1599 727 1660 peccantes,
743 1596 771 1647 et
794 1590 824 1645 iu
840 1589 885 1645 his

937 547 1023 596 erunt
1063 553 1113 610 per
1147 546 1311 609 temporum
1350 536 1543 593 diversitatem
1590 536 1717 606 divom,
1744 536 1783 595 ad

937 628 1076 685 unitatem
1106 635 1202 683 tamen
1231 624 1358 697 ejusdem
1389 625 1452 681 ildei
1488 624 1709 682 concordissime
1736 638 1783 683 re·

937 716 1094 773 currentia.
1125 716 1267 785 Scriptum
1292 722 1334 770 est
1364 715 1392 769 in
1428 713 1547 769 actibus
1585 710 1783 782 apostolorum

938 805 993 876 (xv,
1019 805 1063 873 llll
1086 805 1222 875 loquente
1248 806 1349 859 Petro:
1375 802 1448 868 Quid
1477 803 1589 857 tentetis
1615 804 1711 870 Deum,
1731 800 1785 872 jat-

937 909 1001 960 pnm
1021 897 1166 962 imponere,
1194 892 1268 962 qnod
1286 907 1372 961 neque
1386 896 1479 960 potres
1508 891 1605 956 nostri,
1629 904 1717 960 ncqtoe
1735 904 1785 947 not
1805 900 1829 933 ἦ

936 985 1048 1051 portare
1056 983 1196 1048 potuimus
1209 979 1286 1033 iSerl
1297 995 1348 1048 per
1371 982 1491 1046 qratiam
1508 981 1617 1034 Donnini
1638 980 1703 1033 lete
1726 992 1785 1035 ere·

938 1069 1028 1123 dimtts
1065 1069 1179 1132 solenni,
1210 1065 1437 1135 queamdmodum
1463 1070 1489 1119 et
1522 1065 1572 1120 lttt'.
1607 1063 1635 1121 Si
1662 1078 1732 1137 ergo
1756 1072 1785 1123 et

940 1156 980 1212 illi
998 1170 1048 1226 per
1072 1155 1196 1227 gratiam
1223 1154 1335 1210 bomini
1356 1154 1423 1210 lesu
1446 1154 1541 1210 salvos
1569 1152 1629 1209 lieri
1645 1166 1675 1210 se
1692 1152 1784 1211 eredi-

939 1244 1054 1310 derunt,
1068 1243 1254 1298 ntanilestum
1268 1250 1319 1309 cst,
1337 1242 1477 1313 quoniam
1492 1240 1554 1298 htec
1578 1241 1673 1313 gralia
1686 1248 1716 1299 et
1731 1255 1782 1298 au·

941 1331 1036 1401 tiques
1043 1333 1136 1402 justos
1145 1330 1241 1386 vivere
1253 1330 1318 1386 lecit
1329 1344 1366 1385 ex
1378 1329 1443 1386 ilde.
1455 1330 1556 1385 iustus
1567 1337 1665 1386 autern
1679 1342 1715 1386 ex
1729 1328 1785 1387 lide

939 1419 1026 1474 vivit.
1055 1419 1176 1475 Proinde
1198 1432 1266 1474 eunt
1293 1432 1391 1474 omues
1417 1417 1499 1489 justi,
1522 1417 1575 1473 hoo
1597 1425 1641 1473 est
1668 1430 1785 1475 veraces

939 1506 989 1561 Dei
1006 1506 1131 1562 cultores
1156 1506 1217 1563 sive
1231 1513 1297 1561 ante
1317 1505 1557 1572 incarnationem,
1574 1505 1712 1577 strepost
1739 1504 1782 1563 in·

938 1595 1135 1652 tornationem
1155 1595 1269 1659 Christi,
1285 1609 1337 1650 nec
1351 1593 1489 1662 vixerint,
1515 1607 1568 1649 nee
1590 1593 1702 1661 vivant,
1727 1592 1785 1651 nisi

11 1685 92 1756 ,qui
108 1698 164 1739 non
179 1688 368 1752 peccaverunt
386 1681 415 1735 in
436 1681 495 1735 haec
508 1678 598 1750 [hdae]
614 1680 802 1735 similitudine
814 1693 884 1748 prte-
901 1697 921 1751 B
939 1697 975 1740 ex
992 1683 1046 1739 lide
1074 1684 1282 1739 iucarnationis
1309 1683 1426 1748 Christi,
1457 1682 1486 1737 in
1508 1696 1566 1752 quo
1579 1680 1680 1752 gratiae
1693 1678 1785 1751 pleni·

39 1772 224 1832 caricationis
237 1770 300 1840 [bei
314 1769 408 1839 gratia
427 1768 611 1838 abundavit].
638 1770 759 1823 Paterno
787 1775 885 1823 autem

11 1867 155 1932 :peccato
170 1873 206 1914 ex
221 1857 364 1914 sententia
392 1855 443 1911 Dei
466 1863 549 1912 erant
568 1856 646 1925 apud
676 1855 790 1919 interos,
819 1869 886 1926 gra·

38 1951 82 2007 tia
98 1948 147 2004 lici
164 1945 323 2002 abundavit
351 1945 380 1999 iu
396 1945 533 2000 descensu
556 1942 723 2011 Salvatoris‚
748 1943 887 2000 omnibus

11 2040 115 2097 :dans
128 2034 338 2104 indulgentiam
353 2046 420 2088 oum
434 2032 581 2102 triumpho
592 2032 716 2089 sublatis
730 2032 771 2088 eis
787 2033 816 2087 iu
831 2047 886 2088 ooe·

11 2125 115 2184 §.lum
132 2123 210 2177 Idem
230 2126 259 2175 in
285 2120 414 2190 Epistola
438 2120 475 2173 od
499 2121 664 2175 colossenses
689 2119 721 2187 lt,
744 2117 807 2189 l3];
835 2120 888 2185 Oai

11 2217 143 2283 :eripttit
161 2226 210 2265 nos
225 2211 257 2265 de
269 2214 401 2279 potestate
424 2208 609 2274 tenebrarum,
624 2217 678 2264 ele.
702 2209 739 2262 ln
758 2224 810 2275 quo
837 2208 886 2263 he·

27 2301 134 2362 :bemus
149 2300 369 2368 redemptionem,
385 2304 439 2352 etc.
457 2297 528 2351 Nam
545 2296 607 2351 sine
629 2295 686 2351 fide
702 2295 808 2353 Christi
822 2297 887 2351 uul-

11 2392 89 2447 ·lus
101 2401 233 2459 egressus
247 2394 289 2441 est
310 2385 345 2441 de
360 2382 483 2450 inferno,
505 2383 576 2454 quia
589 2383 736 2454 obligatus
765 2384 888 2453 peccatis

11 2508 24 2515 -
39 2478 123 2534 exire
132 2478 238 2545 ianuas
252 2474 353 2530 tartari
375 2487 434 2528 non
458 2479 560 2541 potest.
591 2474 741 2540 Greporins
755 2476 788 2528 in
801 2473 888 2527 homi·

941 1773 1021 1839 tudo,
1037 1770 1162 1841 prolecto
1176 1772 1254 1842 quod
1276 1771 1417 1842 seriptum
1437 1778 1479 1826 est
1502 1786 1556 1825 non
1571 1768 1718 1824 esseelind
1731 1782 1786 1824 ne·

939 1876 999 1915 men
1020 1860 1070 1914 sub
1090 1862 1165 1926 ento,
1197 1864 1227 1914 t'n
1243 1877 1294 1930 qno
1309 1865 1414 1930 oportet
1435 1859 1525 1914 saluos
1550 1859 1610 1928 lieri
1636 1871 1684 1912 nos
1707 1853 1783 1927 (Aet.

941 1964 978 2010 tv,
997 1951 1052 2019 lt),
1063 1963 1098 2003 ex
1114 1947 1161 2003 illo
1177 1956 1303 2019 tompore
1318 1948 1394 2004 valet
1409 1948 1444 2003 ad
1474 1946 1658 2013 salvandum,
1674 1957 1713 2001 ex
1726 1956 1785 2015 quo

941 2036 1071 2092 iuhdaut
1101 2036 1234 2092 vitiatum
1261 2044 1303 2093 est
1329 2049 1420 2106 genus
1447 2035 1619 2091 humanum.
1646 2032 1726 2088 Idem
1748 2030 1786 2087 ed

942 2124 1071 2179 Consulto
1090 2125 1215 2178 llt’iorti:
1234 2125 1267 2180 Ut
1290 2125 1415 2181 sciamus
1444 2124 1580 2194 antiquos
1592 2123 1696 2194 iustos,
1719 2119 1785 2193 qui·

941 2226 1057 2283 cunque
1069 2226 1130 2267 esse
1144 2220 1310 2282 potuerunt,
1328 2228 1386 2270 non
1414 2213 1467 2269 nisi
1484 2227 1535 2283 per
1549 2210 1679 2268 eamdem
1698 2208 1784 2265 iidem

942 2302 1087 2367 liberatos,
1109 2314 1268 2371 perquam
1295 2300 1452 2357 liberamus
1477 2315 1540 2369 nos,
1570 2299 1654 2354 lldetn
1679 2295 1786 2355 seilicet

941 2388 1148 2444 incarnationis
1162 2388 1275 2456 Christi,
1293 2404 1359 2460 qum
1373 2389 1428 2446 iliis
1445 2386 1706 2459 praenuntiabatur,
1731 2381 1785 2439 sie·

942 2485 975 2532 ut
1001 2483 1031 2532 et
1055 2476 1137 2533 nobis
1165 2478 1367 2533 annuntiatur.
1383 2476 1512 2532 Idemod
1534 2475 1715 2530 bardonem:
1730 2470 1785 2527 Sa·

10 2567 82 2633 2lio
111 2564 225 2620 sohbntt'
253 2565 331 2629 t'ttsra
358 2567 466 2616 octonos
492 2562 626 2617 Poschae:
656 2561 721 2616 llaec
749 2560 888 2617 festivitas
941 2571 1122 2621 uramentum
1146 2565 1370 2637 regenerationis
1385 2573 1490 2620 nostrat
1513 2562 1699 2619 manifestum
1724 2572 1787 2617 etse

11 2660 119 2711 ..recte
139 2652 193 2706 ilici
210 2657 299 2721 potest
315 2650 479 2705 solemnitas
497 2649 720 2704 solemnitatum.
736 2650 791 2705 Per
812 2649 888 2704 hanc
941 2653 1032 2709 voluit
1062 2653 1231 2709 manilcstus
1256 2654 1404 2709 mediator.
1433 2654 1504 2709 Erat
1529 2659 1627 2708 autent
1653 2646 1786 2719 antiquis

10 2739 200 2813 ,aelectiqni
225 2739 361 2808 quamvis
393 2738 422 2793 in
455 2738 671 2808 tranquillitatis
698 2738 764 2795 siun
790 2745 887 2794 tamen
939 2740 1026 2811 justis
1038 2741 1156 2811 aliquod
1170 2742 1326 2809 occultum,
1349 2755 1416 2798 cum
1433 2751 1529 2797 tarneu
1544 2738 1584 2794 illi
1608 2737 1707 2795 eadem
1730 2734 1786 2791 ilde

10 2829 122 2899 „apud
139 2828 242 2883 interni
257 2827 383 2882 claustra
396 2826 624 2890 tenebantur,ad
638 2825 763 2896 paradisi
774 2839 887 2881 amoena
943 2830 1042 2884 tierent
1075 2829 1157 2895 salvi,
1178 2843 1245 2900 qum
1275 2844 1327 2886 suo
1363 2837 1490 2899 tempore
1514 2827 1606 2883 luerat
1617 2822 1783 2882 revelanda.

10 2962 28 2991 Ι,
41 2917 154 2975 reducti
170 2922 248 2971 sunt.
267 2915 348 2978 Quod
364 2921 429 2969 ante
454 2914 615 2984 passionem
644 2928 727 2969 suam
750 2914 888 2970 llotninus
942 2917 1002 2972 Non
1017 2917 1094 2971 enirn
1110 2917 1251 2973 audemus
1266 2916 1363 2974 lldeles
1383 2917 1473 2973 uestri
1495 2914 1630 2986 temporis
1648 2909 1783 2984 preferre

10 3050 27 3082 ς.
41 3004 127 3072 dixit,
143 3008 173 3059 lu
188 3004 398 3059 resurrectione
410 3015 464 3057 sua
478 3002 669 3071 adimplevit:
690 2996 729 3058 Si'
747 3003 885 3057 exaltatas
902 2981 926 3042 0
943 3004 1110 3071 amicisllei,
1128 3018 1178 3073 per
1190 3020 1263 3075 quos
1277 3005 1360 3060 nohis
1375 3005 1428 3060 isla
1443 3004 1613 3075 prophetata
1626 3006 1705 3069 sunt,
1716 3012 1784 3056 eunt

10 3096 153 3162 ,theron
183 3097 266 3158 terro,
293 3092 384 3145 omnic
416 3090 526 3145 trahem
555 3090 592 3144 od
616 3106 658 3145 nte
682 3092 774 3160 ipsum
794 3090 885 3158 (loen.
943 3091 1032 3146 Deum
1054 3090 1211 3155 Abraham,
1235 3091 1316 3147 Isaac
1343 3099 1371 3147 et
1384 3091 1471 3149 tacoh
1495 3091 1535 3146 ita
1558 3088 1786 3145 seDeumeent·

42 3195 100 3244 xit,
118 3180 174 3249 ιι).
201 3179 304 3235 Omnia
330 3179 407 3234 euim
436 3179 534 3244 traxit,
565 3178 636 3246 quia
663 3178 698 3233 de
717 3177 887 3234 electissuis

13 3300 24 3345 ι
41 3270 157 3326 nullum
174 3268 250 3339 apud
266 3267 370 3322 interos
392 3264 518 3336 reliquit.
546 3265 649 3321 Omnia
676 3265 804 3333 abstulit,
827 3266 887 3321 uti-

41 3371 101 3428 que
119 3355 217 3412 electa.
236 3355 335 3426 Neque
364 3355 442 3409 euim
468 3352 595 3409 infideles
624 3367 759 3424 quosque
784 3360 812 3410 et
836 3368 886 3425 pro

15 3484 23 3511 ,
42 3446 105 3502 suis
119 3444 292 3500 criminibus
306 3443 423 3499 aeternis
438 3441 588 3512 suppliciis
598 3440 708 3497 deditos
720 3442 755 3498 ad
771 3443 885 3498 vertiam

10 3576 19 3603 ,.
41 3534 220 3604 resurgendo
237 3532 393 3601 reparavit,
418 3530 548 3586 sedilios
574 3544 611 3586 ex
632 3529 738 3585 interni
752 3529 887 3586 claustris

42 3621 149 3691 rapuit,
166 3635 240 3690 quos
255 3633 323 3676 suos
334 3619 363 3674 in
380 3618 435 3674 ude
447 3625 475 3674 et
488 3617 600 3673 actibus
613 3618 788 3689 recognovit.
805 3617 886 3674 Unde

9 3698 17 3779 J
43 3717 119 3765 recte
133 3716 160 3765 et
174 3721 224 3778 per
242 3709 311 3763 Osee
340 3707 414 3777 lxiii,
448 3706 490 3777 tl)
510 3706 617 3762 dicitur
633 3721 639 3760 :
656 3708 710 3760 Ero
737 3720 810 3760 mors
826 3710 885 3766 tna,

9 3786 163 3863 {emorsz
191 3812 236 3851 ero
263 3810 368 3851 morsus
398 3801 472 3862 tntts,
501 3793 673 3861 einsernel
702 3794 732 3849 ld
760 3807 888 3865 namque

9 3872 18 3953 s
41 3886 121 3958 quod
146 3885 303 3942 occidimus
324 3885 448 3955 agimus,
465 3890 497 3939 ut
518 3883 631 3952 penitus
645 3895 704 3938 non
727 3883 772 3937 ιιι.
794 3882 841 3938 lix
855 3896 888 3938 eo

9 3966 12 4029 1
41 3975 161 4041 etenim,
190 3974 267 4045 quod
288 3973 463 4038 mordemus,
500 3980 611 4041 partem
638 3970 834 4027 abstrahimus
859 3978 888 4027 et

942 3178 1158 3249 mentorem-tt),
1180 3185 1212 3233 ut
1234 3178 1286 3234 hnc
1308 3179 1384 3235 dicat
1408 3193 1493 3235 suunt
1521 3191 1624 3234 nomen
1648 3175 1678 3231 in
1699 3180 1783 3231 teter·

941 3265 1118 3321 nunr.1dem
1137 3265 1170 3319 de
1182 3269 1288 3335 nuptiis
1305 3273 1331 3321 et
1346 3267 1574 3336 concupiscentie,
1593 3264 1640 3319 lib.
1657 3263 1681 3318 ll
1697 3276 1704 3317 :
1719 3258 1783 3317 Nou

941 3353 1019 3425 quod
1041 3361 1106 3408 ante
1130 3353 1377 3411 circumcisionem
1400 3355 1515 3427 iustitia
1534 3353 1600 3409 ildei
1615 3351 1697 3407 nulla
1709 3355 1783 3416 erat,

941 3456 1009 3500 uam
1033 3457 1099 3500 eum
1115 3444 1211 3501 adhuc
1228 3453 1301 3501 esset
1317 3445 1345 3500 iu
1377 3443 1525 3515 praeputio,
1548 3455 1585 3498 ex
1602 3440 1656 3497 ilde
1672 3436 1781 3511 lustiti-

941 3539 1024 3587 caius
1039 3540 1081 3588 est
1100 3532 1161 3602 ipse
1174 3534 1330 3596 Abraham,
1351 3538 1432 3601 pater
1451 3531 1591 3602 gentium,
1608 3542 1675 3600 que
1697 3525 1783 3583 tidem

941 3620 1031 3689 ipsius
1060 3629 1143 3677 erant
1175 3630 1335 3686 sectatore,
1355 3620 1402 3676 sed
1421 3619 1621 3689 superioribus
1647 3612 1785 3686 tempori·

942 3709 997 3764 hus
1013 3710 1091 3765 omni
1108 3710 1190 3765 modo
1212 3710 1297 3766 latuit
1326 3711 1539 3765 sacramentum
1567 3702 1785 3778 justificationis

942 3810 977 3853 ex
993 3797 1056 3853 ilde.
1074 3799 1180 3853 Eadem
1209 3805 1303 3854 tamen
1333 3798 1402 3854 lidos
1423 3797 1517 3853 salvos
1543 3796 1638 3867 justos
1662 3790 1787 3849 leniebat

942 3886 1090 3957 antiquos,
1105 3885 1226 3956 pusillos
1241 3901 1308 3942 cum
1323 3886 1446 3957 magnis,
1463 3898 1520 3940 non
1533 3890 1617 3939 tetus
1628 3886 1785 3937 testamen-

942 3984 1014 4042 tum,
1032 3976 1109 4045 quod
1125 3976 1154 4030 in
1169 3975 1337 4030 servitutem
1353 3981 1480 4043 poneret,
1497 3986 1554 4028 non
1570 3971 1626 4031 lex.
1643 3982 1710 4039 que
1724 3980 1783 4023 nou

9 4048 12 4125 Ῐ
42 4071 154 4134 partem
171 4061 373 4132 relinquimus.
393 4060 547 4131 bortergo
577 4059 607 4115 in
623 4058 718 4116 electis
738 4060 800 4116 suis
824 4060 887 4115 lun·
942 4064 982 4120 sic
997 4063 1063 4118 data
1079 4069 1131 4129 est,
1148 4076 1214 4132 quae
1238 4069 1330 4132 posset
1357 4060 1527 4132 iustificare,
1560 4059 1608 4115 sed
1623 4054 1719 4129 gratia
1734 4053 1786 4112 Dei

40 4151 242 4209 ditusoccidlt
274 4157 406 4213 mortem,
445 4163 523 4205 mors
550 4150 650 4204 mortis
672 4147 790 4205 exstitit.
814 4148 886 4216 Quia
944 4154 1099 4222 pertesum
1112 4151 1258 4208 Christum
1275 4151 1428 4205 Dolltinuln
1445 4156 1586 4204 nostrum.
1615 4144 1687 4212 Quia
1711 4141 1785 4201 siout

40 4255 112 4296 vcro
135 4253 171 4295 ex
186 4239 299 4294 inlerno
327 4245 435 4307 partem
452 4236 571 4292 abstulit
585 4244 613 4292 et
634 4245 744 4306 partem
760 4236 886 4308 reliquit,
903 4246 926 4301 lt
943 4240 1088 4297 credimus
1114 4253 1166 4295 nos
1197 4238 1344 4296 Christum
1373 4238 1401 4292 in
1422 4250 1509 4293 earne
1540 4236 1663 4302 venisse,
1689 4233 1732 4289 aio
1745 4230 1787 4288 illi

40 4327 213 4385 nonoccidit
229 4327 369 4395 luttditus,
381 4326 427 4383 sed
439 4325 592 4382 momordit
604 4323 762 4382 internum.
774 4327 888 4396 Auens·
944 4337 1102 4387 venturum
1118 4345 1126 4400 ;
1143 4329 1218 4384 sicut
1231 4340 1282 4382 nos
1298 4334 1457 4391 mortuum,
1473 4326 1512 4380 ita
1538 4324 1577 4380 illi
1589 4324 1787 4389 moriturum

39 4419 133 4472 stirttts
155 4418 192 4471 od
210 4418 363 4486 Optolnm:
389 4414 441 4471 llla
457 4423 552 4471 tamen
567 4416 603 4470 sit
626 4415 696 4471 ildes
719 4416 810 4484 salva,
830 4432 891 4488 qua

39 4505 189 4560 credimus
204 4504 318 4559 nullum
335 4503 478 4559 hominem
494 4501 609 4557 litterari
625 4515 642 4557 a
660 4503 793 4575 contagio
812 4517 889 4561 mor·

40 4594 91 4659 tis,
108 4593 187 4661 quod
205 4593 298 4661 prima
313 4591 464 4648 nativitate
477 4590 633 4656 contraxit,
649 4590 704 4646 nisi
726 4606 776 4660 per
795 4606 890 4648 unum

41 4681 241 4738 mediatorem.
258 4681 349 4751 Cujus
375 4679 500 4735 hontinis
526 4677 714 4749 eiusdemque
742 4680 790 4735 liei
810 4682 891 4738 salu-

39 4768 173 4826 berrima
189 4770 339 4825 lideetiam
352 4768 393 4824 illi
408 4767 481 4823 salvi
506 4767 573 4823 iacti
602 4775 681 4834 ιιιιιι,
712 4768 774 4838 qni,
793 4768 889 4839 prius-

39 4872 133 4930 quam
149 4858 258 4914 veuiret
274 4858 414 4923 incarne,
438 4857 622 4913 crediderunt
638 4857 667 4911 in
689 4870 775 4912 carne
789 4864 890 4912 ventu-

38 4961 120 5005 rum.
139 4947 245 5002 Eadem
270 4947 340 5002 biles
363 4960 489 5017 namque
504 4955 546 5001 est
562 4953 589 5001 et
605 4955 702 5002 nostra
715 4953 744 5001 et
760 4944 887 5011 illorum,

38 5035 184 5105 quoniam
214 5035 254 5090 illi
279 5035 463 5091 crediderunt
488 5041 656 5101 venturum,
683 5043 778 5090 etnos
797 5033 888 5090 credi·

40 5138 110 5180 mus
124 5125 243 5180 iaciunt.
271 5124 350 5180 Unde
378 5123 446 5179 dicit
471 5122 622 5193 Apostolus
637 5123 747 5191 (licor.
775 5135 815 5190 tv,
840 5122 887 5190 la)

39 5213 176 5268 Habentes
185 5220 276 5266 otttem
304 5213 424 5266 eamdem
447 5214 587 5283 spiritum.
614 5211 643 5266 Si
669 5225 738 5282 ergo
754 5210 887 5267 eumdem

39 5300 176 5370 spiritum
208 5301 271 5355 ildei
299 5308 326 5355 et
352 5301 392 5355 illi
409 5300 565 5366 habehant,
592 5300 645 5370 qui
669 5307 827 5358 venturum
858 5298 887 5355 in

79 5477 134 5545 (li)
149 5476 241 5532 Maur.
258 5490 264 5528 :
282 5476 325 5529 lin
339 5489 366 5529 se
381 5478 516 5532 Densesse
528 5477 706 5533 commendat.

944 4418 1018 4475 siout
1028 4432 1080 4473 nos
1094 4416 1295 4479 resurrexisse,
1315 4416 1353 4470 ita
1365 4414 1405 4469 illi
1416 4422 1648 4470 resurrecturum
1663 4426 1672 4482 ;
1694 4415 1722 4468 et
1735 4420 1789 4466 nos

944 4517 971 4564 et
995 4507 1036 4563 illi
1065 4506 1100 4562 ad
1122 4505 1265 4577 judicium
1291 4512 1470 4560 mortuorum
1485 4510 1513 4559 ιι
1529 4503 1661 4559 vivorum
1682 4506 1786 4558 ventu·

943 4610 1019 4652 rum.
1031 4595 1108 4649 Idem
1123 4596 1151 4648 in
1167 4594 1235 4648 libro
1250 4596 1288 4647 lle
1303 4596 1468 4662 correptione
1482 4597 1507 4646 et
1522 4593 1617 4658 pretio
1633 4606 1639 4645 :
1656 4588 1684 4647 st
1695 4588 1787 4658 enim,

944 4684 1017 4739 sicut
1026 4684 1136 4739 Veritas
1152 4682 1289 4753 loquitur,
1305 4696 1388 4737 nemo
1405 4680 1547 4737 liberatur
1562 4677 1785 4743 adamnalione,

944 4786 1010 4843 quat
1025 4772 1099 4828 iacta
1111 4774 1152 4828 est
1169 4772 1197 4827 in
1214 4770 1388 4838 actamnisi
1405 4783 1455 4840 per
1470 4769 1554 4825 fldem
1576 4769 1644 4826 lesu
1669 4764 1785 4832 Christi,

943 4868 971 4918 et
989 4869 1084 4917 tamen
1100 4860 1136 4916 ab
1150 4861 1204 4915 hac
1216 4858 1400 4915 damnatione
1416 4871 1475 4913 non
1500 4872 1530 4914 se
1556 4856 1722 4914 liberabunt
1733 4854 1786 4928 qui

944 4957 1101 5021 potuerunt
1115 4948 1209 5004 dicere
1219 4961 1276 5003 non
1292 4961 1322 5003 se
1337 4947 1453 5002 audisse
1467 4946 1659 5017 Evangeliunr
1671 4943 1787 5013 Christi,

942 5054 1009 5095 cum
1034 5040 1103 5094 tides
1119 5037 1272 5094 exauditu
1299 5038 1346 5104 sit,
1368 5044 1478 5107 quanto
1507 5036 1604 5092 minus
1631 5048 1661 5091 se
1688 5033 1789 5091 libera·

943 5128 1026 5193 hunt,
1043 5128 1094 5197 qui
1110 5126 1217 5182 dicturi
1238 5133 1317 5192 sunt,
1329 5124 1571 5196 perseverantiam
1592 5138 1651 5180 non
1675 5121 1786 5194 aceepi-

941 5230 1018 5272 mus.
1032 5214 1140 5271 iustior
1154 5215 1232 5270 onitu
1246 5215 1362 5271 videtur
1374 5213 1524 5270 excusatio
1543 5211 1711 5278 dicentium,
1727 5224 1785 5269 nou

941 5305 1105 5374 accepimus
1118 5303 1305 5372 audientiam,
1331 5317 1420 5373 quam
1437 5302 1604 5370 dicentium,
1633 5314 1692 5359 non
1705 5312 1783 5357 aeeo-
