3804 5962
111 193 162 258 ³51
575 191 680 251 PETRI
698 191 888 253 nummum
906 191 989 255 OPP.
1004 191 1096 255 PARS
1115 192 1139 252 1.
1155 187 1394 249 -tsrtstoum
1809 192 1862 249 ³52

112 318 205 377 tiones
217 316 285 390 (73),
299 315 365 375 vide
383 324 434 376 aut
463 317 539 375 hanc
563 316 701 376 uirtutem
731 318 867 379 studeam
886 334 959 379 con·
972 321 999 378 a
1013 333 1124 394 penses,
1139 318 1178 379 ad
1192 318 1328 377 meritum
1356 330 1409 375 nos
1428 314 1512 388 longe
1530 314 1692 388 superiores
1719 317 1862 385 invenias,

113 420 240 476 servare,
255 412 283 463 et
299 412 440 478 sesponle
462 406 598 479 periculis
612 406 787 481 objicientes,
814 410 864 468 sed
890 424 957 482 qua
1009 409 1118 483 quibus
1132 423 1184 468 ros
1198 408 1253 481 ipsi
1273 421 1332 465 non
1346 406 1434 464 aliam
1450 418 1539 479 quam
1555 405 1756 476 penitentium
1770 406 1863 464 uitam

106 496 205 569 'magis
233 495 351 568 angelos
385 510 475 567 quam
501 496 632 555 homines
657 498 844 567 attendentes,
875 500 957 559 tanta
1008 498 1162 568 ascribitis,
1178 505 1206 555 et
1221 497 1349 556 claustra
1364 503 1463 553 nostra
1482 509 1540 551 non
1556 495 1620 552 loce
1639 495 1799 568 dignitatis,
1813 497 1864 553 sed

108 580 264 644 securitate
284 586 329 641 sni
343 585 435 642 Deum
452 594 628 657 praesument
653 594 774 645 tentare.
789 586 847 645 Cur
869 589 956 645 etiam
1009 589 1185 660 ponitentiae
1211 601 1341 645 carceres
1369 584 1556 655 nuncupatis.
1586 585 1678 649 Onam
1708 592 1735 640 et
1760 585 1863 642 beatus

108 673 205 732 clerici
232 672 355 730 feminas
382 673 413 731 in
437 675 627 734 contubernio
653 690 707 733 suo
731 676 835 734 habere
858 677 955 747 probi·
1009 679 1235 750 Hieronymusa
1261 677 1322 734 vita
1344 675 1516 734 clericorum
1540 674 1732 745 distinguens,
1755 673 1792 730 ad
1808 676 1863 730 He-

108 763 225 831 bentur,
256 762 312 819 nisi
346 762 417 821 tales
457 764 716 837 consanguinitatis
750 779 896 836 personas,
922 767 956 825 de
1008 768 1155 828 lindosum
1176 767 1210 825 de
1221 773 1313 823 morte
1331 764 1479 836 Nepotiani
1495 763 1594 820 scribit
1609 762 1654 820 ltis
1670 763 1766 820 verbis
1782 780 1816 820 z«
1832 763 1861 820 Si

109 851 218 927 quibus
247 851 330 908 nulla
351 852 475 924 suspicio
502 853 690 924 turpitudinis
710 855 797 924 possit
825 854 951 911 baberi?
1008 857 1077 929 guis
1103 856 1202 914 relicto
1223 855 1362 913 clericatu
1381 853 1495 910 duritiae
1522 867 1552 908 se
1589 852 1739 910 tradiderit
1761 866 1862 909 mona-

109 943 187 1009 Quas
201 955 319 1014 qnoque
344 949 438 999 vester
457 943 588 1009 maxime,
606 949 638 1000 ut
666 942 768 1011 dicitis,
798 951 956 1015 preceptor
1008 946 1143 1014 chorum,
1162 945 1193 1002 lit
1207 945 1306 1002 creber
1332 943 1362 1000 in
1387 940 1577 1008 orationibus,
1598 940 1724 1012 vigilans
1747 941 1777 997 in
1798 954 1862 1012 pre·

103 1024 294 1109 angustinus
324 1029 470 1087 intantum
498 1030 642 1088 declinare
675 1031 810 1100 decrevit,
853 1040 884 1089 ut
903 1046 957 1091 nec
1008 1036 1110 1105 cando,
1146 1035 1289 1106 iacrymas
1316 1034 1385 1100 beo,
1413 1046 1471 1088 non
1508 1030 1675 1087 hominibus
1715 1029 1825 1087 offerat.
1842 1051 1857 1081 s

109 1119 320 1177 sanctissimam
344 1132 469 1175 sororem
498 1132 597 1176 secum
626 1118 758 1177 babitare
794 1120 955 1192 pertulerit,
1008 1122 1090 1182 certe
1103 1123 1127 1180 si
1151 1122 1322 1180 elericorum
1346 1121 1453 1177 arctior
1467 1125 1540 1176 esset
1567 1118 1638 1186 vita,
1655 1125 1683 1175 et
1704 1118 1858 1190 qnieccle-

106 1198 231 1266 dicens:
250 1227 265 1258 ‹<
284 1207 435 1274 Quacum
454 1222 550 1265 sorore
569 1222 633 1265 mea
656 1217 734 1278 sunt,
751 1223 862 1267 sorores
886 1223 956 1267 meae
1008 1213 1124 1270 siastica
1143 1219 1272 1283 presunt
1286 1211 1435 1282 dignitate,
1453 1209 1520 1265 ritae
1548 1221 1665 1279 quoque
1693 1208 1859 1278 praemine

110 1305 300 1357 nunaunt.»
326 1298 385 1354 cur
405 1305 435 1355 ct
448 1312 500 1357 uos
523 1297 577 1370 ipsi
605 1298 735 1356 canonici
762 1300 911 1372 regulares
938 1312 956 1354 a
1009 1310 1074 1361 rent
1089 1301 1274 1359 austeritate:
1292 1312 1480 1370 nequaquam
1497 1296 1631 1354 monachi
1647 1303 1725 1353 tanto
1752 1296 1858 1353 deside-

108 1388 192 1446 vobis
211 1386 280 1458 ipsis
294 1387 406 1444 noviter
419 1387 565 1458 appellati,
591 1387 667 1444 siout
683 1394 712 1445 ct
726 1389 838 1445 noviter
851 1388 955 1457 exorti,
1008 1392 1052 1450 rio
1067 1397 1232 1461 appeterent
1243 1388 1413 1460 episcopari,
1435 1401 1488 1443 nec
1507 1385 1649 1456 spiritales
1665 1385 1761 1441 Patres
1777 1392 1858 1442 tanta

108 1490 216 1549 magno
235 1476 347 1533 ambitu
363 1488 515 1533 murorum
530 1475 657 1533 claustra
685 1484 782 1534 uestra
804 1479 954 1548 sepientes,
1009 1479 1202 1538 sollicitudine
1216 1477 1336 1535 clericos
1357 1476 1444 1534 etiam
1467 1476 1503 1532 ad
1518 1475 1709 1532 monasticam
1738 1486 1858 1531 conver-

110 1579 191 1624 more
217 1565 438 1635 monachorum,
470 1565 507 1622 ab
536 1564 677 1622 illecebris
694 1572 722 1623 et
747 1567 955 1624 tentationibus
971 1604 991 1660 B
1009 1569 1148 1626 sationem
1177 1566 1345 1623 invitarent.
1385 1565 1477 1629 Quale
1504 1571 1531 1620 et
1563 1563 1634 1619 illud
1663 1571 1705 1619 cst
1730 1563 1859 1633 praedicti

108 1651 208 1709 saecnli
223 1653 345 1733 nanctis
368 1652 481 1709 divisif
499 1652 529 1711 Si
550 1668 629 1726 crgo,
645 1662 677 1712 ut
696 1669 747 1712 vos
770 1669 888 1727 quoquc
902 1655 956 1712 do-
1009 1655 1132 1714 doctoris
1151 1654 1318 1728 presidium
1342 1654 1492 1711 diaconem
1506 1652 1686 1709 exhortantis
1702 1666 1709 1706 :
1726 1672 1740 1701 o
1762 1651 1860 1707 biaeo-

108 1740 187 1810 cctis,
207 1747 235 1799 et
262 1741 397 1799 omnibus
415 1750 499 1812 patet,
530 1743 718 1801 imbecillitati
736 1744 872 1801 bumana
895 1758 955 1800 ma·
1008 1760 1075 1814 nus,
1093 1744 1217 1816 inquies,
1239 1743 1390 1800 ecclesiam
1412 1750 1473 1799 tuto
1495 1741 1697 1798 descrerenon
1725 1754 1856 1811 possum.

107 1830 152 1905 gis
181 1829 324 1902 provideri
347 1831 515 1889 convenite
542 1832 686 1903 periculis,
716 1847 805 1904 quam
828 1831 956 1891 nitroso
1008 1835 1116 1896 Vereor
1129 1848 1165 1890 ne
1177 1834 1325 1890 incurram
1350 1830 1545 1903 sacrilegium,
1574 1830 1598 1886 si
1613 1829 1717 1886 altaria
1737 1829 1862 1885 derelin-

108 1918 234 1991 objiccre
251 1919 325 1989 illis,
346 1919 469 1991 profecto
499 1921 651 1978 consilium
680 1929 722 1978 est
747 1923 846 1979 omnia
863 1929 955 1980 tenta·
1008 1936 1109 1995 qnam.
1135 1922 1188 1980 sed
1217 1921 1374 1985 considera,
1400 1920 1526 1989 obsecro,
1553 1919 1622 1975 satis
1649 1933 1710 1975 esse
1743 1917 1860 1974 difficile

109 2016 216 2076 menta,
232 2008 328 2080 quoad
345 2023 507 2080 possumus,
522 2009 641 2080 evitare,
657 2012 814 2091 praesertim
843 2012 867 2068 si
890 2024 954 2068 eam
1008 2010 1103 2071 locum
1121 2010 1258 2081 Stephani
1274 2009 1392 2080 implore
1407 2009 1452 2066 rel
1465 2008 1558 2075 Pauli,
1584 2007 1614 2063 in
1632 2006 1760 2079 angelico
1780 2013 1857 2062 stare

108 2096 252 2170 eligamus
266 2098 365 2167 vitam,
377 2113 443 2170 qua
456 2106 484 2155 et
495 2100 610 2170 majoris
622 2100 659 2158 sit
673 2101 777 2168 meriti,
804 2108 832 2159 et
860 2101 957 2158 minus
1009 2100 1177 2169 ministerio,
1193 2107 1221 2156 et
1236 2099 1356 2170 populos
1370 2098 1551 2170 subjacentes
1568 2095 1711 2163 candenti,
1734 2095 1858 2165 desuper

110 2190 206 2255 pateat
235 2184 395 2242 tentationi.
423 2186 502 2251 Quod
531 2193 587 2242 tam
615 2188 784 2245 anctoritate
824 2188 955 2255 Patrum,
1008 2198 1085 2248 reste
1102 2189 1256 2259 despicere.
1273 2188 1430 2245 Pretiosum
1446 2195 1487 2243 est
1519 2186 1720 2255 margaritum,
1740 2184 1857 2240 sedoito

111 2285 200 2343 quam
229 2273 313 2330 certis
354 2268 459 2331 rernm'
492 2274 655 2331 declaratur
682 2275 830 2346 exemplis.
859 2276 955 2334 Vitam
1007 2278 1165 2351 frangitur,
1175 2277 1360 2348 fractumque
1370 2291 1429 2332 non
1444 2282 1536 2346 potest
1550 2274 1717 2331 instaurari.
1734 2273 1855 2328 sltem:

108 2360 368 2432 contemplationis,
409 2362 534 2433 quietem
589 2364 774 2422 tumultuose
827 2364 955 2422 fidelium
1009 2368 1112 2426 cllum
1125 2366 1216 2423 vitam
1240 2365 1271 2421 in
1285 2365 1408 2423 urbibus
1437 2364 1563 2421 iacerent
1587 2363 1704 2432 bonam,
1721 2361 1792 2432 quid
1819 2359 1858 2416 fa·

109 2447 216 2506 actioni
235 2457 347 2507 constat
369 2452 521 2509 abomino
537 2452 685 2524 praelatam
714 2454 816 2524 fnisse;
843 2461 872 2511 ct
898 2455 956 2511 lia·
1008 2457 1065 2516 cies
1083 2455 1173 2514 frater
1187 2457 1219 2512 iu
1241 2454 1357 2512 medio?
1376 2461 1428 2511 aut
1454 2453 1607 2510 sectaberis
1617 2466 1683 2522 quae
1710 2457 1779 2507 sunt
1804 2449 1854 2505 ad-

107 2538 159 2597 riae
175 2545 296 2608 partem,
312 2554 401 2612 qnam
416 2543 553 2611 optimam
571 2541 653 2608 dixit,
669 2543 743 2613 parti
756 2542 876 2601 iderthte
890 2557 955 2600 cer-
1008 2560 1092 2604 versa
1120 2543 1326 2602 continentia:
1361 2550 1422 2610 aut,
1448 2541 1472 2598 si
1500 2542 1593 2598 facere
1627 2538 1766 2607 nolueris,
1795 2538 1855 2608 ipse

107 2634 227 2685 tumest
251 2629 397 2686 anteferri.
429 2630 658 2695 Quamvisenim
689 2632 803 2688 liartltn
827 2633 956 2690 reficeret
1008 2634 1202 2693 damnaberis.
1228 2631 1416 2689 Praetermitto
1438 2631 1533 2687 varias
1561 2628 1719 2698 illecebras,
1746 2627 1855 2699 quibus

107 2716 402 2779 Dominum,feiicius
426 2720 516 2777 diaria
542 2721 904 2789 reficiebaturabomino,
928 2728 956 2777 et
1008 2725 1094 2782 etiam
1133 2721 1301 2796 rigidissimi
1336 2719 1525 2777 emolliuntur
1553 2719 1651 2775 animi.
1678 2718 1761 2774 Nunc
1783 2714 1854 2773 illud

106 2803 193 2878 longe
215 2808 365 2865 meliorem
380 2809 521 2866 Dominus
547 2824 637 2881 quam
664 2810 777 2867 biartba
803 2812 955 2868 ministra-
1008 2814 1120 2869 affirmo
1134 2811 1211 2882 quud
1226 2809 1311 2866 etiam
1327 2809 1350 2864 si
1367 2809 1406 2865 ita
1421 2823 1479 2865 non
1506 2814 1611 2877 essent,
1640 2808 1677 2864 ad
1701 2819 1854 2876 compara-

107 2894 157 2953 bat
172 2895 363 2954 refectionem.
380 2898 500 2956 liartltae
527 2899 698 2956 ministratio
723 2907 766 2956 cst
793 2900 954 2957 necessaria
970 2921 991 2979 c
1008 2901 1114 2958 tionem
1130 2905 1187 2954 tam
1204 2897 1412 2969 ingentisboni,
1430 2896 1542 2953 minora
1557 2896 1688 2952 deserere
1702 2894 1854 2951 debueras.

106 2985 234 3054 corporis
271 2985 430 3056 providere,
469 2987 589 3043 verbum
631 2986 842 3058 predicationis
886 3001 953 3044 ero·
1006 2987 1179 3059 Addequod
1193 2987 1333 3043 diaconus
1348 3000 1390 3052 es,
1424 2985 1473 3042 sed
1501 2985 1620 3042 abcessu
1644 2992 1694 3040 tuo
1722 2982 1854 3039 Ecclesia

107 3088 186 3145 gare,
218 3073 342 3131 aliorum
358 3074 460 3147 magis,
476 3088 511 3131 ex
527 3073 620 3132 officio
636 3074 761 3146 proprio,
789 3089 879 3146 qnam
908 3077 953 3134 sui
1007 3077 1115 3135 damna
1127 3090 1186 3133 nou
1201 3074 1334 3132 sentient.
1347 3074 1424 3131 Elias
1434 3073 1510 3129 vixit
1537 3073 1567 3129 in
1593 3086 1698 3133 eremo.
1729 3072 1855 3127 Eliseum

107 3175 208 3220 curam
234 3176 342 3234 gerere.
373 3162 434 3219 Non
456 3163 533 3220 enim
558 3163 688 3220 Ecclesia
705 3171 840 3234 pastores,
864 3165 895 3220 in
921 3180 954 3222 eo
1007 3166 1218 3238 prophetarum
1240 3170 1357 3220 secutus
1366 3166 1409 3220 est
1430 3161 1546 3219 chorus.
1564 3161 1727 3218 Praecursor
1741 3160 1855 3216 Domini

107 3250 186 3324 quod
202 3258 330 3321 pastores
344 3258 423 3319 sunt,
441 3260 499 3308 tam
516 3252 550 3309 de
566 3253 688 3323 propriis
711 3266 800 3324 quam
826 3253 861 3310 de
887 3255 954 3312 sub
1007 3255 1131 3312 ioannes
1155 3253 1283 3311 nutritus
1297 3253 1327 3309 in
1348 3251 1512 3319 solitudine,
1532 3251 1569 3307 ad
1595 3250 1650 3307 hoc
1677 3256 1791 3306 tantum
1806 3247 1854 3305 de-

105 3339 247 3412 lectorum
264 3340 378 3410 pabulis
393 3341 500 3397 babent
515 3343 650 3414 cogitare,
678 3356 731 3399 nec
754 3343 784 3398 in
812 3342 867 3400 boc
895 3351 953 3401 tam
1007 3344 1116 3402 scendit
1130 3342 1167 3399 ad
1180 3342 1312 3399 iordanis
1332 3343 1418 3411 ripas,
1437 3347 1469 3397 ut
1485 3339 1606 3411 populos
1634 3345 1768 3411 argueret
1783 3351 1855 3395 con-

107 3427 161 3487 sibi
175 3441 264 3500 quam
294 3428 358 3486 aliis
382 3430 545 3501 proficiunt.
570 3431 652 3489 Unde
675 3439 704 3488 et
725 3431 865 3488 eominus
886 3446 954 3489 cum
1009 3434 1180 3499 fluentes,et
1196 3432 1355 3489 Pharisaeos
1369 3429 1531 3502 intelligens
1544 3429 1662 3485 clericos
1684 3428 1853 3485 ludaeorum

107 3516 138 3575 in
152 3517 207 3575 boc
220 3516 313 3575 officio
340 3518 456 3576 Petrum
477 3519 672 3587 constitueret,
696 3534 883 3593 nequaquam
897 3520 951 3577 ait:
1008 3520 1206 3596 generationes
1220 3520 1349 3592 vipereas
1363 3519 1519 3576 denotaret.
1542 3517 1641 3587 Nuper
1669 3517 1785 3589 AEgypti
1808 3516 1856 3572 de-

107 3625 123 3657 «
142 3605 229 3663 Pasce
248 3605 382 3677 teipsum,
415 3607 503 3670 »sed
528 3626 542 3660 t
563 3607 649 3665 Pasce
671 3622 738 3666 ores
762 3622 851 3677 meas,
882 3609 951 3677 sive,
1008 3619 1084 3669 serta
1098 3610 1205 3679 vidisti,
1218 3610 1342 3666 intuitus
1356 3623 1387 3666 es
1402 3600 1561 3680 angelicam
1585 3605 1733 3662 familiam.
1749 3604 1855 3673 Quanti

105 3713 121 3745 o
142 3707 233 3766 agnos
246 3709 322 3752 meos
339 3694 502 3765 (iconam,
520 3699 574 3764 iti),
592 3717 603 3746 ι
623 3697 677 3755 boc
690 3697 953 3769 estpanospirita-
1008 3699 1048 3757 ibi
1073 3699 1158 3756 flores
1172 3697 1265 3756 sunt?
1290 3712 1379 3769 quam
1403 3695 1605 3768 spiritualibus
1629 3693 1749 3766 gemmis
1774 3701 1855 3764 prata

106 3780 142 3839 lis
156 3782 293 3841 doctrinae
307 3782 350 3840 rel
365 3785 573 3843 exhortationis
583 3785 658 3857 ipsos
671 3787 781 3844 instrue
792 3785 836 3843 rel
851 3786 954 3844 confir-
1007 3788 1159 3847 vernantia
1175 3788 1189 3844 i
1218 3786 1316 3843 Vidisti
1332 3795 1417 3843 serta.
1438 3785 1547 3857 quibus
1570 3784 1709 3840 Dominus
1734 3794 1856 3838 corona-

107 3884 164 3927 ma.
181 3872 221 3929 be
234 3887 292 3944 qno
308 3873 425 3944 quidem
443 3888 516 3946 pane
532 3874 623 3931 divini
638 3874 718 3932 verbi
744 3876 884 3946 scriptum
911 3881 953 3933 est
1007 3885 1066 3936 tur.
1082 3899 1096 3928 »
1112 3879 1183 3934 item
1200 3892 1206 3932 :
1231 3896 1246 3926 «
1260 3876 1383 3933 liabebis
1397 3874 1541 3941 cellulam,
1557 3888 1622 3944 quae
1637 3879 1664 3928 te
1690 3871 1785 3928 solum
1812 3883 1856 3926 ca-

107 3960 193 4018 alibi:
212 3983 223 4011 ι
239 3961 300 4019 Nou
319 3963 348 4019 in
370 3963 429 4020 solo
446 3977 518 4034 pane
534 3964 606 4021 vivit
630 3965 723 4032 bonno,
740 3965 800 4032 sed,
828 3964 953 4021 inomni
1009 3967 1077 4039 piat.
1096 3968 1156 4023 imo
1172 3980 1228 4022 non
1243 3967 1299 4022 eris
1313 3964 1403 4031 solus,
1415 3962 1545 4034 angelica
1559 3970 1653 4017 tecum
1682 3959 1766 4015 turba
1794 3970 1857 4013 ver·

107 4051 207 4120 uerbo,
236 4051 313 4122 qoud
342 4052 468 4122 procedit
492 4052 526 4108 de
552 4066 601 4109 ore
631 4053 678 4109 liei
699 4053 798 4124 (blattis
817 4068 855 4119 tr,
882 4054 951 4122 el.»
1008 4056 1127 4113 sabitur.
1152 4057 1202 4111 Tot
1230 4054 1311 4120 socii,
1330 4060 1402 4123 quot
1426 4051 1527 4108 sancti.
1546 4047 1854 4120 begesnvangettum,

107 4138 231 4208 Quodsi
251 4140 304 4196 boc
334 4147 458 4210 tempore
486 4140 656 4197 clericorum
686 4156 721 4198 ac
745 4142 952 4200 monachorum
969 4143 1190 4227 „fabulabitur
1211 4150 1307 4198 tecum
1332 4142 1424 4198 lesus.
1466 4137 1627 4209 Replicabis
1641 4137 1782 4208 apostolos
1809 4135 1855 4192 vel

108 4227 235 4285 laborem
249 4241 284 4284 ac
309 4228 376 4283 ritae
408 4228 546 4285 duritiam
561 4229 725 4296 conferatis,
744 4244 803 4287 non
830 4239 873 4287 est
899 4230 953 4287 boc
1007 4232 1168 4311 propbetas.
1184 4229 1324 4300 Nunquid
1338 4227 1444 4301 poteris
1458 4227 1544 4285 talem
1570 4227 1658 4284 alium
1676 4228 1733 4284 tuis
1751 4239 1857 4283 sermo·

108 4314 194 4387 longa
212 4314 406 4385 disputatione
421 4315 645 4387 discutiendum,
669 4318 747 4389 quod
776 4318 953 4390 quotidianis
1007 4324 1096 4382 nibus
1111 4320 1217 4377 babere
1232 4318 1420 4377 consortem?
1437 4339 1447 4368 s
1467 4317 1614 4374 sectemur
1622 4317 1719 4372 saltem
1737 4315 1855 4371 mulier-

107 4403 311 4476 experimentis
339 4406 371 4462 fit
386 4405 581 4464 manifestum.
603 4407 707 4466 confer
724 4408 871 4479 episcopos
886 4423 952 4466 curn
1006 4410 1097 4476 cuias,
1118 4424 1205 4466 senus
1221 4422 1272 4465 nos
1294 4408 1392 4465 doceat
1420 4406 1571 4463 infirmior.
1598 4405 1719 4469 Quantae
1747 4402 1856 4459 divitiis

108 4491 275 4560 abbatibus,
294 4495 556 4568 archipresbyteros
579 4497 765 4555 ecelesiarum
783 4512 851 4555 cum
877 4496 953 4568 prio·
1008 4501 1116 4571 pariter
1135 4505 1163 4554 ct
1191 4497 1338 4554 nobilitate
1365 4495 1502 4567 polientes
1523 4492 1601 4565 (nolo
1624 4493 1700 4549 enirn
1716 4490 1858 4547 vocabula

108 4580 190 4639 ribus
211 4583 460 4653 monasteriorum,
488 4585 606 4642 clericos
633 4600 700 4644 cum
728 4586 896 4659 monacbis3
926 4595 953 4644 ct
1007 4588 1111 4655 dicere,
1128 4600 1164 4644 ne
1178 4586 1292 4642 adulari
1316 4583 1434 4656 videar),
1460 4584 1567 4641 relictis
1589 4581 1784 4648 facultatibus,
1816 4579 1858 4650 pi-

110 4670 253 4741 quosfibet
268 4671 395 4738 consulo,
410 4673 461 4746 qui
477 4674 586 4746 quibus
617 4675 692 4732 inter
703 4674 781 4746 ipsos
799 4677 895 4748 magis
908 4689 952 4732 as·
1008 4676 1206 4749 gnoribusque
1232 4674 1412 4744 contemptis,
1443 4673 1471 4729 id
1502 4673 1579 4729 factu
1600 4669 1683 4726 facile
1706 4667 1856 4739 judicare·

107 4771 207 4831 peram
220 4758 265 4818 rei
283 4758 457 4821 laboriosam
470 4762 561 4821 vitam
580 4762 697 4832 ducant,
714 4769 757 4832 ut,
778 4763 803 4820 si
825 4763 952 4822 faborem
1008 4772 1089 4833 runt,
1104 4764 1181 4837 qued
1202 4761 1361 4834 inproprie
1376 4756 1746 4833 putastttimoredtldeilet

835 5005 1035 5075 nrtsronit
1057 5006 1129 5074 xiil

152 5138 232 5219 Quae
250 5144 304 5206 est
315 5140 404 5206 Petri
420 5138 596 5208 Abaelardi.
614 5175 656 5191 -
676 5141 847 5208 lnvecfiva
865 5143 902 5206 in
921 5143 1104 5226 quemdam
1119 5141 1282 5223 ignarum
1297 5138 1500 5218 dialecticos,
1522 5136 1580 5221 qui
1600 5139 1717 5201 famen
1729 5137 1808 5226 ejus

197 5229 638 5313 studiumreprehendebat‚
661 5238 694 5297 ot
707 5233 824 5297 omnia
839 5235 916 5315 ejus
927 5231 1090 5312 dogmata·
1102 5233 1244 5315 putabat
1256 5229 1468 5314 sophismata
1483 5232 1516 5292 et
1531 5227 1763 5310 deceptiones.

144 5395 264 5468 mystea
282 5394 470 5467 quodamde
487 5398 573 5470 vulpe
586 5398 687 5459 fabula
710 5399 740 5457 in
752 5399 971 5472 proverbiuma
1024 5396 1114 5473 uulgo
1139 5405 1182 5457 est
1208 5402 1370 5469 assumpta·
1386 5393 1504 5468 ttutpos,
1534 5394 1681 5469 inquiunt,
1697 5391 1857 5466 conspectis

144 5518 202 5592 (75)
218 5519 341 5579 Videtur
354 5519 467 5593 aliquid
481 5520 588 5580 deesse.
