3804 5962
40 201 95 256 385

843 198 961 259 sanilo
979 200 1002 258 1.

1746 207 1800 265 888

39 321 177 392 praesenti
193 321 288 380 delicit
304 336 311 377 :
328 321 407 394 quod
431 328 512 379 tanto
534 321 564 378 in
593 321 758 381 calcatibus
773 331 815 382 εει
841 337 895 383 ve·
909 329 934 381 Α
949 339 1016 383 rum
1031 337 1100 382 vero
1112 337 1130 380 a
1143 338 1196 382 suo
1206 330 1383 395 temperatur
1401 323 1522 397 fulgore.
1548 324 1694 388 Electrum
1707 326 1799 400 igitur

37 411 111 479 rius,
130 418 242 483 quanto
254 410 378 470 lelicius.
407 414 487 468 btait
506 417 597 468 otttem
626 415 736 470 llario:
757 413 893 481 Quomodo

38 504 81 570 pet
111 501 217 556 iatad?
247 502 400 573 Tanquam
432 502 456 558 si
487 501 616 559 diceret:
644 504 750 575 ilagna
775 504 893 575 quidem

39 589 202 660 promissio,
228 599 256 647 et
279 590 543 662 incomparabiliter
569 606 627 648 non
658 591 750 649 solum
780 592 893 649 laminae

41 679 192 748 virtutem,
215 680 264 736 scd
290 694 405 737 omnem
429 680 587 738 humanam
617 681 824 739 transcendens
849 682 893 737 di-

43 767 195 839 gnitatem.
210 767 271 835 Quo
287 769 386 841 itaque
405 769 489 826 modo
503 783 597 840 quove
610 770 712 826 ordine
734 771 833 826 lutura
852 778 894 827 est

41 857 196 928 completio
210 857 251 914 rei
271 857 386 915 tantae?
413 858 512 916 Virum
534 860 615 927 enim,
642 858 746 931 inquit,
769 874 824 914 nott
847 874 895 914 co·

42 961 151 1013 gnoson.
178 948 220 1003 Ac
233 947 257 1003 si
281 947 406 1004 diceret:
429 948 525 1019 Longe
544 946 598 1004 boc
624 962 641 1004 a
667 962 729 1005 meo
751 953 894 1005 remotum

44 1036 192 1106 proposito
210 1034 336 1102 videtur,
352 1042 385 1092 ut
398 1035 530 1092 videlicet
544 1044 659 1107 partum
680 1035 894 1108 habeamque

39 1125 123 1196 virgo
139 1125 290 1195 persistere
313 1125 435 1182 decrevi.
452 1125 489 1182 Et
499 1125 554 1182 boc
568 1133 621 1195 est,
655 1134 687 1183 ut
717 1139 807 1198 supra
832 1125 894 1197 jam

40 1212 238 1283 meminimus,
264 1227 328 1295 eam
362 1213 461 1271 virum
497 1228 686 1286 nequaquam
712 1227 894 1287 cognoscam,

40 1301 113 1357 nnlit
129 1315 264 1372 unquam
288 1301 317 1358 in
343 1302 541 1359 commistione
568 1301 677 1359 carnali
701 1316 753 1374 per
776 1315 895 1360 consen·

42 1404 106 1446 snm
136 1389 328 1462 acquievisse.
360 1391 482 1463 Legerat
501 1391 618 1462 quidem
646 1391 772 1448 abraba
789 1389 895 1447 iactam

42 1478 73 1534 de
105 1478 223 1536 Cbristo
249 1479 481 1549 promissionem,
517 1479 592 1537 sicut
623 1487 650 1537 et
678 1479 741 1551 ipsa
773 1487 895 1551 postmo

949 413 1027 470 istud
1050 413 1109 484 ipse
1122 412 1293 485 intelligitur
1318 413 1458 483 cbristus,
1478 414 1509 471 in
1535 417 1709 488 cujusnam
1733 430 1795 490 per-

948 516 1019 560 sona
1033 501 1189 560 divinitatis
1202 511 1229 560 ct
1244 501 1433 560 humanitatis
1458 503 1524 561 duee
1540 512 1653 563 naturae
1679 504 1721 562 ita
1740 506 1797 564 sibi

949 591 986 647 ad
998 591 1121 648 invicem
1131 600 1199 649 sunt
1215 591 1314 661 unitae,
1337 600 1369 649 nt
1383 592 1503 649 inlerior
1519 600 1636 661 natura,
1652 609 1720 667 qus
1744 610 1796 668 per

950 689 1102 752 argentum
1126 681 1310 752 exprimitur,
1343 696 1403 739 sese
1432 681 1574 739 visibilem
1602 683 1741 754 praebeat,
1769 691 1798 742 et

950 770 1056 827 divinae
1070 769 1227 841 majestatis
1249 770 1385 840 splendor
1408 770 1504 827 carnis
1523 770 1664 828 velamine
1697 773 1800 831 obum-

950 855 1061 926 bratus,
1086 858 1137 929 qui
1151 872 1203 929 per
1224 871 1330 915 aurum
1346 857 1500 930 liguratur,
1532 858 1683 917 invisibilis
1702 861 1799 931 persi-

949 952 1015 1001 stat.
1032 946 1089 1002 Hoc
1103 944 1243 1003 eleutrum
1257 945 1288 1002 in
1302 945 1378 1021 igne,
1403 947 1478 1004 Deus
1505 946 1591 1005 bomo
1613 947 1702 1006 estin
1730 962 1796 1021 pns-

950 1032 1039 1090 sione.

986 1144 1001 1172 «
1017 1123 1143 1194 Ideoque
1157 1132 1185 1181 et
1208 1123 1286 1196 quod
1303 1132 1438 1183 nascetur
1456 1139 1494 1182 ex
1512 1132 1539 1183 te
1553 1133 1698 1197 sanctum,
1711 1139 1799 1185 voca-

951 1211 1207 1270 terminabat·
1233 1214 1273 1268 Ac
1301 1212 1325 1269 si
1347 1221 1445 1283 aperte
1470 1214 1561 1271 dicat:
1582 1217 1624 1272 Ac
1653 1215 1800 1287 perhanc

951 1300 1088 1358 unionem
1102 1301 1186 1360 Verbi
1212 1301 1262 1358 liei
1277 1301 1314 1359 ad
1341 1301 1487 1360 bominem
1510 1303 1577 1361 vitae
1598 1303 1716 1374 iactam,
1739 1318 1799 1363 non

951 1389 1130 1448 solummodo
1155 1391 1251 1462 ipsum
1266 1391 1394 1449 Verbum
1422 1392 1513 1449 Filius
1527 1393 1576 1450 liei
1599 1393 1721 1464 dicetur,
1745 1408 1799 1452 ve·

951 1493 1017 1536 rum
1031 1480 1118 1537 etiam
1132 1480 1193 1550 ipse
1208 1481 1324 1537 bomoa
1343 1481 1434 1538 Verbo
1447 1489 1612 1554 assumptus
1631 1482 1722 1540 Filius
1748 1481 1800 1541 liei

41 1567 110 1624 dum
138 1567 299 1638 profitetur,
321 1567 456 1640 inquiens
481 1583 488 1624 :
514 1568 640 1639 Suscepit
664 1569 751 1623 lsroei
781 1584 896 1638 puerum
950 1569 1111 1628 vocabitur.
1132 1570 1166 1626 Et
1189 1570 1304 1627 attende
1320 1569 1398 1642 quod
1426 1571 1475 1634 ait,
1504 1572 1655 1632 accubitor.
1687 1571 1723 1629 de
1749 1570 1800 1629 bo·

42 1672 131 1725 soom,
166 1657 326 1712 recordatus
357 1657 550 1714 misericordia
583 1673 649 1714 sue.
686 1656 764 1714 Sicut
790 1656 895 1713 ιοειιιιιε
911 1654 932 1709 Β
950 1661 1028 1718 mine
1047 1659 1142 1731 potius
1171 1672 1260 1730 quarn
1288 1660 1323 1716 de
1354 1659 1455 1732 Verbo,
1485 1660 1533 1717 cui
1561 1660 1697 1732 competit
1727 1675 1798 1719 esse.

42 1752 79 1801 est
101 1746 144 1800 nd
169 1748 265 1802 Patres
292 1751 410 1814 nostros,
425 1746 569 1802 Abrohom
587 1752 612 1802 et
634 1747 804 1815 seminique
821 1745 894 1814 (buc.
951 1748 1034 1815 Quod
1049 1747 1202 1820 diligenter
1226 1747 1404 1821 evangelista
1433 1749 1644 1818 considerabat,
1671 1763 1738 1807 cum
1752 1749 1800 1808 di-

43 1850 59 1903 r,
96 1835 155 1908 St).
200 1836 282 1893 liudo
317 1849 507 1908 nequaquam
543 1836 578 1892 de
615 1837 669 1892 bac
709 1832 897 1906 promissione
950 1847 1039 1897 ceret:
1067 1839 1101 1893 ιιι
1111 1839 1251 1908 principio
1263 1843 1324 1893 crat
1345 1838 1464 1897 Verbum
1498 1838 1591 1909 (loca.
1619 1854 1640 1907 1,
1670 1838 1706 1911 l).
1735 1838 1800 1898 Non

42 1924 307 1993 tantammodo
336 1924 503 1997 requirebat
530 1939 588 1996 qno
620 1929 692 1981 esset
716 1921 895 1995 complenda,
949 1928 1026 1986 onim
1054 1927 1148 1984 dixit:
1176 1927 1342 1985 Vocabatur
1367 1927 1506 1997 Verbum,
1529 1928 1577 1986 sou
1595 1944 1603 1984 ι
1624 1930 1704 1984 nrot.
1729 1928 1799 1986 noso

43 2023 142 2071 utrum
160 2013 271 2071 scilicet
288 2028 340 2086 per
360 2014 560 2071 admistionem
581 2013 638 2070 viri
663 2013 724 2069 sine
746 2011 897 2069 dilectione
950 2030 1078 2088 namque
1105 2016 1255 2087 proprium
1287 2022 1330 2074 εει
1355 2016 1653 2075 incommutabilitatis
1681 2016 1797 2087 divine,
1825 2074 1829 2083 ,

43 2104 163 2175 peccati,
180 2103 256 2161 sicut
279 2103 309 2160 in
334 2103 468 2174 paradiso
496 2102 577 2160 lieret
592 2102 615 2158 si
641 2103 726 2160 bomo
749 2114 807 2158 non
833 2114 897 2171 pec-
948 2105 1107 2176 sicutipse
1134 2104 1171 2161 ad
1211 2105 1327 2176 lloysen
1353 2104 1507 2177 loquitur:
1533 2108 1597 2162 Hac
1622 2107 1693 2163 dicos
1730 2107 1798 2177 liliis

43 2196 142 2257 cassat,
169 2207 211 2249 an
243 2193 407 2264 integritate
436 2191 562 2263 corporis
591 2190 699 2262 pariter
738 2198 766 2248 et
793 2189 897 2246 mentis
949 2195 1054 2250 lsrael:
1072 2192 1124 2260 Qui
1139 2198 1190 2262 est,
1210 2196 1287 2249 misit
1305 2209 1348 2249 me
1366 2193 1461 2250 advos
1475 2195 1581 2264 (and.
1602 2210 1642 2263 m,
1661 2196 1716 2268 ιι).
1743 2193 1800 2263 Qui

44 2289 224 2349 conservata,
248 2281 323 2339 sicut
351 2281 381 2338 in
413 2280 476 2352 ejus
518 2280 663 2352 proposito
693 2279 795 2337 luerat.
821 2277 897 2335 liene
949 2290 1003 2353 est,
1018 2282 1123 2354 inquit,
1145 2282 1200 2339 boc
1214 2290 1256 2339 est
1270 2283 1323 2354 qui
1353 2282 1630 2341 incommutabiliter
1655 2282 1796 2353 consistit,

44 2379 139 2427 antem
156 2369 291 2441 angelus,
319 2368 427 2427 cumei
442 2368 535 2426 lilium
561 2369 748 2439 promitteret,
777 2366 896 2425 modum
950 2373 1022 2444 quia
1035 2385 1223 2444 nequaquam
1240 2385 1343 2429 verum
1359 2372 1527 2442 babetesse,
1545 2373 1600 2430 nisi
1611 2374 1689 2446 qnod
1700 2373 1800 2432 estin·

44 2458 241 2530 conceptionis
267 2457 393 2526 reticuit,
421 2458 511 2515 donec
532 2457 595 2529 ipsa
616 2455 749 2515 videlicet
775 2456 897 2514 manile·
951 2456 1166 2515 commutabile.
1179 2455 1352 2528 Ubicunque
1369 2457 1491 2514 mutatio
1516 2458 1557 2527 stt,
1573 2472 1643 2527 esse,
1660 2458 1801 2529 pariterel

45 2555 115 2605 stato
131 2547 197 2604 voti
221 2546 268 2605 sui
286 2545 441 2618 proposito,
457 2560 524 2603 cum
553 2546 589 2603 nb
603 2561 636 2603 eo
663 2544 840 2616 requireret:
862 2557 898 2600 ne
951 2559 1009 2603 non
1021 2560 1082 2603 esse
1096 2552 1286 2603 concurrunt.
1300 2545 1345 2602 illi
1358 2559 1427 2617 ergo
1445 2546 1597 2616 proprium
1611 2554 1654 2604 εει
1667 2545 1801 2620 essc,qui

44 2637 177 2694 videlicet
193 2637 265 2708 qnia
279 2649 345 2692 eam
365 2635 553 2693 audieramus
563 2635 778 2705 desponsatam,
801 2632 898 2690 crede·
951 2634 1066 2706 penitus
1077 2635 1190 2706 ignorat
1201 2648 1260 2691 non
1270 2648 1339 2690 esse.
1355 2635 1434 2692 Unde
1450 2634 1523 2691 benc
1537 2633 1715 2693 dictumest:
1730 2637 1802 2692 Erat

45 2735 121 2783 ratur
132 2739 186 2797 per
194 2724 457 2796 concupiscentiam
470 2724 546 2780 banc
561 2723 646 2781 inisse
656 2722 800 2794 copulam.
953 2722 1072 2782 Verbum
1090 2724 1179 2793 (loca.
1194 2738 1213 2791 t,
1228 2722 1265 2794 l),
1287 2722 1484 2795 potiusquam
1503 2723 1672 2780 vocabatur.
1684 2721 1802 2783 vocatio

74 2816 206 2886 Spiritus
234 2817 345 2870 coactus
369 2815 539 2884 superveniet
558 2814 588 2868 ia
613 2818 648 2880 tc,
671 2812 725 2868 boc
747 2818 790 2868 εει
808 2825 897 2886 supe·
952 2813 1060 2885 qnippe
1071 2818 1179 2869 nonest
1191 2810 1369 2879 eternitatis,
1377 2810 1427 2868 scd
1441 2811 1660 2881 temporis3ncc
1674 2811 1802 2870 adustu-

47 2905 110 2962 riori
126 2905 208 2961 dono
236 2903 288 2960 liei
307 2902 453 2971 ditaberis,
470 2909 503 2959 ut
517 2902 600 2974 virgo
616 2901 724 2972 paritor
751 2914 785 2957 ac
806 2907 898 2957 mater
951 2916 1025 2969 ram,
1041 2900 1090 2958 sed
1117 2899 1154 2957 ad
1174 2900 1311 2971 placitum
1334 2899 1489 2957 bominum
1520 2909 1629 2972 spectat
1657 2899 1802 2973 impositio

47 2996 88 3051 sis.
104 2993 197 3052 Venit
219 2992 343 3064 Spiritus
357 2991 388 3049 in
417 2991 524 3049 multas
552 2990 681 3047 fidelium
704 2989 825 3057 animas,
847 3002 898 3060 per
914 2959 935 3015 C
951 2990 1113 3049 nominum.
1130 2989 1213 3047 Unde
1227 2996 1301 3046 recte
1321 3003 1414 3061 quum
1429 2990 1465 3045 de
1490 2989 1607 3046 bomine
1621 2996 1801 3062 assumptos

48 3082 163 3155 aliquod
178 3081 288 3138 divinae
303 3081 404 3153 gratia
424 3080 545 3151 donum,
575 3080 623 3136 sed
652 3079 682 3135 in
707 3077 827 3136 llariam
848 3093 896 3135 su·
952 3078 1046 3137 Verbo
1062 3078 1239 3150 loqueretur,
1268 3078 1354 3150 cujus
1368 3084 1474 3136 natura
1490 3092 1548 3135 non
1563 3085 1732 3148 εειιειειιιε,
1748 3091 1802 3136 nec

48 3171 189 3243 pervenit,
208 3184 277 3226 cum
295 3170 321 3227 ei
333 3168 511 3240 superiorem
537 3175 565 3226 et
587 3167 818 3225 excellentiorem
840 3183 899 3224 om·
952 3183 1004 3240 por
1028 3177 1175 3236 naturam,
1198 3167 1247 3225 sed
1271 3181 1322 3239 per
1348 3167 1471 3240 gratiam
1498 3174 1527 3225 ει
1545 3168 1682 3225 unionem
1714 3159 1801 3228 Verbi

48 3262 128 3318 nibus
144 3259 274 3332 gratiam
301 3258 464 3316 contulerit.
488 3258 563 3323 Quid
587 3265 683 3314 autem
700 3256 823 3327 Spiritus
836 3255 897 3327 Dei,
953 3257 1113 3317 babetesse
1134 3257 1227 3314 Filius
1244 3257 1304 3324 liei,
1334 3256 1444 3315 dictum
1466 3264 1510 3315 est
1529 3257 1681 3322 vocabitur,
1705 3256 1802 3329 potius

48 3351 96 3407 nisi
112 3348 226 3407 divinae
237 3346 382 3414 {bonitatis
396 3361 476 3404 amor
506 3360 557 3404 seu
579 3347 687 3402 donum
716 3343 898 3416 intelligitur,
953 3360 1043 3417 quam
1057 3345 1122 3402 erit.
1133 3344 1215 3412 Quod
1227 3345 1251 3402 si
1266 3345 1353 3403 etiam
1367 3359 1519 3417 personam
1529 3354 1617 3404 totam
1640 3347 1670 3403 in
1686 3345 1802 3405 duabus

47 3454 108 3496 cum
136 3435 255 3508 aliquid
273 3434 358 3492 nobis
382 3449 472 3506 supra
497 3433 601 3491 merita
624 3432 801 3490 contortor?
827 3434 898 3490 cum
953 3434 1066 3492 naturis
1095 3434 1296 3492 consistentem
1310 3434 1440 3492 dicamus
1464 3450 1501 3493 ex
1524 3435 1643 3508 Virgine
1665 3436 1801 3494 pascisc-

48 3543 111 3600 ergo
137 3525 315 3596 mysterium
340 3526 394 3583 boc
420 3522 628 3581 incarnationis
653 3529 745 3579 totum
771 3536 822 3592 per
836 3536 900 3593 ope
954 3523 1087 3581 cundum
1101 3523 1304 3595 corpusquod
1322 3523 1571 3582 indctmductum
1594 3531 1647 3592 est,
1667 3531 1801 3583 ettotam

49 3621 189 3674 rationem
216 3613 353 3671 bonitatis
368 3611 474 3670 divina
494 3612 588 3685 magis
607 3624 695 3683 quam
712 3624 764 3680 per
786 3609 899 3668 solitam
953 3612 1032 3669 illam
1056 3625 1218 3684 personam,
1247 3626 1305 3669 non
1333 3612 1426 3670 solum
1451 3612 1672 3683 humanitatem,
1697 3613 1803 3672 Filium

49 3705 262 3764 institutionem
278 3709 390 3761 natura
413 3702 501 3759 luerit
527 3708 651 3774 gestum,
679 3707 754 3756 recte
780 3698 899 3771 Spiritui
954 3702 1002 3758 liei
1016 3701 1123 3768 vocari,
1139 3715 1198 3757 non
1217 3700 1376 3771 incongrue
1403 3701 1518 3758 dicitur.
1533 3701 1606 3758 Nam
1620 3708 1648 3759 ει
1668 3701 1804 3761 surculus

47 3803 145 3852 sancto
174 3801 220 3850 est
247 3791 430 3862 ascriptum:
457 3793 493 3846 Ει
513 3792 604 3846 uirtus
630 3788 769 3844 altissimi
804 3788 901 3844 obom-
954 3798 1059 3848 trunco
1083 3790 1201 3848 alterius
1223 3798 1337 3847 nature
1355 3790 1482 3846 insertus
1503 3790 1555 3846 toti
1569 3789 1666 3848 arbori
1680 3791 1803 3863 propria

48 3885 135 3940 brabit
150 3883 218 3938 tibi.
238 3881 338 3939 Virtus
350 3879 401 3938 Dei
421 3880 521 3946 Filius,
536 3880 592 3936 boc
611 3886 653 3935 est
668 3886 810 3934 coeterna
837 3877 901 3948 ejus
953 3885 1067 3937 nature
1087 3878 1195 3935 conlert
1222 3877 1421 3937 vocabulum:
1444 3885 1477 3934 ut
1500 3878 1524 3934 si
1546 3877 1670 3936 aesculus
1685 3887 1804 3937 coctano

47 3971 191 4046 sapientia
205 3969 388 4043 intelligitur,
407 3970 494 4041 juxta
509 3967 581 4026 illud
595 3966 746 4037 Apostoli:
770 3966 825 4023 Nos
850 3981 900 4021 aa·
954 3966 1100 4037 inseritur,
1123 3966 1257 4036 mscnlns,
1283 3981 1340 4024 non
1355 3974 1491 4023 coctanus
1514 3969 1573 4023 tota
1588 3967 1677 4025 arbor
1690 3967 1804 4026 dicetur

48 4068 95 4119 ιεε
128 4060 317 4135 predicamus
336 4059 476 4117 Christum
503 4062 553 4115 liet·
579 4060 707 4113 uirtutem
733 4063 760 4111 ct
784 4057 833 4111 liei
851 4071 900 4111 so·
954 4057 1110 4129 adigniori
1137 4054 1244 4114 scilicet
1259 4063 1419 4129 parteque
1434 4055 1562 4114 lructum
1581 4054 1665 4115 adert
1688 4057 1730 4115 ita
1750 4072 1802 4115 no-

45 4157 181 4224 pt'tntt'am
211 4150 251 4221 (l
277 4150 336 4207 Gor.
364 4166 384 4215 l,
399 4148 455 4221 ιι).
484 4148 564 4205 sicut
592 4146 669 4204 enirn
698 4145 776 4202 Deus
804 4144 901 4202 omnia
955 4147 1103 4216 minanda,
1121 4146 1196 4203 sicut
1219 4145 1700 4217 etexlructusnocognoscenda.
1715 4145 1804 4216 Que-

48 4243 75 4300 in
88 4240 238 4315 sapientia
252 4254 307 4297 sua
329 4239 405 4308 lecit,
428 4238 468 4295 sic
489 4245 518 4296 ει
535 4251 588 4309 per
612 4236 703 4307 ipsam
727 4234 838 4306 perdita
852 4248 900 4292 rc·
915 4254 938 4311 p
955 4238 1021 4295 dam
1036 4244 1132 4295 autem
1146 4234 1264 4293 insertio
1279 4234 1439 4292 divinitatis
1467 4235 1497 4292 in
1523 4235 1704 4294 humanitate
1729 4236 1805 4295 lacta

49 4331 205 4400 stauravit,
231 4331 267 4388 ab
299 4330 362 4398 boc,
394 4335 427 4386 ut
453 4340 544 4399 supra
569 4324 766 4393 meminimus,
795 4329 901 4381 nostrae
955 4325 1149 4392 carboniam
1176 4332 1316 4397 tanquam
1333 4338 1393 4382 una
1420 4324 1507 4382 arbor
1521 4324 1596 4382 iacta
1610 4333 1653 4384 est
1683 4340 1719 4384 ex
1734 4327 1805 4384 dun·

50 4420 258 4494 redemptionis
293 4418 413 4476 exordio
449 4415 688 4475 restaurationem
730 4414 814 4471 istam
854 4412 901 4469 in·
956 4417 1012 4475 bus
1026 4415 1139 4473 naturis
1154 4415 1183 4470 in
1196 4428 1287 4472 unam
1313 4412 1368 4471 sibi
1384 4426 1535 4484 personam
1550 4413 1802 4474 convenientibus.

51 4517 169 4574 cboans.
187 4511 287 4570 Virtus
302 4509 401 4580 itaque
424 4508 473 4564 liei
492 4504 582 4563 Filius
610 4504 726 4573 dicitur,
756 4500 809 4574 qui
833 4501 901 4559 bra·
956 4505 1099 4575 Scriptum
1115 4503 1222 4575 quippe
1231 4509 1274 4561 εει
1293 4503 1328 4560 de
1353 4503 1505 4573 sapientia,
1518 4518 1586 4574 quae
1603 4504 1653 4561 liei
1677 4504 1804 4564 Verbum

50 4605 148 4662 cbinm
164 4601 231 4672 ejus
244 4612 296 4656 seu
308 4596 456 4664 fortitudo,
472 4593 620 4652 adomnia
634 4606 700 4664 qum
729 4589 902 4662 disposuerit
956 4592 1137 4664 intelligitur,
1161 4592 1231 4663 qnia
1254 4593 1377 4661 linquunt
1390 4593 1454 4647 oitae
1468 4595 1507 4647 cst
1521 4593 1563 4648 bis
1590 4593 1638 4659 qut·
1651 4594 1804 4665 approben-

51 4687 218 4766 peragenda
238 4685 393 4744 sufficiens.
415 4683 589 4742 llaecvirtus
615 4680 803 4738 obumbravit
832 4679 901 4737 Vir·
957 4682 1099 4737 duntona
1130 4681 1219 4751 (Pron,
1240 4695 1281 4748 tu,
1314 4679 1365 4751 ιι).
1394 4678 1470 4748 Quid
1499 4687 1596 4737 autem
1626 4679 1804 4751 humanitas,

50 4783 119 4855 gini,
136 4775 255 4837 durnin
271 4775 402 4848 ipsasuae
421 4773 582 4831 divinitatis
602 4771 745 4843 iulgorem
760 4767 902 4827 velamine
956 4770 1012 4828 nisi
1036 4771 1123 4828 arbor
1149 4769 1312 4837 maledicta,
1337 4777 1365 4825 et
1392 4776 1534 4839 tanquam
1560 4767 1673 4840 lignum
1704 4768 1805 4827 mortis

50 4881 146 4939 carnis
163 4875 289 4950 operuit,
312 4881 339 4932 ct
363 4874 405 4932 sic
418 4872 455 4930 ad
473 4886 525 4929 nos
538 4869 624 4942 quasi
651 4867 771 4926 calciata
794 4865 902 4924 divini·
957 4867 1042 4918 antea
1054 4858 1138 4917 erati
1153 4858 1242 4928 Quasi
1254 4872 1322 4930 ergo
1337 4856 1451 4928 lignum
1466 4855 1534 4914 vitas
1546 4854 1624 4928 ligno
1644 4854 1744 4913 mortis
1765 4856 1807 4915 iu·

51 4964 258 5041 tasprocessit,
277 4961 353 5020 utin
374 4969 476 5020 nostra
497 4961 575 5017 Dens
602 4957 725 5015 visibilis
750 4960 903 5027 appareret
956 4957 1066 5008 sertum
1091 4947 1252 5020 intelligite,
1269 4960 1363 5018 quum
1376 4945 1408 5002 in
1432 4944 1553 5016 Virgine
1566 4943 1646 5028 velut
1668 4943 1700 5002 in
1728 4944 1806 5004 bona

50 5067 171 5125 natura,
184 5053 236 5128 qui
252 5058 400 5124 permanet
421 5047 574 5107 invisibilis
592 5047 698 5104 insua.
713 5046 781 5102 llaec
805 5051 902 5100 autem
957 5046 1034 5097 terra
1050 5039 1112 5096 baec
1130 5036 1246 5094 insertio
1270 5032 1511 5107 sitlacta.cn1us
1533 5033 1651 5106 quidem
1677 5034 1807 5093 insertio·

49 5149 158 5207 divinae
181 5143 341 5215 maiestatis
363 5138 546 5198 obumbratio
571 5136 602 5194 in
637 5134 685 5192 ilio
713 5133 903 5206 praefigurata
957 5127 1003 5186 nis
1021 5127 1075 5200 ipsi
1098 5125 1217 5198 spiritus
1239 5125 1269 5182 in
1283 5137 1347 5182 eam
1366 5123 1574 5195 superveniens
1597 5124 1804 5198 operatorluit,

47 5247 88 5298 cst
99 5239 222 5302 electro,
244 5232 330 5305 cujus
344 5231 466 5303 speciem
481 5229 515 5286 de
545 5224 638 5284 medio
662 5224 739 5297 ignis
761 5222 902 5296 propbeta
957 5225 1098 5289 tanquam
1114 5214 1192 5271 illam
1210 5212 1371 5285 previdens
1385 5213 1551 5286 diemque
1566 5213 1806 5274 adinserendum

47 5321 353 5394 meabielcunspexit.
377 5320 525 5377 Electrum
552 5314 662 5388 quippe
690 5319 733 5371 est
750 5311 899 5373 metallum
957 5303 1133 5362 commodior
1154 5302 1281 5374 videtum
1296 5301 1370 5360 sicut
1396 5303 1559 5362 communis
1579 5303 1807 5377 nominumopi·

48 5432 83 5476 ex
100 5411 280 5476 anrodmnl
293 5417 322 5469 ει
343 5415 462 5483 argento
485 5403 679 5464 commistum.
701 5403 734 5458 ln
753 5413 813 5475 qna
838 5398 904 5472 qui·
957 5395 1005 5452 nio
1029 5399 1115 5462 linei,
1142 5392 1194 5464 (lui
1208 5391 1352 5450 ἱῐιῦθιθῦᾶῑ
1373 5391 1507 5465 lifiiiiffl
1529 5393 1647 5466 babent,
1668 5402 1697 5454 0¹
1719 5393 1808 5468 ¹⁰1¹d⁸

49 5507 112 5567 m
129 5507 260 5565 mmm
280 5504 436 5571 2130an
456 5496 494 5556 aq
517 5494 679 5556 plantatam
700 5488 825 5564 promit,
852 5501 905 5551 an·
958 5482 1013 5544 boc
1026 5480 1204 5558 experientia
1218 5480 1392 5543 didicerunt.
1413 5481 1495 5544 Unde
1509 5489 1539 5544 ει
1565 5483 1742 5555 munienter
1762 5496 1807 5542 as·
