3804 5962
347 271 355 281 ι
749 202 803 260 Sic
821 202 868 260 bt
886 201 968 261 NON.
1666 208 1732 263 tollo

93 323 196 398 jubere
221 323 282 381 sine
314 323 383 382 nilis
409 324 583 396 ambagibus
614 325 741 396 intimat,
767 327 993 398 qnishiectnm
1016 327 1138 385 ulterius
1158 342 1216 385 non
1233 328 1360 398 requirit
1374 328 1424 398 qui
1440 327 1477 383 ad
1493 341 1618 399 superna
1633 345 1732 400 perve-

79 413 174 471 entiam
193 413 222 469 in
237 414 347 470 crimen
371 414 477 471 vocet?
494 414 561 484 quis
581 413 753 485 obsequium
770 416 833 486 pie·
886 417 938 473 nit.
960 416 1014 473 Sed
1029 417 1083 472 hoc
1104 418 1174 488 ipso,
1191 431 1249 487 qno
1268 416 1321 472 sibi
1337 415 1455 473 celerem
1472 416 1555 473 linem
1569 431 1618 488 spe
1629 416 1733 476 fruen-

79 503 205 560 rccuset?
221 503 292 558 llam
305 510 333 560 ει
349 501 440 570 ιιιίΙεε,
468 517 536 558 curn
551 503 685 560 obediens
705 512 832 573 potesta·
887 505 930 561 dae
952 505 1140 562 beatitudinis
1160 506 1289 573 arcessit,
1312 505 1442 562 irretitur
1456 504 1559 575 laqueo
1582 507 1731 578 passionis,

79 606 88 648 ι
107 605 167 662 qua
187 590 315 661 legitime
337 591 513 648 constitutus
533 599 586 661 εει,
616 591 763 649 hominem
785 607 830 649 oc·
886 594 957 665 quia
983 608 1046 664 spes
1060 595 1134 650 sicut
1158 595 1244 649 timor
1268 595 1363 664 passio
1386 599 1447 661 est3
1462 600 1490 649 et
1513 594 1565 650 boc
1588 602 1630 651 est
1655 598 1733 667 quod

84 679 167 737 nulla
185 678 310 736 civitatis
337 693 398 736 snae
423 679 485 751 lege
510 693 576 737 reus
600 688 642 737 est
664 681 830 753 homicidii;
887 680 995 738 Paulus
1014 681 1105 736 lilium
1131 695 1180 751 spe
1204 682 1270 738 vltae
1286 681 1407 737 verioris
1423 682 1458 737 ad
1480 696 1509 737 se
1533 682 1613 738 venit
1634 697 1734 754 prope-

78 767 134 824 nisi
158 766 265 836 iecerit,
290 780 358 824 reus
382 767 492 838 imperii
521 768 624 825 deserti
651 777 739 840 atque
763 783 832 825 oon·
886 776 998 827 rantem
1013 769 1192 840 prohibetae
1219 769 1348 840 repellit:
1365 786 1381 822 c
1398 769 1456 825 Nisi
1471 770 1629 827 enimcum
1644 771 1732 842 Dens,

78 857 160 913 iest.
187 855 272 924 Quod
303 855 328 911 sl
357 856 397 912 ita
419 863 470 912 est·
494 856 614 928 jubente
647 857 830 929 imperatore,
886 857 992 928 inquit,
1017 857 1079 913 istis
1103 865 1129 913 ιε
1153 859 1282 928 corporis
1306 858 1445 915 custodiis
1476 857 1652 927 liberaverit,
1676 860 1735 918 buc

79 944 203 1016 omagis
227 943 349 1015 jnbente
377 942 525 1001 creatore!
552 945 628 1001 idem
651 946 689 1001 cd
706 948 830 1003 Laetam:
886 946 938 1003 tibi
953 945 1050 1002 aditus
1063 953 1160 1016 patere
1182 960 1240 1001 non
1255 953 1357 1017 potest.
1375 965 1389 998 ι
1405 945 1463 1002 Νεε
1477 946 1545 1002 dicit
1565 946 1632 1020 (lo),
1643 948 1732 1019 quod,

83 1038 180 1089 antem
203 1032 257 1089 boc
281 1041 468 1103 praeceptum,
490 1047 549 1103 qno
564 1033 681 1104 perdere
693 1035 833 1106 jubemur
886 1032 942 1088 nlsi
965 1047 1041 1089 mors
1061 1032 1204 1089 naturalis
1229 1033 1378 1090 advenerit
1407 1034 1497 1090 emori
1524 1048 1583 1091 non
1617 1039 1732 1106 poteris,

79 1134 113 1176 ‚ru
141 1127 280 1189 nostram,
305 1135 364 1177 non
388 1120 426 1177 ad
450 1121 478 1177 id
492 1121 580 1189 vaiet,
602 1128 637 1179 nt
659 1137 689 1179 se
708 1124 832 1194 quisque
886 1120 934 1176 sed
955 1119 1013 1177 hnc
1036 1117 1141 1178 venire
1149 1136 1206 1177 non
1233 1122 1348 1193 poteris.
1367 1124 1431 1179 Pari
1456 1130 1553 1180 antem
1573 1125 1734 1185 constantia

79 1216 142 1278 nat,
157 1209 236 1280 quod
253 1208 428 1280 inexpiabile
452 1208 532 1265 nolas
554 1216 608 1277 εει,
635 1220 731 1268 tamen
745 1211 830 1281 vaiet,
884 1207 984 1280 [mors]
1002 1222 1055 1264 nec
1077 1210 1195 1266 veniens
1218 1223 1268 1279 per
1289 1218 1425 1267 naturam
1448 1212 1578 1270 timenda
1604 1221 1657 1278 est,
1682 1228 1734 1272 nec

79 1298 187 1354 erimat
211 1297 240 1353 in
256 1312 287 1354 sc
311 1297 455 1354 carnalem
475 1297 579 1354 animae
601 1297 746 1356 allectum.
776 1301 832 1356 lla·
886 1304 987 1353 contra
1001 1297 1132 1354 ordinent
1149 1299 1277 1369 cogenda
1290 1307 1413 1356 naturae.

79 1400 92 1440 s
138 1385 221 1441 tto.l
256 1385 332 1456 (cap.
376 1386 417 1458 13)
456 1388 493 1441 De
530 1389 636 1443 somnio
675 1386 829 1457 Scipionis:
1168 1385 1171 1389 ’
1258 1386 1350 1445 Chlil.

79 1489 129 1546 rso,
155 1474 287 1544 inquam,
317 1481 399 1544 pater
417 1475 596 1532 sanctissime
612 1483 700 1547 atque
715 1479 831 1548 optime,
886 1474 963 1543 Quod
989 1476 1068 1530 nulle
1094 1477 1128 1531 de
1151 1490 1234 1531 caasa
1267 1477 1347 1532 liceat
1375 1478 1538 1535 christianis
1571 1494 1734 1550 quemquam

79 1575 124 1618 am
144 1562 205 1618 baec
219 1569 262 1618 est
282 1561 353 1629 vita,
369 1569 402 1618 ut
425 1561 595 1619 Airicannm
618 1563 705 1619 audio
724 1563 870 1658 dicere„
1112 1566 1262 1634 interlicere
1277 1566 1355 1635 (ιε’),
1369 1571 1508 1622 eteoatrc.

79 1663 167 1708 noror
182 1650 211 1705 in
227 1649 334 1707 terris?
351 1650 426 1719 Quin
440 1650 499 1707 bno
521 1651 625 1708 advos
648 1653 745 1708 venire
766 1665 831 1722 pro·
920 1653 1094 1722 Augustinus
1114 1652 1151 1707 ed
1174 1654 1364 1709 Macedoniam
1388 1654 1493 1725 (Maur.
1510 1656 1547 1723 ll,
1568 1658 1649 1726 blot:
1669 1656 1733 1714 Non

93 1758 105 1788 ι
122 1767 158 1780 -
174 1760 184 1788 ι
201 1738 265 1796 Νοιι
278 1745 322 1795 εει
337 1739 388 1806 ita,
404 1739 501 1809 inquit
524 1739 581 1808 illo,
599 1739 655 1796 nisi
670 1739 748 1795 enirn
764 1753 832 1796 cnm
886 1741 963 1797 enim
983 1740 1079 1797 bonus
1099 1749 1142 1797 εει
1157 1741 1301 1812 quispiam
1319 1744 1420 1799 timore
1437 1758 1538 1813 poenre,
1566 1744 1615 1800 sed
1635 1756 1733 1800 arnore

83 1827 144 1884 istis
173 1835 200 1885 te
219 1827 347 1897 corporis
367 1826 506 1885 custodiis
530 1827 674 1896 liberavit,
699 1829 758 1885 hue
779 1828 831 1885 tibi
883 1828 1023 1901 justitiae3
1050 1837 1253 1887 verumtamen
1288 1846 1345 1887 nou
1370 1831 1511 1888 inutiliter
1545 1832 1631 1888 etiam
1654 1837 1734 1888 metu

79 1951 81 1964 .
100 1922 199 1987 patere
217 1930 276 1973 non
303 1923 394 1986 potest
408 1931 418 1987 ;
441 1929 533 1987 qnare
553 1924 581 1973 et
603 1917 666 1986 tibi,
692 1916 789 1984 Publi,
804 1923 833 1974 et
885 1918 982 1989 legum
998 1917 1128 1974 hnmana
1141 1927 1289 1975 coercetur
1299 1920 1432 1988 audacia,
1445 1927 1472 1976 et
1488 1927 1520 1976 ut
1533 1926 1596 1977 tuta
1608 1920 1646 1976 sit
1661 1919 1734 1977 inter

79 2003 203 2060 »mnibus
227 2004 399 2061 retinendus
430 2004 546 2061 animus
576 2012 619 2062 εει
650 2007 679 2061 in
701 2005 832 2063 custodia
885 2004 1031 2075 improbos
1053 2006 1227 2074 innocentia,
1243 2013 1270 2063 et
1291 2008 1320 2062 in
1343 2009 1413 2078 ipsis
1428 2008 1576 2078 improbis,
1592 2009 1662 2065 dnm
1679 2008 1735 2064 lor·

79 2092 121 2160 fis,
139 2107 192 2148 nec
216 2092 331 2164 iniussn
352 2093 426 2164 ejus,
446 2106 537 2164 aquo
552 2092 601 2149 ille
614 2102 658 2151 εει
676 2094 759 2151 vobis
777 2094 832 2151 da·
885 2094 992 2151 midato
1008 2093 1148 2165 supplicio
1169 2095 1300 2152 frenatur
1317 2095 1447 2164 facultas,
1464 2097 1596 2153 invocato
1616 2098 1674 2154 Deo
1688 2110 1732 2153 sa·

79 2193 96 2236 x
119 2180 272 2238 bominum
291 2182 351 2237 vita
378 2179 565 2252 migrandum
587 2189 640 2250 ast,
665 2195 701 2238 ne
725 2195 833 2239 munus
885 2190 971 2240 netur
984 2182 1195 2241 voluntas.sed
1211 2185 1280 2241 hnic
1290 2184 1467 2241 ordinationi
1482 2199 1580 2243 rerum
1594 2186 1735 2243 bumana·

79 2276 166 2326 iatum
192 2284 209 2326 ε
235 2269 293 2326 Deo
319 2269 373 2339 ipsi
396 2268 505 2340 fugisse
528 2270 697 2327 videamini.
726 2291 739 2320 ι
766 2271 833 2328 llaec
885 2271 1187 2328 rumcontrariaenon
1202 2280 1271 2329 sunt
1288 2274 1504 2330 intercessiones
1522 2275 1733 2344 episcoporum,

79 2365 106 2414 et
120 2356 270 2428 preceptio
286 2356 411 2413 Platonis
434 2365 487 2426 est,
507 2358 606 2429 quiin
627 2359 832 2416 Phaedonede·
886 2358 945 2414 imo
969 2373 1037 2416 vero
1062 2374 1115 2416 nec
1143 2374 1232 2417 causa
1259 2376 1311 2417 nec
1331 2361 1411 2418 locus
1435 2362 1627 2419 intercedendi
1655 2363 1734 2421 ullus

79 2446 181 2503 nomini
204 2459 262 2503 non
276 2459 338 2502 esse
360 2459 414 2503 sua
438 2454 538 2517 sponte
558 2447 761 2516 moriendnm;
782 2447 831 2504 sed
884 2455 968 2514 essct,
991 2448 1014 2504 si
1039 2447 1094 2504 ista
1117 2463 1176 2506 uon
1201 2458 1304 2505 essent.
1322 2449 1412 2505 Tanto
1426 2451 1503 2506 enim
1527 2457 1595 2507 snnt
1615 2451 1734 2508 interce·

79 2536 129 2590 lem
152 2540 247 2590 tamen
270 2532 386 2606 dialogo
412 2534 486 2591 idem
513 2534 581 2591 dicit
596 2544 718 2594 mortem
738 2536 831 2607 philo·
885 2535 1017 2592 dentium
1041 2543 1068 2593 et
1093 2538 1274 2606 parcentium
1299 2537 1439 2595 beneficia
1462 2538 1600 2610 gratiora,
1624 2547 1734 2610 quanto

79 2621 174 2680 ntibns
211 2623 400 2693 appetendam
431 2633 459 2679 et
487 2622 580 2692 ipsam
620 2623 832 2696 philosophiam
886 2624 1065 2693 peccantium
1079 2625 1204 2696 justiora
1221 2626 1374 2696 supplicia.
1394 2627 1452 2684 Nec
1470 2626 1506 2682 ob
1527 2627 1617 2696 alind,
1637 2641 1731 2698 qnan-

79 2710 199 2768 ttionem
222 2724 283 2768 esse
312 2711 463 2767 moriendi.
488 2711 541 2768 Sed
573 2711 653 2769 Plato
674 2711 747 2769 duas
770 2727 832 2771 esse
885 2714 948 2769 tum
963 2713 1053 2783 sapio,
1072 2713 1102 2769 in
1124 2714 1219 2772 Veteri
1244 2714 1426 2771 'testamento
1445 2715 1550 2771 saevior
1572 2715 1644 2786 legis
1666 2715 1732 2771 vin-

79 2813 90 2856 ε
112 2799 265 2856 hominnm
280 2800 370 2856 novit.
386 2799 444 2857 Nec
459 2800 513 2857 boc
534 2814 614 2857 nunc
629 2805 736 2872 repeto,
753 2802 830 2872 quod
886 2800 963 2857 dicta
983 2801 1122 2870 lervebat,
1156 2803 1212 2859 nisi
1240 2810 1272 2859 nt
1301 2803 1500 2860 ostenderetur
1525 2810 1601 2860 recte
1625 2803 1734 2874 iniquis

82 2901 116 2945 us
130 2888 240 2946 dictum
263 2896 316 2955 est,
337 2887 411 2946 duas
434 2902 494 2946 esso
512 2897 628 2958 mortes,
657 2893 746 2946 unam
768 2893 831 2947 ani·
847 2867 869 2925 (ἶ
886 2902 986 2959 poenas
1007 2891 1188 2959 constitutas,
1211 2898 1254 2959 ut,
1277 2905 1344 2947 cum
1359 2891 1529 2961 eisparcare
1550 2891 1622 2949 Novi
1638 2891 1734 2948 'lesta-

81 2976 196 3034 nimalis
217 2977 355 3048 alteram3
380 2977 428 3034 sed
444 2978 534 3049 ipsius
554 2993 670 3051 qnoque
685 2979 830 3047 animalis,
884 2978 974 3035 menti
1000 2977 1181 3050 indulgentia
1198 2993 1425 3047 commonemur,
1447 2988 1499 3036 aut
1519 2980 1677 3037 remedium
1694 2980 1731 3037 sit
1779 3003 1782 3011 ·

79 3073 94 3122 tt
108 3065 245 3135 bominis,
265 3066 339 3123 duas
351 3066 453 3123 asserit
467 3070 582 3133 mortes,
599 3081 728 3138 quarum
741 3081 831 3126 unam
885 3065 987 3123 salutis
1009 3081 1068 3138 quo
1091 3068 1216 3138 peccatis
1240 3075 1376 3140 parcatur
1395 3077 1423 3126 et
1446 3070 1562 3137 nostris,
1585 3076 1635 3126 ant
1658 3083 1733 3126 com-

79 3167 102 3222 ι,
116 3155 240 3213 virtutes
261 3154 384 3211 alteram
400 3162 546 3226 praestant.
565 3155 654 3212 Homo
673 3154 750 3212 enim
773 3170 832 3213 mo
883 3154 1029 3212 mendatio
1053 3157 1286 3213 mansuetudinis
1308 3158 1375 3228 (ii),
1396 3164 1429 3214 ut
1448 3172 1499 3227 per
1520 3159 1639 3228 eosqui
1666 3169 1730 3226 par·

85 3256 152 3300 curn
172 3242 270 3300 anima
283 3257 390 3314 corpus
404 3244 523 3316 reliquit
542 3243 670 3300 solutum
689 3243 746 3314 (38)
768 3243 831 3317 lege
884 3251 964 3311 cunt,
979 3243 1085 3301 veritas
1100 3244 1254 3314 pvaedieata
1266 3259 1324 3301 non
1339 3252 1451 3302 tantum
1467 3246 1612 3314 timeatur,
1628 3259 1733 3303 verum

79 3344 120 3402 ε;
143 3332 217 3389 morl
240 3331 328 3388 etiam
352 3330 468 3401 dieitur,
489 3345 557 3390 cum
575 3333 675 3388 anima
689 3333 786 3390 adhue
801 3333 831 3390 in
883 3331 970 3389 etlam
993 3332 1143 3404 diligatur.
1161 3334 1246 3388 item:
1268 3334 1303 3390 lit
1321 3334 1384 3390 ideo
1408 3335 1467 3391 ndn
1482 3349 1574 3406 nsque
1593 3335 1631 3391 ad
1653 3347 1731 3391 mor·

79 3434 103 3477 re
123 3420 278 3478 constituta
302 3434 453 3491 corporeas
479 3419 626 3478 illecebras
649 3421 831 3492 philosophia
884 3428 938 3477 tem
963 3421 1160 3491 protendenda
1179 3429 1220 3478 est
1235 3411 1453 3492 disciplinatu
1473 3423 1510 3480 sit
1528 3423 1575 3480 cui
1599 3423 1731 3494 prodesse

79 3516 102 3566 te
129 3510 285 3567 contemnit
307 3515 335 3566 et
360 3508 552 3579 cupiditatum
585 3508 683 3565 dulces
710 3509 830 3567 insidias
883 3508 983 3578 possit.
1020 3510 1105 3564 item:
1145 3509 1218 3567 Cum
1258 3510 1463 3567 intercedimus
1500 3526 1551 3583 pro
1582 3517 1730 3582 peccatore
1827 3571 1831 3576 ,

80 3610 170 3670 asqne
185 3611 285 3655 omncs
299 3598 381 3654 exuit
397 3597 551 3666 passiones.
575 3596 656 3652 llanc
670 3610 739 3669 ergo
754 3612 828 3654 mor·
882 3595 1058 3663 damnando,
1074 3604 1240 3668 sequnntur
1252 3598 1410 3669 aliquando
1425 3613 1491 3671 quae
1503 3599 1650 3669 nolumus,
1668 3599 1729 3656 sive

79 3685 124 3743 icit
140 3686 220 3744 Plato
234 3685 415 3757 sapientibus
437 3686 647 3757 appetendam
664 3685 744 3742 illam
760 3700 829 3744 vero
883 3682 913 3740 in
938 3684 1000 3755 ipso
1023 3685 1074 3756 qui
1099 3694 1199 3742 nostra
1223 3685 1425 3743 intercessione
1451 3688 1601 3758 liberatur,
1626 3694 1659 3746 ut
1682 3687 1727 3744 vel

94 3775 230 3833 omnibus
252 3783 359 3833 natura
381 3774 539 3843 constituit,
564 3773 627 3845 cogi
659 3773 703 3830 vel
726 3773 829 3831 inierri
883 3771 1042 3830 immanius
1057 3773 1202 3845 impunita
1215 3783 1363 3845 grassetur
1377 3776 1635 3843 andacia,subdita
1649 3775 1730 3846 cupi·

79 3864 177 3921 cersiri
192 3870 282 3935 vetat,
296 3864 402 3921 docens
422 3863 645 3934 exspectandam
659 3876 721 3919 esse
743 3870 827 3920 natn·
882 3860 975 3930 ditati,
993 3862 1109 3934 ingrata
1124 3861 1245 3930 lenitati,
1260 3870 1349 3933 atque
1364 3877 1442 3919 nnus
1456 3864 1540 3920 morti
1555 3872 1670 3935 ereptus
1683 3862 1728 3920 vel

79 3952 128 4008 doc
142 3966 261 4024 quoqne
282 3952 394 4009 addidit
414 3965 467 4009 nos
489 3966 549 4008 esse
569 3951 599 4008 in
619 3950 746 4008 dominio
765 3951 829 4016 Dei,
881 3949 1024 4019 plurimos
1042 3959 1133 4019 necet,
1160 3951 1214 4017 vel,
1241 3950 1302 4022 ipso
1323 3965 1374 4021 per
1401 3951 1572 4009 benelicium
1597 3959 1730 4010 nostrum

81 4041 171 4099 tutela
192 4050 220 4100 et
242 4041 424 4112 providentia
441 4041 660 4112 gubernamur;
687 4039 761 4096 nihil
776 4053 829 4097 au·
883 4038 913 4094 in
933 4039 1037 4096 malins
1057 4046 1242 4102 commutato,
1258 4039 1389 4097 moribus
1412 4049 1549 4104 correcto,
1566 4041 1640 4098 alins
1655 4040 1728 4098 male

79 4143 122 4188 nse
145 4130 237 4189 invito
252 4131 374 4187 Domino
393 4130 428 4187 de
451 4129 496 4187 his
511 4121 577 4200 qna's
598 4128 722 4199 possidet
743 4143 781 4185 ex
795 4142 828 4185 eo
842 4158 868 4216 n
882 4127 1006 4184 vivendo
1030 4136 1134 4199 pereat,
1161 4127 1276 4200 sibique
1299 4130 1353 4186 bac
1375 4130 1546 4199 impunitate
1572 4130 1728 4200 proposita,

79 4219 109 4275 in
128 4234 187 4291 qno
202 4233 290 4276 sunm
305 4219 494 4276 constituerat
508 4217 719 4288 aulerendum3
734 4224 762 4273 et
777 4217 830 4274 sic·
885 4215 954 4274 talia
978 4216 1023 4274 vel
1047 4217 1183 4287 graviora
1201 4218 1369 4274 committat.
1387 4218 1460 4284 Non,
1487 4228 1519 4274 nt
1533 4220 1646 4289 opinor,
1667 4219 1728 4276 baec

81 4308 90 4365 i
122 4309 212 4365 vitam
231 4308 376 4379 mancipio
410 4313 564 4378 extorquet
592 4304 683 4362 alieno
708 4305 830 4364 crimine
885 4304 961 4360 mala
988 4304 1159 4375 imputanda
1173 4314 1242 4364 sunt
1260 4306 1353 4375 nobis,
1376 4321 1442 4363 curn
1458 4307 1662 4365 intercedimus
1677 4320 1729 4378 pro

79 4397 175 4464 trabit,
199 4397 240 4454 ita
260 4411 329 4454 enm
349 4398 401 4468 qui
422 4395 509 4453 llnem
528 4394 592 4465 sibi,
617 4395 738 4452 Domino
759 4408 830 4454 nec·
883 4393 979 4474 vobis,
998 4393 1047 4450 sed
1071 4395 1168 4465 potius
1189 4395 1238 4450 illa
1255 4396 1342 4460 bona,
1369 4411 1446 4468 quae,
1469 4410 1535 4453 cum
1552 4397 1580 4452 id
1595 4397 1727 4463 iacimus,

79 4484 207 4558 lubente,
230 4487 388 4558 quesierit,
416 4500 475 4542 non
497 4484 709 4543 absolutionem
732 4499 830 4542 conse-
883 4481 1033 4540 intuemur
1046 4489 1074 4540 et
1088 4483 1234 4550 volumus,
1251 4484 1280 4540 id
1301 4491 1343 4540 est
1363 4485 1573 4543 commendatio
1591 4499 1730 4542 mansue-

79 4574 234 4632 drestnm.
258 4574 325 4631 llaec
340 4572 493 4631 Platonica
516 4581 600 4630 sectae
614 4573 724 4631 semina
743 4573 830 4630 altius
884 4569 994 4627 tudinis
1016 4570 1053 4627 ad
1077 4571 1287 4628 conciliandam
1313 4570 1491 4629 dilectionem
1515 4574 1603 4630 verbo
1626 4573 1731 4631 verita·

79 4677 111 4721 ns
134 4663 316 4734 exsequitur.
349 4662 421 4720 Cum
449 4670 569 4730 constet,
594 4662 700 4733 inquit,
733 4675 828 4719 remu·
883 4658 930 4728 tis,
946 4660 983 4728 {et
1006 4660 1105 4730 utqui
1129 4659 1319 4717 liberentura
1338 4662 1486 4732 temporali
1503 4671 1603 4730 morta,
1627 4663 1668 4720 sic
1688 4662 1730 4720 vi-

79 4764 158 4809 onem
174 4751 279 4809 animis
301 4766 363 4809 esse
386 4751 445 4809 illie
468 4750 653 4808 tribuendam
672 4756 729 4822 pro·
745 4750 830 4808 modo
884 4757 963 4817 vant,
987 4762 1024 4805 ne
1046 4749 1076 4804 in
1094 4755 1243 4816 aeternam,
1275 4749 1352 4805 unde
1378 4764 1532 4821 nunqnam
1557 4751 1728 4818 liberentur,

79 4840 173 4910 tionis,
187 4841 224 4898 ad
248 4854 338 4912 quam
357 4841 388 4896 in
411 4841 466 4898 hac
488 4840 551 4898 vita
564 4853 751 4911 unaqueque
766 4853 828 4910 per·
884 4829 1045 4896 incurrant.
1066 4840 1153 4895 Item:
1177 4837 1256 4894 Nihil
1279 4838 1403 4895 nocendi
1424 4840 1580 4910 cupiditate
1604 4840 1663 4910 liat,
1680 4843 1731 4901 sed

95 4937 217 4987 nonest
249 4930 474 5001 praecipitandus
499 4929 568 4987 vltae
591 4928 666 4997 linis,
699 4929 747 4985 cui
775 4926 829 5000 (39)
884 4927 1054 4985 consulendi
1080 4927 1240 4996 charitate3
1275 4926 1347 4984 nibil
1376 4927 1426 4985 liat
1453 4929 1627 4998 immaniter,
1654 4931 1729 4990 nihil

107 5017 276 5090 prolleiendi
305 5033 367 5076 esse
398 5019 487 5090 possit
511 5017 646 5075 accessio.
670 5016 758 5088 Ergo,
785 5017 832 5073 in·
885 5015 1093 5074 inhumaniter.
1118 5017 1162 5072 lta
1185 5015 1391 5073 lormidabitnr
1413 5017 1483 5074 ultio
1506 5020 1671 5091 cognitoris,
1697 5030 1730 5080 ut

91 5108 144 5180 qui
163 5106 287 5179 perfecte
309 5114 516 5180 purgatusest,
538 5120 659 5164 manum
672 5105 728 5163 sibi
747 5105 831 5162 debet
884 5118 937 5162 nec
965 5104 1157 5163 intercessoris
1194 5104 1295 5176 religio
1335 5110 1546 5172 contemnatur.
1592 5108 1661 5181 quia
1701 5120 1730 5172 et

79 5211 98 5267 t,
117 5211 184 5254 cum
204 5210 261 5254 non
277 5196 313 5254 sit
328 5196 355 5254 ei
368 5210 457 5255 causa
476 5194 655 5264 remanendi,
678 5194 748 5268 quia
762 5208 829 5266 pro·
883 5193 1029 5265 plectendo
1044 5201 1071 5249 et
1090 5191 1265 5264 ignoscendo
1285 5193 1340 5251 boc
1362 5195 1456 5253 solnm
1477 5196 1549 5254 bene
1572 5197 1681 5270 agitur,
1696 5206 1729 5259 nt

88 5319 189 5379 Cous:
205 5320 302 5377 solam.
942 5332 990 5372 nec
1015 5315 1084 5371 dicit
1101 5316 1184 5387 qaod,
1196 5324 1249 5374 etc.

90 5392 197 5450 Edita:
215 5407 287 5448 cam.
932 5388 987 5460 lb)
1000 5385 1082 5445 Cous.
1096 5402 1103 5444 :
1121 5389 1254 5446 hominem
1267 5390 1396 5450 occidere.

87 5461 193 5526 Cous:
218 5464 280 5526 rtet
303 5464 375 5524 eaba
402 5478 464 5523 cum
487 5462 734 5534 monetaque
766 5463 827 5523 ictis
933 5460 977 5532 iil
990 5457 1095 5522 Caua:
1112 5461 1321 5532 mmcitadtats.
