3804 5962
102 169 164 237 v{stt
189 167 197 175 “
403 158 505 218 Pallii
523 157 710 217 hBllihallBI
728 157 805 215 οιΡ.
824 154 915 213 Phlls
932 155 968 215 ll.
988 182 1022 215 ·.-
1042 154 1226 215 SBBilollllS
1244 156 1289 214 ter
1308 156 1428 215 OPUSC.
1448 155 1566 215 hsdlil.
1805 158 1859 214 hos

100 288 336 369 ‚termoipnaatm
356 291 390 347 ut
407 293 535 356 temporo
553 298 611 356 quo
627 282 746 341 decebat
759 280 872 354 nyctim
887 279 957 354 agni
967 280 998 345 ,A
1012 280 1153 341 Bethania
1166 283 1265 356 itaque
1289 282 1454 357 Bethphage
1478 282 1604 351 venitur,
1625 282 1697 356 quia
1709 282 1789 342 solus
1814 283 1860 340 his

107 383 259 451 perageret
299 381 482 433 sacramenta
506 373 583 431 sicut
604 372 666 444 jam
693 371 828 443 superius
852 371 881 427 in
901 368 957 428 alio
1011 370 1175 444 diguusest
1195 373 1361 444 praedicare,
1395 372 1446 445 qni
1461 372 1543 443 prius
1565 372 1696 431 didicerit
1721 373 1858 442 obedire:

101 478 241 522 sermone
261 464 453 529 meminimus.
470 461 543 518 curn
564 467 662 518 autern
686 459 827 517 Dominus
851 457 956 516 Betha-
1011 468 1121 519 utante
1144 461 1310 533 discipulus.
1326 461 1413 519 luerit
1437 461 1632 532 obsequendo,
1653 476 1743 533 quam
1763 463 1858 535 magi-

109 552 192 612 niam
221 552 354 620 venisset,
383 551 512 607 lecerunt
536 547 563 606 ei
581 562 694 607 emnam
724 547 773 617 ihi,
793 555 822 605 et
844 547 957 604 hiartha
1010 557 1069 607 ster
1090 549 1140 607 liat
1163 552 1364 623 praecipiendo.
1389 553 1462 609 Beue
1482 558 1578 608 autem
1602 551 1648 607 hic
1666 551 1782 609 viculus
1810 567 1856 609 sa·

110 641 303 700 ministrabat.
325 642 449 697 Lazarus
460 651 529 695 vero
542 644 605 695 erat
626 651 704 695 unns
717 650 753 694 ex
776 635 958 694 discumben·
1012 638 1170 707 cerdotum,
1187 640 1291 697 hocest
1311 640 1541 711 praedicatorum,
1558 638 1594 695 ad
1616 647 1742 697 montem
1755 641 1858 698 Oli-veti

111 731 190 788 tibus
215 745 280 788 cunt
294 743 337 786 eo.
362 729 452 787 itaria
466 741 535 801 ergo
558 727 667 797 accepit
688 724 790 783 lihram
814 724 956 797 unguenti
1011 740 1072 785 esse
1095 727 1284 786 describitur:
1308 729 1378 801 quia
1399 729 1452 800 qui
1477 727 1557 797 tales,
1579 735 1612 784 ut
1635 728 1774 797 diximus,
1795 728 1856 787 lue-

110 819 194 878 nardi
217 818 310 890 pistici
338 818 462 889 pretiosi,
483 825 511 874 et
540 816 626 873 unait
653 815 738 886 pedes
756 815 833 884 iesu,
861 821 889 872 et
909 828 959 871 ex·
1011 815 1080 882 rint,
1120 816 1235 874 altiores
1264 817 1294 875 in
1323 817 1448 875 Ecclesia
1475 824 1534 874 tam
1574 816 1715 888 dignitate
1748 819 1858 876 ordinis

110 908 192 969 tersit
213 907 314 980 capitis
336 907 407 975 suis,
435 914 463 963 et
486 907 588 963 domus
603 904 719 975 impleta
731 912 774 961 est
806 917 843 961 ex
871 904 957 960 odore
1012 918 1102 977 qoam
1129 906 1298 964 meritorum
1337 907 1492 964 habentur.
1532 907 1614 964 Unde
1640 914 1668 964 et
1697 908 1854 965 Bominns:

110 998 264 1070 unguenti.
288 996 343 1066 Qui
357 1011 425 1054 vero
439 1008 564 1052 caenam
597 994 682 1052 istam
711 992 887 1064 paraverint,
906 992 956 1050 uhi
1011 994 1064 1062 Qui
1084 1001 1175 1051 autem
1195 996 1299 1061 secema
1322 1002 1348 1052 et
1376 996 1499 1053 docuerit
1522 999 1561 1052 sic
1584 996 1716 1066 homines,
1737 997 1781 1054 hic
1798 1015 1857 1055 mo·

110 1086 235 1145 Bararus
249 1087 431 1153 convivatur,
448 1084 561 1142 htartha
582 1082 692 1150 cibum,
708 1080 796 1138 llaria
813 1081 957 1139 ministrat
1011 1099 1082 1153 gnus
1108 1085 1250 1141 ooeobitnr
1279 1090 1309 1140 in
1336 1100 1420 1154 reqno
1448 1086 1575 1141 colorum
1604 1085 1712 1158 lilotth.
1743 1101 1772 1155 v,
1801 1089 1856 1159 la).

108 1183 305 1250 unguentum,
318 1174 495 1245 evangelista
504 1188 561 1230 non
572 1171 813 1243 exprimit3quia
833 1184 885 1241 per
904 1171 956 1228 has
1010 1173 1155 1232 olivetum
1184 1189 1312 1246 quoqne,
1340 1176 1418 1246 quod
1446 1173 1542 1232 oleum
1569 1174 1721 1245 ministrat,
1750 1178 1858 1233 sanetis

100 1278 248 1338 personas
265 1278 340 1336 quas
363 1264 494 1320 nominat
514 1261 583 1318 satis
604 1261 783 1317 insinuatum
807 1259 951 1332 intelligit.
1011 1263 1247 1335 praedicatoribus
1279 1270 1355 1321 recte
1390 1265 1535 1336 congruit.
1560 1263 1661 1322 Oleum
1689 1264 1797 1336 quippe
1821 1264 1857 1320 de

110 1354 148 1415 Ut
159 1355 236 1412 enirn
248 1355 283 1411 de
299 1354 404 1411 Lazaro
417 1361 575 1421 taceamus,
586 1363 776 1422 nequaquam
791 1363 954 1420 congruum
1011 1351 1087 1424 igne,
1103 1367 1189 1424 quem
1211 1354 1313 1422 nutrit,
1337 1353 1432 1411 lncem
1452 1353 1584 1426 spargit:
1611 1362 1639 1413 et
1657 1353 1858 1425 praedicatores

108 1451 181 1508 erat,
202 1451 234 1501 ut
259 1451 367 1500 sanctae
394 1441 508 1499 feminae
535 1440 565 1495 in
593 1439 680 1496 domo
705 1437 836 1506 alterius,
860 1437 905 1494 vel
922 1437 956 1493 de
1011 1441 1103 1499 sancti
1118 1440 1185 1512 igne
1204 1442 1355 1499 charitatis
1372 1444 1485 1499 accensi
1499 1450 1640 1514 tanquam
1656 1442 1775 1501 lucerna
1789 1452 1858 1500 sont

108 1532 211 1589 alienis
225 1532 425 1589 ministrarent
443 1529 618 1600 sumptibus.
632 1529 810 1586 convivatur
831 1526 957 1583 Lazarus
1012 1530 1159 1586 ardeoset
1187 1531 1300 1588 lucens:
1333 1532 1439 1588 ardens
1469 1531 1603 1589 videlicet
1626 1532 1657 1588 iu
1689 1547 1729 1598 so,
1757 1533 1858 1589 lucens

109 1634 177 1677 oum
207 1621 338 1688 Domino,
367 1627 401 1679 ut
426 1620 495 1679 hina
520 1620 584 1690 ejus
611 1619 749 1688 probetur
775 1615 956 1673 resurrectio
974 1625 995 1680 Β
1012 1619 1085 1688 allis,
1102 1619 1153 1690 qui
1168 1633 1269 1677 eorum
1293 1620 1499 1678 illuminantur
1522 1621 1734 1691 predicatione.
1766 1622 1858 1679 ercas

46 1746 50 1752 -
109 1708 192 1767 Unde
205 1717 233 1767 et
252 1708 487 1781 hieronymusin
500 1707 550 1765 lib.
564 1723 584 1763 ιι
604 1707 743 1764 adversus
757 1705 954 1773 torinianum,
1009 1721 1077 1766 vero
1099 1708 1186 1765 relert
1204 1709 1283 1780 qnod
1304 1726 1365 1765 cum
1385 1710 1701 1780 appropinquantium
1725 1713 1857 1766 Dominus

108 1798 145 1856 de
176 1799 238 1870 ipso
276 1799 397 1857 Domino
434 1798 493 1856 ait:
527 1796 603 1869 (ltib)
636 1818 651 1850 e
678 1796 806 1855 Comedit
836 1795 954 1866 quidem
1009 1798 1046 1854 od
1061 1799 1219 1854 descensum
1236 1802 1335 1854 montis
1360 1798 1467 1863 oliveti,
1493 1804 1632 1869 coeperunt
1654 1815 1745 1855 omnes
1767 1801 1854 1857 turba

109 1895 173 1960 post
189 1888 438 1956 resurrectionem,
454 1895 488 1945 ιιι
507 1888 659 1944 veritatem
673 1886 719 1943 sui
737 1885 863 1955 corperis
877 1898 954 1941 com·
1009 1888 1230 1944 descendentium
1248 1888 1398 1958 pandentes
1428 1888 1543 1944 laudere
1560 1891 1646 1944 Ueum
1667 1904 1731 1944 uoce
1754 1905 1857 1958 moqnu

108 1977 254 2049 probaret.
279 1977 351 2035 Nam
367 1976 597 2048 quotiescunque
618 1982 767 2032 mortuum
792 1973 953 2040 suscitavit,
1008 1993 1091 2048 super
1113 1978 1239 2033 omnihus
1267 1993 1336 2049 quos
1369 1978 1499 2034 uiderant
1520 1979 1680 2046 virtutibus,
1711 1979 1831 2036 dicentes
1846 2001 1857 2037 .-

106 2064 193 2138 jussit
212 2067 238 2123 ei
256 2066 432 2123 manducare
447 2063 520 2132 dari,
535 2078 571 2122 ne
590 2062 768 2121 resuscitatio
784 2061 956 2133 phantasma
1009 2067 1171 2122 Benedictus
1203 2068 1253 2133 qui
1283 2070 1358 2123 venit
1379 2082 1429 2122 reo:
1455 2071 1485 2122 in
1510 2069 1619 2122 nomine
1645 2070 1771 2124 Bomim:
1798 2085 1857 2139 pcc

109 2162 273 2226 putaretur.
289 2156 326 2213 Bt
342 2155 476 2222 Lazarus,
493 2161 555 2224 post
563 2153 813 2222 resurrectionem,
829 2151 866 2208 oh
879 2151 955 2208 hane
1009 2157 1040 2211 in
1053 2157 1125 2224 colo,
1142 2161 1168 2212 et
1190 2157 1280 2225 qloria
1303 2159 1334 2213 in
1362 2156 1477 2213 succisis
1503 2157 1587 2228 (ιιιι.Ι
1605 2171 1668 2226 xix,
1697 2160 1755 2225 ιιι.
1782 2159 1857 2216 Bene

109 2257 228 2303 causam
241 2244 377 2301 scribitur
405 2257 474 2301 oum
499 2242 619 2299 Domino
640 2241 726 2298 inisse
749 2241 952 2298 convivium.»
1009 2254 1105 2302 autem
1135 2245 1309 2303 descendens
1329 2245 1364 2303 de
1387 2246 1773 2305 monterminusatnrhis
1800 2248 1858 2321 glo

108 2331 186 2393 Bene
214 2340 311 2390 aulem
340 2332 486 2398 mulieres,
519 2344 585 2402 quae
614 2331 767 2387 ”liminum
793 2329 955 2399 inmitium
1009 2336 1153 2393 rillcatur:
1168 2337 1238 2407 quia
1253 2335 1431 2408 solsequia
1447 2337 1653 2405 humiliaverit,
1669 2352 1856 2410 nequaquam

110 2439 199 2497 qoem
213 2425 269 2482 riri
285 2432 510 2495 persequuntur,
525 2430 553 2480 et
571 2437 638 2480 eum
652 2423 770 2493 insuper
786 2422 953 2489 reficientes,
1011 2433 1137 2481 meretur
1152 2426 1286 2493 exaltari,
1301 2427 1376 2483 sicut
1391 2434 1418 2483 et
1434 2427 1468 2483 de
1490 2426 1551 2497 ipso
1584 2428 1723 2497 scriptum
1741 2434 1785 2484 est
1802 2428 1856 2484 Bo—

18 2566 22 2577 ,
108 2513 243 2587 generale
257 2514 400 2586 majorum
414 2511 561 2569 Christum
581 2511 816 2583 persequentium
831 2524 955 2567 nonve·
1010 2515 1088 2570 mino
1104 2530 1111 2569 ε
1129 2514 1293 2570 Humitiooit
1316 2518 1597 2586 semetipsumfcctus
1621 2518 1746 2573 obediens
1769 2533 1855 2588 usque

109 2610 213 2661 rentur
243 2602 379 2659 edictum.
407 2604 486 2668 Quae,
512 2607 545 2658 ιιι
565 2601 705 2669 diximus,
729 2599 842 2657 Christo
864 2599 955 2656 mini·
1009 2603 1184 2671 admortem,
1208 2608 1322 2659 mortem
1348 2610 1439 2661 cutem
1466 2611 1563 2661 eruco.
1592 2608 1708 2677 Propter
1731 2607 1804 2674 qood
1829 2612 1856 2662 et

107 2700 243 2759 strantes,
269 2691 356 2748 tratre
381 2691 509 2762 ipsarum
533 2692 638 2747 Lazaro
662 2689 953 2759 recntnbente,',tahto
1008 2692 1080 2747 Beue
1094 2692 1229 2748 equitavit
1243 2693 1333 2754 ilium,
1348 2698 1374 2747 et
1389 2693 1465 2749 dedit
1479 2693 1525 2748 iili
1538 2708 1635 2749 nomen
1657 2694 1734 2764 quod
1749 2699 1790 2749 est
1810 2709 1856 2749 su-

109 2779 221 2839 telicius
241 2781 270 2837 in
289 2781 386 2837 anima
401 2781 587 2838 insinuantur
600 2779 757 2847 suscitatas,
773 2787 883 2851 quanto
899 2791 955 2835 ma·
1004 2797 1057 2851 per
1076 2796 1154 2836 cinna
1174 2796 1283 2848 nomen,
1295 2782 1360 2850 (etc.
1383 2781 1486 2852 Philip.
1511 2798 1540 2850 ιι,
1561 2783 1600 2853 8).
1632 2783 1737 2839 Beinde
1759 2783 1853 2841 turbis

107 2869 171 2940 iore
182 2871 296 2927 Christo
309 2870 440 2927 assistere
455 2877 657 2926 monstrantur
667 2869 828 2925 devotione.
1008 2868 1046 2935 ei,
1059 2876 1091 2925 ut
1118 2868 1227 2925 dictum
1251 2877 1301 2934 est,
1327 2868 1428 2927 laudes
1446 2870 1686 2939 acclamantibus,
1705 2875 1736 2925 ut
1753 2887 1855 2941 oppro

146 2960 280 3032 Legimus
295 2959 448 3016 Dominum
471 2959 649 3014 ministrasse
671 2957 777 3014 mensis
800 2954 954 3025 discipulo·
969 2928 992 2986 (ἶ
1004 2958 1164 3026 pinquooit,
1182 2955 1278 3012 cidens
1288 2958 1436 3026 civitatem,
1457 2960 1531 3027 tteoit
1543 2973 1628 3028 super
1640 2958 1728 3024 ittam,
1742 2959 1853 3015 mens:

107 3061 187 3118 rum,
202 3049 315 3106 sicutet
328 3048 388 3119 ipse
413 3046 573 3117 prodantur,
599 3045 716 3102 dicens:
742 3045 877 3115 Numquid
897 3061 954 3100 mo·
1008 3043 1080 3110 Quia
1092 3048 1119 3100 si
1145 3049 1314 3114 cognovisses
1343 3051 1369 3101 et
1385 3052 1425 3111 tu,
1454 3051 1522 3113 quio
1540 3049 1648 3102 venient
1673 3047 1740 3116 dies,
1757 3055 1812 3105 etc.
1827 3051 1854 3104 et

104 3137 155 3208 p'cr
169 3143 208 3194 est
235 3140 283 3204 qui
304 3135 445 3202 recumbit,
467 3151 504 3190 on
527 3137 576 3202 qui
598 3133 763 3189 ministret?
789 3135 882 3190 Nonne
905 3136 955 3203 qui
1008 3135 1230 3204 nonrelinquant
1250 3137 1280 3190 in
1295 3140 1320 3190 te
1336 3136 1469 3206 lapidem,
1479 3151 1562 3206 super
1583 3136 1713 3207 lapidem,
1736 3153 1766 3192 eo
1781 3138 1855 3209 quod
1896 3128 1899 3132 ’

107 3224 262 3283 recumbit?
286 3227 345 3293 qu
363 3231 456 3281 eutem
472 3226 504 3279 in
526 3223 614 3278 medio
637 3227 758 3278 oestrum
786 3237 855 3290 sum,
884 3224 954 3278 sicut
1007 3238 1063 3278 non
1076 3225 1227 3293 cognovisti
1242 3228 1350 3294 tempus
1365 3226 1534 3279 visitationis
1555 3230 1609 3281 tua
1625 3225 1698 3297 (Luc.
1715 3239 1780 3296 ιιι,
1794 3224 1852 3297 ιι).

107 3319 155 3386 pat
171 3314 410 3384 ministratam.
435 3327 507 3381 ιιιι,
531 3313 587 3383 ιι).
610 3311 690 3369 solas
711 3319 809 3369 antem
832 3311 954 3368 reminas
1044 3310 1066 3369 0
1089 3325 1298 3385 summa-erga
1322 3313 1424 3384 impios
1446 3313 1545 3384 pietas,
1565 3322 1593 3371 et
1619 3315 1854 3385 incomparabilis

108 3403 257 3474 Scriptura
285 3411 490 3460 commemorat
522 3402 644 3459 Bomino
681 3401 869 3458 ministrasse.
893 3401 953 3458 No·
1007 3415 1078 3473 erga
1091 3400 1222 3459 crudeles
1238 3401 1418 3474 benignitasl
1436 3404 1514 3459 lnter
1534 3402 1634 3460 laudes
1651 3417 1718 3475 qnae
1732 3404 1758 3460 ei
1784 3404 1853 3461 dan·

106 3493 205 3550 rimus
218 3499 245 3549 et
261 3492 355 3562 ipsum
375 3491 460 3561 pedes
481 3490 690 3561 discipulorum
711 3490 859 3559 abluisse3
886 3489 953 3546 nul·
1008 3497 1066 3557 tur,
1094 3498 1123 3547 et
1147 3491 1361 3548 occurrentium
1385 3492 1494 3562 gaudia
1509 3492 1674 3555 turbarum,
1700 3507 1767 3564 qum
1792 3501 1851 3550 tam

107 3579 168 3640 lum
179 3590 275 3637 autem
291 3579 421 3637 virorum
437 3579 523 3637 hocei
536 3580 707 3651 obsequium
718 3578 894 3644 exhibuisse,
904 3578 953 3635 sed
1007 3577 1126 3635 sollicite
1147 3579 1185 3636 ah
1213 3579 1258 3636 his
1277 3580 1464 3646 exhihentur,
1494 3595 1552 3638 non
1566 3581 1678 3639 exultat
1705 3580 1851 3654 laudibus,

108 3670 197 3728 solam
210 3672 394 3741 peccatricem
404 3669 492 3738 illam,
504 3683 570 3740 quaa
586 3668 758 3739 penitentie
769 3667 954 3738 lacrymispe·
1008 3681 1066 3725 oon
1079 3668 1241 3740 congaudet
1267 3670 1478 3741 gaudentibus:
1496 3671 1545 3726 sed
1567 3671 1721 3729 condolens
1742 3675 1853 3742 peritu-

107 3759 157 3818 des
170 3761 234 3832 ejus
247 3760 327 3825 lavit,
343 3758 453 3830 capillis
464 3761 553 3826 tersit,
565 3758 723 3830 unguentis
735 3757 884 3815 recreavit.
896 3756 954 3813 Nec
1007 3757 1058 3824 ris,
1074 3770 1179 3828 quosa
1204 3765 1296 3816 morte
1323 3772 1458 3815 revocare
1494 3771 1552 3815 non
1580 3759 1665 3830 valet,
1691 3761 1752 3831 jam
1768 3763 1852 3833 quasi

107 3848 202 3907 solnm
216 3850 311 3921 pedes,
324 3863 427 3907 verum
442 3849 528 3906 etiam
540 3855 628 3919 caput
644 3847 734 3919 ipsius
748 3845 854 3903 mulier
868 3846 954 3903 innn·
1008 3854 1136 3904 mortuos
1163 3845 1255 3904 dellet.
1276 3847 1412 3918 Deplorat
1431 3861 1534 3904 earum
1559 3856 1679 3905 mortem
1700 3855 1734 3905 nt
1755 3849 1853 3920 resipi-

107 3953 189 4011 gens,
213 3937 401 4011 corporaliter
417 3952 484 3996 eum
503 3937 650 3995 Christum
671 3936 746 4005 tecit,
760 3943 788 3993 et
804 3941 862 3992 tam
876 3935 953 4006 regis
1007 3943 1099 4004 scant,
1119 3937 1243 3993 deterret
1256 3949 1293 3992 ne
1305 3943 1432 4006 pereant.
1449 3935 1579 3993 Ventura
1597 3936 1748 3994 denuntiat
1762 3937 1851 4008 mala,

106 4039 194 4099 quam
208 4027 365 4085 sacerdotis
384 4027 413 4084 in
428 4034 654 4085 eosacramenta
664 4025 783 4096 peregit.
795 4024 951 4092 Attendite,
1008 4038 1058 4096 per
1090 4025 1168 4097 quod
1197 4024 1250 4081 sibl
1280 4024 1433 4094 providere
1459 4033 1574 4094 possent
1602 4040 1618 4082 a
1644 4040 1738 4097 poena.
1774 4027 1854 4085 Bolet

104 4113 950 4185 viri‚humilitatemBominiitautdirimusministrantis:
1008 4115 1085 4186 qood
1115 4128 1174 4170 nou
1205 4113 1370 4182 exauditur,
1398 4113 1483 4171 delict
1515 4115 1631 4172 illorum
1654 4129 1764 4183 casum,
1795 4130 1853 4173 non

105 4205 283 4277 perpendite,
321 4204 447 4271 lemine,
475 4204 644 4276 dignitatem
664 4210 799 4271 vestram,
830 4216 897 4274 quas
911 4203 953 4259 sic
1006 4212 1201 4276 contemptum
1228 4217 1326 4272 suum,
1349 4203 1400 4275 qui
1425 4203 1539 4261 salvare
1563 4212 1689 4272 venerat,
1709 4218 1767 4261 non
1789 4219 1853 4276 per·

104 4292 131 4350 ei
146 4292 176 4349 in
193 4292 330 4350 omnibns
342 4292 505 4348 ministrare
525 4291 682 4349 meruistis.
699 4290 781 4358 Quod
803 4305 872 4349 vero
894 4305 951 4350 sas·
967 4281 990 4337 D
1006 4292 1082 4349 dere.
1108 4292 1191 4349 Unde
1217 4299 1245 4349 et
1265 4293 1348 4348 lesus
1365 4291 1481 4363 proprio
1511 4293 1628 4349 nomine
1654 4300 1697 4351 est
1724 4302 1852 4350 vocatus.

105 4381 172 4454 pins
187 4381 271 4452 pedes
300 4381 404 4440 Christi
424 4381 528 4439 mulier
548 4380 668 4438 unxisse
694 4380 873 4452 perhibetur,
900 4394 951 4452 pa·
1006 4381 1141 4452 Beplorat
1165 4393 1331 4452 supremam
1355 4389 1383 4438 et
1411 4381 1630 4454 irreparabilem
1656 4382 1749 4455 gentis
1777 4383 1855 4441 illins

89 4478 198 4531 -tanter
213 4470 349 4529 innuitur
367 4484 434 4528 enm
457 4471 617 4528 calceatum
637 4468 778 4537 incedere,
803 4469 889 4541 cujus
904 4482 952 4540 pe-
1005 4469 1274 4527 enterminationem
1289 4483 1340 4540 per
1360 4470 1505 4527 Romanos
1528 4471 1681 4542 principes,
1701 4471 1796 4529 litum
1811 4473 1854 4529 vi-

105 4561 156 4620 dos
169 4561 205 4618 ad
221 4560 391 4633 ungendum
415 4561 454 4616 lta
473 4559 675 4616 invenirentur
693 4558 800 4632 parati,
817 4571 885 4615 cnm
911 4565 953 4615 ta·
1006 4558 1107 4616 delicet
1120 4571 1154 4614 ac
1175 4556 1395 4628 Vespasianum,
1412 4558 1553 4616 loturam.
1570 4561 1605 4618 lli
1620 4569 1689 4618 sunt
1709 4562 1768 4619 duo
1781 4561 1851 4632 ursi,

104 4664 172 4709 rnen
200 4651 261 4722 ipse
284 4649 433 4722 discipulis
462 4648 659 4706 sandaliorum
685 4649 878 4704 calceamenta
905 4647 952 4703 in·
1006 4647 1058 4720 qui
1072 4648 1107 4705 de
1126 4647 1203 4705 saltu
1225 4647 1409 4719 prodeuntes,
1433 4649 1631 4723 quadraginta
1652 4651 1724 4708 duos
1748 4665 1854 4723 pueros

104 4740 237 4798 dulserit.
254 4741 298 4797 Ex
315 4755 374 4812 quo
395 4748 492 4811 aperte
512 4738 600 4811 juxta
622 4736 747 4795 litteram
770 4743 859 4808 patet,
882 4736 952 4806 quia
1004 4736 1204 4808 perdiderunt,
1227 4737 1279 4808 qui
1303 4737 1395 4795 Bliseo
1417 4737 1453 4795 de
1473 4739 1597 4807 iericho,
1620 4739 1671 4796 ubi
1695 4747 1851 4797 sanaverat

104 4829 195 4887 duras
208 4828 344 4887 habuerit
354 4830 425 4897 vias,
442 4828 478 4884 de
492 4827 600 4900 quibus
614 4828 674 4897 ipse
688 4826 724 4883 ad
735 4833 847 4897 patrem
860 4823 953 4896 loqui·
1006 4838 1109 4897 aquas,
1124 4826 1288 4883 ascendenti
1308 4826 1405 4883 Bethel
1419 4827 1582 4893 illudebant,
1597 4828 1733 4884 ducales:
1749 4830 1852 4886 asun-

104 4918 529 4989 tnrzPropteroerbotobiorum
544 4921 723 4976 tuorumetc.
735 4914 821 4987 (Psoi
837 4928 896 4980 ιιι,
911 4912 951 4984 h).
1006 4913 1047 4979 de,
1082 4915 1167 4983 coloe,
1204 4915 1329 4982 amende
1363 4917 1437 4972 cotos
1464 4917 1518 4989 (li'
1547 4918 1613 4987 Beq.
1642 4932 1673 4987 u,
1700 4917 1757 4989 ιι).
1788 4919 1852 4975 Ursi

138 5003 220 5072 Quod
236 5022 304 5065 vero
328 5010 358 5065 in
384 5008 512 5065 erastino
534 5007 570 5063 de
588 5003 728 5061 Bethania
752 5002 845 5074 primo
866 5002 952 5059 Beth·
1006 5004 1114 5076 qnippe
1139 5003 1293 5073 silvestres,
1320 5006 1463 5077 principes
1485 5013 1554 5063 sunt
1584 5006 1741 5078 gentilesa
1768 5008 1852 5064 disci-

103 5092 199 5167 phage
218 5096 254 5151 ad
277 5105 405 5154 monum
430 5095 535 5155 oliveti
558 5094 648 5164 venit,
672 5091 776 5150 deinde
793 5091 953 5150 ierusalem
1005 5093 1085 5166 plina
1099 5093 1170 5166 legis
1190 5093 1289 5163 alieni,
1308 5103 1368 5152 eta
1386 5094 1503 5153 civitate
1518 5096 1568 5152 Bel
1590 5097 1700 5162 remoti,
1724 5104 1752 5153 et
1773 5109 1852 5153 more

104 5182 245 5253 pervenit,
267 5198 454 5257 nequaquam
476 5184 642 5256 emysterio
667 5188 761 5240 vacat.
786 5180 952 5253 Bethphage
1006 5182 1134 5243 lerarnm
1158 5184 1373 5242 indomabiles
1393 5198 1461 5242 cum
1486 5185 1631 5256 gentilitas
1647 5185 1742 5257 mittit,
1763 5186 1848 5258 quasi

104 5272 212 5344 quippe
235 5273 349 5331 viculus
362 5282 405 5332 est
419 5275 613 5342 sacerdotnm,
629 5280 657 5330 et
678 5272 887 5342 interpretatur
901 5270 951 5327 dn·
1005 5273 1041 5330 de
1055 5274 1164 5331 inculto
1178 5273 1255 5332 mltu
1269 5275 1422 5346 prodeunt,
1437 5273 1508 5345 quia
1523 5274 1557 5332 de
1577 5275 1625 5333 illo
1642 5277 1784 5348 prodeunt
1802 5290 1852 5348 po·

104 5373 167 5417 stus
194 5361 292 5429 buces,
325 5361 400 5420 sient
427 5364 566 5422 &chunia
597 5362 695 5420 domus
720 5360 887 5419 ohedientia.
913 5360 951 5417 Be
1005 5361 1074 5436 pulo
1089 5362 1386 5436 quinnttamdivine
1401 5363 1540 5423 docmina
1555 5366 1702 5426 culturam
1715 5373 1850 5427 norerat.

140 5482 365 5563 (totliatrolog.
380 5492 450 5552 ton.
461 5487 560 5550 xliiii.
569 5486 623 5547 col.
638 5486 702 5544 tlt.
