3804 5962
502 217 700 279 inuoluunt
719 218 943 280 cunlsnltlin.
959 249 994 261 -
1006 218 1073 276 ulit.
1093 218 1129 274 ll.
1621 218 1691 273 tntu

79 343 229 418 Gregorius
241 342 387 402 Desiderio
400 343 552 416 episcopo:
572 364 583 395 ι
600 344 733 402 Pervenit
747 344 783 401 ad
798 344 823 400 Α
837 358 901 402 cero
928 358 987 401 non
1014 350 1115 415 potest,
1144 339 1201 400 nisi
1229 341 1347 414 poeticis
1374 339 1514 399 studendo
1541 341 1688 412 tigmentis

79 432 232 490 ernitatem
257 439 337 488 tuam
366 431 586 503 grammaticam
606 431 783 503 quibusdam
837 441 865 490 ιι
876 433 1013 490 inanibus
1033 431 1162 490 tabulis?
1185 445 1251 503 que
1275 438 1344 487 sunt
1365 443 1471 503 genera
1493 429 1688 498 locutionum,

79 537 102 586 t:
127 533 216 593 qnam
240 533 302 577 rem
328 519 367 576 ita
396 519 516 578 moleste
544 521 736 591 suscepimus,
751 535 785 576 ac
836 521 887 593 qni
908 529 1029 578 ornatus
1052 521 1219 589 verborum,
1237 535 1303 591 quse
1324 532 1406 576 sacra
1429 518 1538 591 Pagina
1552 533 1611 575 non
1635 518 1688 575 ha·

79 610 241 667 chementer
256 608 412 679 aspernati,
427 617 459 666 nt
473 623 507 665 sa
522 623 588 680 qne
610 609 723 680 primns
745 610 786 666 di·
838 612 913 677 beat,
929 610 1056 667 maxime
1069 610 1272 682 parabolarum
1287 616 1314 665 et
1328 607 1534 680 allegoriarum
1547 606 1685 679 enigma-

79 706 126 756 ant
155 699 185 754 in
211 698 350 771 gemitum
365 706 393 754 et
409 697 558 755 tristitiam
589 707 785 756 verteremus:
840 699 917 758 tibus
934 700 1047 768 relerla,
1063 706 1091 757 et
1111 699 1222 770 ubique
1237 699 1294 755 lere
1310 697 1437 769 mysticis
1454 694 1621 752 redundans
1638 693 1682 750 in·

79 803 98 844 n
111 801 142 844 se
155 799 204 843 ore
218 800 285 842 cum
309 786 387 842 iovis
405 784 542 842 laudibus
556 787 663 845 Christi
686 786 786 844 laudes
839 788 989 846 nolucris?
1002 789 1078 859 Tque
1097 796 1165 844 sunt
1202 787 1382 844 urbanitates
1405 784 1590 851 locutionem,
1620 797 1687 854 qne

82 882 155 932 unt:
175 881 203 932 et
222 888 311 947 quarn
327 888 416 946 grave
431 874 647 947 uelandumque
668 876 705 932 sit
718 876 789 946 epis·
840 884 932 934 mater
948 877 1116 949 linguarum
1132 876 1273 933 liebreica
1287 889 1346 932 non
1370 874 1510 938 docuerit,
1525 871 1686 943 presertim

79 978 168 1020 ancre
182 977 248 1035 quae
271 977 323 1019 nec
345 962 418 1019 laico
444 962 577 1036 religioso
601 964 787 1031 conveniant,
840 979 907 1023 cum
922 964 1080 1022 Palaestine
1097 972 1180 1022 terre
1195 964 1283 1020 etiam
1298 962 1408 1034 plebem
1428 961 1573 1032 parabolis
1594 974 1690 1018 assuc-

79 1052 179 1110 sidera.
198 1070 213 1101 ι
238 1050 319 1107 Unde
335 1058 363 1108 et
386 1051 465 1108 Plato
491 1052 552 1123 ipse
570 1066 639 1109 cnm
663 1053 788 1110 civitatis
842 1061 901 1111 tam
915 1068 973 1110 non
989 1053 1083 1122 latest,
1095 1060 1127 1110 ut
1139 1053 1184 1109 his
1195 1067 1313 1124 quoquo
1328 1052 1482 1108 bominum
1495 1052 1593 1107 iesum
1609 1049 1688 1121 loqui
1770 1117 1774 1124 Ι

80 1140 214 1197 dinandae
242 1139 365 1195 traderet
399 1139 617 1204 institutionem,
644 1148 744 1211 poetas
772 1155 789 1198 a
842 1143 883 1201 eis
906 1150 1059 1214 oporteret,
1084 1157 1150 1200 cum
1175 1141 1369 1214 Evangelium
1401 1140 1596 1212 predicaret?
1618 1138 1688 1206 Quae

79 1242 109 1285 uu
130 1227 283 1300 ejiciendos
306 1241 367 1283 cccc
391 1227 528 1295 docrevit,
548 1228 622 1285 sient
652 1229 684 1284 in
707 1244 727 1285 ιι
751 1228 790 1285 Ue
843 1233 939 1290 deesse
961 1232 1071 1290 lercuia
1096 1240 1215 1303 possunt
1234 1231 1380 1304 spirituali
1399 1230 1513 1287 Domini
1528 1242 1643 1297 mensae,
1661 1227 1690 1283 id

79 1315 124 1373 uei
145 1317 247 1372 beatus
269 1314 452 1386 Augustinus
476 1314 521 1371 his
545 1315 641 1373 verbis
668 1330 791 1374 comrne
843 1328 886 1379 est
915 1336 1004 1380 sacre
1029 1322 1196 1393 scripturae,
1218 1323 1248 1378 in
1270 1335 1330 1393 qua
1349 1321 1437 1392 jnnta
1460 1319 1641 1390 Gregorinm,
1662 1322 1690 1373 et

79 1404 148 1461 «An
164 1405 244 1468 lorte,
264 1426 278 1453 ι
295 1403 401 1475 inquit,
418 1403 557 1460 «Platoni
577 1404 671 1474 potius
693 1405 790 1476 palma
843 1411 981 1484 elephans
1008 1420 1100 1482 natat,
1123 1418 1151 1468 et
1170 1425 1264 1483 agnus
1287 1409 1546 1478 ambulattCujns
1569 1405 1689 1480 quidem

79 1493 168 1564 cuni
183 1507 251 1550 cnm
276 1493 386 1549 ratione
399 1492 535 1550 formarer
555 1493 652 1564 qualis
666 1507 727 1550 esse
752 1494 792 1549 ci·
844 1500 1034 1572 inetligentia
1049 1501 1089 1557 ita
1103 1500 1235 1562 omnium
1248 1499 1454 1556 alimentorum
1468 1504 1497 1554 ot
1517 1496 1688 1552 deliciarum

79 1583 148 1647 beat,
173 1589 313 1653 tanquam
337 1582 517 1638 adversarios
543 1582 668 1639 civitatis
695 1591 791 1653 poetas
845 1590 934 1661 copiis
967 1590 1118 1656 exuberat,
1135 1597 1167 1647 ut
1191 1589 1252 1648 sola
1280 1589 1343 1660 ipsa
1373 1586 1480 1658 triplici
1513 1584 1691 1656 expositione

79 1672 143 1728 11116
166 1668 336 1741 pellendos?
353 1692 366 1720 ‘¹
384 1671 454 1727 item
477 1676 543 1742 pusi
567 1670 685 1742 aliqua:
703 1672 791 1737 «0111
847 1677 1048 1749 perlectionem
1077 1685 1170 1734 ιιιιιιι
1196 1678 1343 1747 doctrinae,
1363 1676 1393 1732 in
1419 1688 1479 1747 qua
1504 1672 1640 1746 quislibet
1664 1681 1692 1729 et

79 1760 144 1817 'lato
158 1766 255 1830 poetas
268 1761 343 1830 ipsos
365 1759 411 1816 vel
435 1773 486 1830 pro
505 1758 624 1816 arbitrio
651 1762 792 1817 mentien·
846 1765 1010 1822 dictaminis
1036 1766 1219 1833 suavitatem,
1234 1765 1325 1822 multo
1351 1762 1478 1835 amplius
1504 1769 1592 1833 atque
1621 1758 1690 1817 iaci-

81 1845 229 1903 ominibns
251 1847 364 1904 miseris
388 1847 473 1918 quasi
488 1847 606 1904 deornm
632 1847 708 1904 lacta
725 1862 791 1919 pes·
846 1853 913 1922 lius,
928 1867 1017 1925 quam
1046 1855 1123 1924 apud
1147 1863 1244 1925 poetas
1265 1853 1387 1920 addicet,
1404 1859 1432 1907 et
1461 1850 1548 1907 simul
1574 1863 1689 1906 morum

79 1935 176 1994 itanda
195 1944 395 2007 proponentes,
413 1937 531 1993 omnino
547 1937 576 1992 in
589 1936 706 1994 civitate
718 1936 792 1994 bone
847 1943 1025 2000 honestatem
1038 1949 1066 2000 et
1085 1943 1302 2000 aedilicationem
1322 1942 1427 1998 anime
1441 1940 1523 2011 plene
1545 1938 1691 2008 percipiet.

91 2027 189 2084 uiuere
202 2026 305 2083 nuiuii·
324 2045 338 2074 u
353 2025 396 2082 Ac
421 2025 445 2081 si
472 2033 570 2096 auerte
600 2025 683 2082 inuiis
705 2027 792 2083 elium
849 2033 918 2098 Quis
932 2031 1020 2101 enim,
1033 2046 1091 2088 non
1114 2032 1178 2089 dico
1202 2039 1363 2103 poetarum,
1380 2028 1583 2087 verumetiam
1601 2027 1693 2098 philo·

79 2114 100 2170 d
119 2115 182 2186 juni
207 2113 449 2186 praedicaremus
472 2114 546 2183 quud
569 2118 793 2172 mentiturocct-
847 2120 1005 2191 sophorum
1028 2123 1195 2177 maturitate
1220 2119 1385 2177 dictaminis
1409 2118 1527 2175 beatum
1552 2116 1690 2184 Hierony·

79 2219 121 2258 um
136 2203 214 2275 (sep.
234 2218 255 2266 ¹·
278 2201 330 2274 tl).
847 2224 948 2279 mum;
965 2209 1031 2280 quis
1046 2210 1230 2267 insuavitate
1245 2209 1361 2266 beatum
1376 2207 1564 2278 Gregorium:
1581 2205 1648 2275 quis
1663 2203 1692 2259 in

79 2301 161 2360 tasse,
174 2293 297 2364 1111111111,
318 2305 376 2348 11011
396 2292 489 2350 sulum
513 2298 674 2363 buciacum.
690 2306 793 2350 verum
848 2298 1009 2357 subtilitate
1031 2299 1148 2356 beatum
1170 2298 1327 2369 aequiparet
1352 2292 1621 2368 Augustinumiln
1645 2291 1692 2349 illo

79 2379 213 2439 tetuliuiu
229 2381 336 2438 artium
360 2381 495 2438 lectiones
509 2381 680 2438 christianis
705 2382 791 2439 inler-
849 2387 965 2459 quidem
987 2386 1133 2444 Ciceronis
1150 2385 1355 2456 eloquentiam,
1369 2384 1399 2440 in
1420 2383 1482 2439 istis
1504 2380 1595 2437 Bostii
1622 2391 1694 2435 sna-

79 2483 95 2538 b
110 2483 176 2526 oum
190 2470 220 2525 li·
234 2469 428 2540 Hieronymus
454 2470 485 2525 in
507 2468 627 2539 epistola
639 2470 675 2526 ad
689 2471 794 2528 Eusto·
848 2477 968 2533 vitatem
995 2483 1023 2533 et
1042 2475 1200 2532 Aristotelis
1222 2474 1348 2530 invenies
1370 2470 1578 2540 subtilitatsm3
1604 2474 1642 2535 et,
1662 2463 1693 2521 ni

79 2557 245 2630 1181111111
266 2565 437 2627 correctum,
452 2566 480 2615 θῑ
504 2558 717 2616 verberatnma
738 2560 794 2616 bo·
849 2565 943 2632 lallor,
959 2563 1049 2622 mullo
1071 2563 1205 2634 amplius,
1223 2562 1247 2619 si
1268 2562 1451 2633 singulorum
1473 2557 1604 2616 conleras
1622 2553 1692 2611 scri-

79 2660 105 2704 ιο
129 2647 248 2704 iuciiunc
274 2645 537 2717 uiliicsuuhicuruin
552 2647 725 2717 scriptorum
750 2661 792 2704 us·
850 2661 909 2726 pta.
929 2652 1003 2720 Quid
1027 2652 1062 2708 de
1085 2650 1249 2723 eloquentia
1272 2649 1408 2722 Cypriani
1432 2648 1492 2704 sire
1511 2643 1644 2717 origenis
1666 2649 1694 2698 et

80 2734 168 2806 ciam
183 2735 308 2805 prolecto
327 2749 380 2792 neo
394 2737 615 2808 grammaticam
639 2735 794 2793 aChristi-
850 2743 974 2800 aliorum
1014 2739 1274 2797 innumerabilium
1305 2736 1563 2794 ecclesiasticorum
1594 2731 1693 2787 docto-

79 2822 92 2880 'i
119 2823 262 2892 convenit,
287 2823 349 2880 sinc
373 2823 552 2880 documentis
573 2824 658 2895 cujus
681 2838 734 2881 nec
752 2825 793 2881 di·
850 2844 927 2899 rum,
942 2837 1000 2887 tarn
1014 2828 1180 2887 Graecorum
1204 2840 1293 2898 qnam
1312 2826 1491 2887 Latinorum,
1508 2823 1538 2878 in
1559 2817 1695 2877 omnibus

79 2910 161 2983 111181
184 2912 291 2984 pagina
318 2919 418 2983 1101111,
442 2927 496 2970 nec
520 2913 665 2984 scriptura
688 2912 795 2984 aliqua.
813 2917 834 2973 C
850 2917 1015 2976 liberalium
1026 2914 1135 2973 artium
1150 2915 1252 2973 studiis
1266 2909 1557 2971 eruditissimorum?
1576 2904 1701 2977 Cypria·⁴

92 2999 276 3067 rhetoricam,
300 3015 366 3072 (luc
394 3001 488 3057 01111111
510 2999 680 3072 ⁰¹0lluc1¹iiae
709 3001 797 3057 tradit
852 3021 924 3064 num
954 3007 984 3063 in
1009 3006 1165 3063 dictamine
1190 3018 1289 3061 omnes
1316 3000 1527 3060 transcendisse
1563 2994 1693 3069 gentiles,

78 3096 130 3158 ιιι,
155 3088 263 3160 quibus
282 3090 407 3146 marimo
422 3103 504 3146 sacra
524 3090 673 3161 Scriptura
693 3089 797 3147 relenta
853 3098 982 3168 ipsorum
1004 3108 1122 3165 quoque
1145 3092 1295 3165 gentilium
1320 3091 1441 3164 jndicio,
1465 3088 1568 3146 heatus
1595 3083 1697 3141 asserit

99 3176 163 3248 cius
185 3176 271 3234 (iecur
293 3178 348 3234 uici
371 3178 416 3234 liis
443 3178 597 3249 diligenter
632 3179 796 3250 assignatis,
851 3183 1044 3257 Augustinus.
1061 3182 1114 3239 Ubi
1139 3181 1272 3253 qnaedam
1296 3180 1373 3237 dicta
1393 3177 1546 3250 cniusdam
1569 3171 1696 3245 epistole

90 3267 204 3338 poterit.
226 3265 321 3335 Quare
346 3281 425 3339 ergo,
439 3267 563 3339 inquies,
579 3276 694 3339 propter
719 3268 797 3325 Cice·
851 3272 986 3345 Cypriani
1001 3271 1118 3327 inducta
1131 3277 1199 3327 sunt
1213 3284 1231 3326 s
1245 3268 1417 3327 Christianis
1432 3267 1463 3323 in
1487 3266 1584 3336 ipsum
1604 3266 1696 3318 certa·

79 3355 150 3413 tbros
175 3356 330 3427 predictus
354 3356 454 3412 doctor
469 3363 528 3412 tam
555 3361 685 3428 grauiter
703 3370 796 3413 corre·
851 3361 937 3417 minis
951 3359 1120 3417 condictum
1137 3359 1210 3415 inter
1224 3357 1401 3415 Christianos
1423 3361 1453 3412 et
1465 3352 1587 3426 gentiles
1612 3348 1693 3407 habi-

94 3443 256 3516 flcgciiuiuu
279 3452 331 3512 cci,
348 3451 381 3501 nt
409 3444 464 3501 8111)
493 3443 681 3501 obtestatione
704 3458 798 3501 sucru-
852 3457 923 3518 tum,
938 3448 989 3520 qui
1010 3448 1045 3504 ds
1072 3461 1172 3504 eorum
1201 3446 1367 3504 doctoribus
1389 3441 1566 3501 indictando
1587 3450 1698 3511 preera-

79 3541 220 3604 ugcrelur
234 3533 350 3590 omnino
374 3533 558 3590 secularium
581 3533 723 3590 libroruin
745 3533 798 3589 lec·
851 3539 981 3597 luissent.
997 3535 1072 3595 Sunt
1088 3544 1184 3593 autem
1201 3536 1263 3592 haec
1278 3535 1326 3593 illa
1340 3532 1475 3605 Cypriani
1488 3530 1578 3588 rerba
1602 3528 1698 3586 dicen·

79 3621 268 3679 renuntiare?
294 3622 422 3679 Proiecto
436 3623 506 3695 quia
520 3636 578 3678 non
602 3636 654 3692 pro
676 3621 798 3679 utilitate
851 3628 888 3686 tis
911 3626 1037 3698 quodam
1062 3625 1139 3682 loeo:
1156 3645 1170 3674 «
1191 3627 1326 3680 Petamus
1340 3623 1416 3679 hane
1437 3620 1542 3678 sedem.
1559 3619 1633 3674 Uant
1654 3629 1696 3674 se·

79 3709 127 3768 sed
152 3724 204 3781 pro
227 3711 415 3768 oblectatione
429 3710 602 3783 eloquentiae
622 3709 678 3767 illis
704 3710 796 3767 inten·
852 3729 965 3773 cessum
990 3714 1089 3772 vicina
1111 3719 1229 3779 secreta,
1244 3712 1294 3769 uhi
1316 3712 1386 3769 dum
1405 3709 1521 3767 erratici
1544 3705 1697 3778 palmitum

79 3798 202 3870 neglecto
225 3812 313 3856 sacrae
335 3800 490 3870 scripture
515 3800 620 3867 studio,
647 3799 742 3871 cuius,
766 3806 798 3855 ut
852 3805 950 3875 lapsus
982 3802 1116 3874 pendulis
1154 3800 1279 3857 nexibus
1318 3798 1477 3856 arundines
1503 3795 1616 3868 bajulas
1652 3808 1698 3850 ro·

87 3887 138 3956 ait,
154 3887 282 3945 incultus
295 3889 320 3945 ei
338 3903 430 3946 sermo
450 3889 596 3946 horrebat.
618 3889 678 3960 Ego
702 3886 799 3945 autem
853 3899 925 3965 punt
938 3891 1043 3948 viteam
1068 3889 1210 3961 porticum
1235 3888 1354 3945 lrondea
1378 3893 1451 3945 tecta
1474 3885 1613 3942 lecerunt.
1630 3905 1640 3931 ι
1659 3883 1699 3939 Ue

79 3977 147 4035 entis
161 3977 310 4035 lectionem
333 3979 498 4049 cuicunque
522 3977 655 4049 religioso
682 3977 800 4034 interdi-
853 3996 911 4054 qno
926 3980 1043 4052 quidem
1059 3979 1216 4036 verborum
1240 3977 1359 4034 istorum
1380 3981 1496 4042 ornatu,
1516 3973 1619 4030 beatus
1632 3973 1697 4028 Au-

98 4066 233 4132 erbitror,
250 4067 306 4123 nisi
334 4065 405 4124 lorte
429 4081 479 4138 per
503 4067 557 4123 hoo
580 4067 672 4139 major
699 4065 800 4136 aliqua
855 4070 990 4144 gnstinns
1009 4069 1039 4125 in
1056 4075 1160 4139 quarto
1176 4069 1214 4123 Ue
1233 4065 1364 4123 doctrina
1379 4062 1545 4120 Christiana
1567 4059 1714 4117 meminit·
1787 4116 1792 4136 ι

79 4154 152 4212 111111
174 4156 377 4226 prepediatur,
393 4157 468 4212 sicut
489 4161 517 4211 et
539 4155 570 4211 in
591 4155 699 4212 caeteris
717 4154 800 4211 bonis
853 4161 969 4217 dicens:
989 4179 1000 4208 ι
1022 4158 1136 4229 linigna
1149 4163 1177 4213 et
1190 4154 1305 4228 lragilia
1319 4154 1395 4211 bona
1409 4165 1527 4224 spumeo
1542 4149 1698 4208 verborum

79 4258 119 4301 rm
148 4243 266 4312 scimus,
284 4253 317 4301 ιιι
344 4245 477 4302 videlicet
496 4244 610 4301 minora
633 4258 686 4316 pro
710 4245 799 4315 maio·
814 4261 837 4315 p
853 4248 965 4306 ambitu
979 4254 1149 4304 cruentum«
1166 4247 1216 4303 Est
1230 4244 1286 4301 tale
1300 4243 1450 4314 aliquidin
1464 4240 1584 4312 epistola
1599 4238 1700 4312 Cypri·

79 4333 232 4405 nandoque
248 4333 486 4403 intermittantur,
504 4333 547 4390 vel
568 4333 682 4405 penitus
701 4333 801 4390 obmit-
855 4337 913 4394 ani.
929 4336 976 4392 nit
1006 4349 1076 4407 ergo
1102 4335 1228 4406 quodam
1260 4333 1340 4390 loco:
1372 4333 1534 4388 ructamus
1552 4329 1628 4396 hanc
1655 4342 1698 4384 se·

79 4422 184 4494 qnippe
206 4437 273 4479 cum
298 4423 380 4479 nulla
398 4430 440 4479 cst
469 4424 499 4480 in
522 4424 653 4480 doctrina
680 4422 799 4490 lalsitas,
857 4425 962 4493 ›dem‚
977 4433 1059 4481 ete.»

79 4512 199 4569 tverbis
218 4512 379 4584 turpitudo,
397 4512 538 4570 nonnulla
551 4513 586 4570 de
601 4512 720 4570 scientia
743 4513 801 4570 uti·
890 4512 1016 4582 Quodsi
1042 4511 1071 4568 in
1093 4511 1174 4569 brevi
1198 4512 1312 4582 assequi
1338 4511 1424 4583 juvat
1447 4507 1625 4567 Christianos
1648 4506 1702 4565 lec·

79 4599 114 4656 tis
141 4600 201 4657 hec
225 4601 359 4658 discendo
379 4608 431 4658 ant
457 4600 583 4657 docendo
608 4600 719 4671 culpari
744 4616 802 4657 me·
856 4613 931 4663 tores
959 4611 1018 4660 tem
1039 4615 1148 4674 genera
1170 4600 1431 4666 constructionum,
1460 4613 1550 4671 qnam
1580 4604 1701 4656 ornatus

86 4687 141 4745 nisi
165 4703 253 4746 cansa
278 4690 465 4749 intervenerit
487 4691 680 4761 supraposita,
698 4691 802 4761 potiori
855 4694 1022 4760 verborum,
1037 4691 1121 4762 plene
1133 4689 1161 4746 id
1185 4690 1343 4760 percipient
1355 4703 1392 4746 ex
1412 4688 1482 4760 ipsis
1495 4688 1618 4756 artibus,
1635 4700 1701 4759 quae

78 4777 179 4835 tbono
198 4779 326 4852 neglecto
349 4787 400 4838 aut
419 4780 561 4837 dimisso?
586 4792 671 4836 nemo
696 4780 803 4836 etenim
856 4785 910 4842 ista
926 4796 962 4840 cx
975 4781 1088 4853 integro
1102 4787 1129 4836 et
1153 4786 1251 4850 aperte
1269 4778 1399 4846 tradunt,
1418 4777 1608 4850 grammatica
1626 4775 1702 4834 scili-

79 4880 106 4922 m
130 4867 259 4939 aliquam
274 4877 349 4925 recte
368 4868 474 4925 melem
498 4882 559 4924 esse
582 4867 697 4924 dixerit·
720 4868 803 4934 Quod
856 4881 912 4938 cet,
931 4870 1090 4938 dialectica,
1105 4868 1264 4925 rhetorica:
1289 4881 1342 4923 nec
1359 4881 1434 4937 opus
1451 4875 1494 4924 est
1515 4867 1567 4923 diu
1581 4865 1702 4924 detineri

92 4956 122 5012 in
138 4964 278 5027 quantam
293 4958 383 5014 nostri
409 4957 678 5015 condemnationem
691 4963 718 5013 ct
734 4972 802 5015 con·
857 4964 888 5020 in
903 4959 1043 5018 labnlosis
1058 4965 1218 5029 poetarum,
1236 4963 1268 5013 nt
1283 4954 1343 5011 haec
1353 4952 1500 5027 colligant,
1520 4968 1586 5025 qnae
1597 4952 1636 5011 ibi
1652 4960 1704 5011 aut

79 5057 101 5099 u
132 5045 240 5102 lactum
262 5046 308 5113 cii,
332 5046 398 5116 (luis
422 5046 562 5103 discretus
589 5059 647 5102 uun
671 5047 801 5103 unimus]-
856 5065 934 5116 raro,
958 5055 1009 5104 aut
1033 5045 1165 5113 obscure,
1182 5051 1233 5101 aut
1259 5041 1422 5113 imperiecte
1449 5050 1596 5100 notantur.
1622 5042 1704 5099 Unde

79 5133 185 5203 qnibus
199 5149 257 5191 non
270 5135 363 5192 solum
381 5134 580 5203 illuddicitur,
595 5134 672 5205 qnod
687 5150 716 5189 os
731 5136 804 5206 quod
857 5152 911 5195 nec
937 5135 1050 5193 Tullius
1065 5134 1095 5191 in
1116 5132 1258 5190 rhetorica
1281 5145 1349 5189 cnm
1376 5131 1411 5188 de
1433 5131 1594 5189 elocutione
1621 5131 1704 5203 plene

79 5223 200 5279 reccidit
219 5227 350 5280 opimam.
368 5224 476 5297 (Metti.
502 5223 746 5294 1n‚36,iverum
768 5225 804 5282 de
859 5227 1022 5291 instrueret,
1048 5222 1165 5295 poeticis
1197 5220 1240 5277 uti
1269 5220 1362 5278 voluit
1387 5220 1537 5292 exemplis,
1561 5219 1610 5278 sed
1638 5233 1703 5291 pro-

79 5312 146 5369 erbo
159 5313 250 5371 otioso
263 5316 391 5373 districta
404 5314 534 5386 exigitur
546 5313 629 5371 ratio.
859 5315 939 5388 priis,
955 5314 986 5370 in
1001 5312 1110 5384 quibus
1125 5309 1247 5381 plenius,
1262 5316 1295 5367 nt
1309 5309 1435 5381 'ipsemet
1448 5308 1499 5379 ait,
1521 5323 1568 5367 ars
1594 5309 1704 5367 emine·

79 5408 129 5458 ret
156 5401 354 5462 Christianum
377 5404 471 5478 legere
492 5404 528 5460 ad
548 5402 741 5460 eruditionem
764 5402 804 5459 lc·
858 5412 911 5461 ret.
932 5402 1006 5468 Quid
1021 5415 1090 5472 ergo
1114 5399 1241 5471 episcopi
1255 5405 1283 5456 et
1301 5398 1450 5471 religionis
1463 5398 1634 5456 Christiane
1650 5399 1704 5456 do-

79 5504 106 5548 m
119 5491 163 5550 rol
177 5493 395 5564 sententiarum,
413 5493 549 5565 nunquid
565 5494 618 5551 hoc
636 5492 719 5565 plene
742 5492 802 5551 clli-
858 5499 950 5551 ctoros
964 5498 1061 5563 postas
1074 5503 1092 5546 a
1106 5488 1222 5546 civitate
1236 5487 1289 5546 liei
1307 5502 1366 5547 non
1381 5495 1491 5557 arcent,
1506 5501 1611 5560 quosa
1632 5487 1704 5546 ciri-
