3804 5962
66 145 115 199 tte
583 142 692 200 ubist.
713 143 736 212 i,
758 144 822 200 SEU
843 144 1011 207 lttsrolttA
1030 142 1291 205 consultatum.
1768 149 1818 202 tim

67 267 217 338 bsapiens
243 266 292 338 [cl.
307 265 459 340 sapientis]
486 267 652 334 consilinm,
677 275 711 326 ut
739 278 841 327 contra
855 269 917 338 ejus
933 271 956 333 A
972 274 1074 340 gatum
1089 268 1205 339 ipsum,
1230 267 1281 338 qui
1307 274 1424 326 coactus
1445 268 1499 324 boc
1520 267 1650 336 faciebat,
1671 277 1734 338 post
1747 253 1818 339 pto'

68 356 265 412 verbositatem
294 354 515 424 comendamus,
550 354 635 427 cujus
663 359 844 430 argumentis
871 357 916 414 vel
971 357 1103 424 ersdies,
1120 371 1186 413 cunr
1212 357 1291 412 bttnc
1316 359 1471 423 recesserit,
1488 371 1533 412 me
1549 359 1662 426 penitus
1679 357 1817 413 liberatu-

10 518 12 527 λ
69 446 292 516 sophismatibus
305 442 460 501 universus
473 445 611 502 obsistere
631 447 763 503 mundus
778 460 835 502 non
851 460 914 517 pos·
970 459 1045 503 rum.
1062 445 1098 501 Ει
1119 447 1229 512 sicme,
1254 453 1286 501 ut
1309 445 1738 516 potuit,llentemilensetipse
1750 458 1818 503 eon·

10 605 13 617 μ
68 532 395 591 tetlsedcertomulto
414 532 561 590 diidcilius
589 542 732 591 eratcum
760 535 822 606 ipso
844 549 916 592 con·
969 535 1144 591 solatusest.

10 695 13 704 Ι
67 622 177 679 endere
199 622 326 688 Christo,
353 621 390 677 ad
408 636 495 693 quem
520 630 616 678 tamen
638 623 816 681 audiendum
832 623 914 680 Nico·
1004 622 1072 678 Car.
1087 636 1118 679 x.
1151 625 1189 678 De
1210 623 1392 679 combustione
1418 624 1662 693 sperneremus
1683 637 1815 693 person·

10 769 11 778 ,
67 712 158 768 demus
179 710 270 782 iuxta
288 709 360 781 legis
377 709 555 767 sanctionem
582 710 734 767 inritabat.
764 710 837 768 Cum
861 725 914 768 au·
970 713 1042 766 tione
1059 711 1225 781 adnotasset
1246 716 1271 766 et
1290 714 1411 779 fratrum
1429 717 1459 766 in
1478 711 1739 769 com-Vocatus
1763 710 1816 768 ita·

10 785 14 880 [
67 810 110 857 en
136 802 295 870 episcopus
321 798 358 854 ad
386 797 416 854 id
442 798 722 870 quodproposuerat
736 814 837 857 eorum
851 800 913 855 ani·
969 813 1026 869 qne
1049 799 1147 855 statim
1173 799 1210 855 ad
1233 800 1387 861 concilium
1409 799 1817 869 adluietsineullodiscus-

10 952 14 972 ⁵
67 903 116 944 nos
142 888 287 944 inducere
308 901 366 943 non
393 895 496 958 posset,
517 887 574 943 alia
596 889 913 945 viaeorumiuridiam
968 889 1057 945 sconis
1070 887 1203 945 examine
1218 889 1359 959 meipsum
1381 888 1583 959 compulerunt
1598 890 1817 961 propriamanu

67 976 204 1034 refrenare
232 984 365 1046 attentat,
397 976 497 1033 dicens
524 976 561 1032 ad
589 976 796 1035 discussionem
827 985 913 1035 tantae
967 977 1074 1034 librum
1094 984 1285 1033 memoratum
1307 991 1403 1032 meum
1437 976 1572 1048 inignem
1598 975 1757 1047 projiceret.
1779 975 1817 1032 Et

10 1060 15 1081 ’
66 1068 104 1128 rei.
133 1080 249 1137 panem
275 1066 328 1136 qui
356 1065 478 1122 aderant
501 1080 560 1122 non
588 1080 670 1136 posse
689 1066 830 1134 sulficere,
848 1081 912 1122 ma·
966 1067 1008 1121 sic
1031 1065 1201 1122 combustus
1230 1072 1282 1131 est,
1306 1073 1338 1121 ut
1361 1072 1540 1122 tamencum
1563 1064 1634 1121 nibil
1654 1065 1749 1121 dicere
1775 1064 1817 1119 ri·

10 1149 14 1219 ἶ
64 1155 184 1227 erisque
206 1155 354 1211 exantinis
371 1168 489 1211 causam
505 1153 580 1212 banc
595 1155 733 1227 indigere.
751 1156 782 1211 ln
799 1155 912 1225 hocque
965 1153 1113 1221 demumr,
1137 1153 1256 1224 quidam
1281 1153 1315 1209 de
1342 1154 1515 1209 adversariis
1529 1156 1597 1210 meis
1626 1154 1653 1209 id
1675 1154 1816 1210 submur-

10 1223 14 1247 '
65 1246 181 1301 dorius
203 1252 322 1301 tantum
341 1258 428 1301 soum
454 1257 515 1300 esse
533 1242 697 1312 consilium,
716 1251 749 1301 ut
771 1244 806 1300 ad
824 1243 912 1299 abba·
967 1241 1198 1314 muravit,quod
1224 1241 1253 1297 in
1277 1240 1501 1312 libroscripturu
1525 1241 1816 1312 deprehenderatso-

10 1325 13 1413 ζ
63 1333 120 1389 tiro
151 1333 386 1401 meam,bocest
417 1331 624 1390 monasterium
651 1332 745 1389 Sancti
772 1330 909 1402 bionystt,
966 1333 1027 1388 lom
1053 1331 1143 1386 ileum
1171 1332 1283 1386 Patrem
1308 1331 1535 1401 omnipotentem
1558 1344 1626 1387 esse.
1652 1328 1734 1398 Quod
1747 1342 1816 1386 cum

10 1491 12 1500 y
62 1419 140 1476 abbas
154 1419 445 1491 meusquiadcrat,
462 1435 506 1477 me
530 1420 702 1489 reduceret;
728 1421 828 1491 ibique
849 1419 911 1490 ptu-
964 1406 1078 1489 ¹egatus
1107 1419 1361 1484 subintellex'sset,
1386 1418 1469 1475 valde
1491 1419 1639 1475 admirans
1660 1418 1685 1474 oi
1701 1429 1816 1488 respon·

62 1508 133 1565 ribus
161 1522 198 1564 ac
224 1508 404 1565 doctioribus
439 1510 569 1578 personis
595 1508 760 1565 convocatis
784 1508 910 1580 diligen·
926 1560 948 1615 B
965 1508 1016 1574 dit,
1038 1509 1093 1563 boc
1112 1522 1164 1563 nee
1186 1508 1221 1562 de
1237 1508 1357 1579 puerulo
1382 1507 1429 1579 [ot.
1457 1507 1592 1581 parvulo]
1614 1507 1712 1577 aliquo
1737 1504 1817 1579 creda

62 1597 269 1654 tioriexamiuo
300 1597 371 1668 quid
395 1610 483 1667 super
496 1596 549 1654 ltoc
564 1597 731 1655 laciendum
750 1605 823 1654 esset
849 1606 906 1653 sta·
932 1622 940 1635 ·
965 1596 1068 1664 delere,
1090 1597 1167 1667 quod
1190 1597 1260 1653 adeo
1283 1605 1413 1653 erraret:
1440 1597 1540 1653 ocum
1563 1593 1736 1663 contmunis,
1770 1595 1817 1649 in·

10 1681 12 1748 ζ
61 1691 196 1744 tueretur.
215 1685 344 1742 Assensit
368 1684 481 1756 legatus
504 1685 574 1743 huic
604 1685 760 1742 novissimo
779 1685 907 1753 consilio,
964 1687 1039 1756 quit,
1063 1686 1133 1742 tides
1152 1694 1180 1742 et
1203 1693 1297 1742 teneat
1319 1696 1346 1742 et
1375 1685 1543 1756 profiteatur
1563 1691 1621 1742 tres
1640 1684 1817 1754 omnipoten-

10 1766 13 1854 ἶ
61 1775 198 1833 aratori
226 1789 337 1832 omnes.
360 1776 430 1831 lude
457 1788 523 1830 mox
552 1774 664 1846 legatus
678 1775 847 1842 assurrexit,
877 1782 909 1832 ut
964 1787 1118 1834 tesesse.»
1140 1774 1202 1841 Quo
1229 1775 1328 1831 audito
1355 1774 1622 1845 Terricusquidam
1649 1772 1816 1830 scltolarnm

60 1866 168 1922 nisam
184 1864 355 1930 celebraret,
383 1871 541 1935 antequam
564 1863 718 1919 concilium
736 1863 866 1929 intraret,
880 1871 909 1920 et
965 1863 1101 1934 magister
1125 1863 1272 1920 irridendo
1300 1862 1456 1918 subintulit
1485 1862 1556 1919 illud
1582 1860 1731 1918 Athanasii
1773 1859 1816 1933 (in

10 1948 12 2015 Ῐ
61 1953 120 2010 mibi
150 1967 207 2025 per
236 1966 401 2023 eptsmpum
436 1951 517 2009 illum
544 1950 690 2008 licentiam
722 1956 909 2009 constitutam
964 1951 1109 2022 Symbobl,
1133 1974 1147 2003 ι
1171 1961 1199 2008 ot
1223 1960 1318 2008 tamen
1345 1967 1404 2008 non
1429 1961 1486 2008 tros
1518 1952 1737 2022 omnipotentes,
1765 1948 1816 2007 sed

10 2025 12 2121 J
61 2041 216 2105 mandavit,
245 2041 407 2097 revertendi
435 2039 541 2097 scillcet
568 2039 606 2096 ad
630 2040 837 2097 monasterium
857 2055 907 2096 no·
965 2055 1043 2096 unus
1061 2040 1250 2110 omnipotens.
1281 2062 1295 2089 ι
1316 2040 1406 2106 Quem
1422 2054 1489 2096 curn
1510 2039 1660 2110 episcopus
1683 2038 1816 2097 sumin-

61 2139 155 2198 ttrom,
194 2129 235 2186 ibi
272 2134 475 2199 exspectaturo
506 2128 584 2199 qnod
608 2129 774 2185 condictum
805 2129 908 2186 luerat.
964 2141 1082 2198 crepare
1101 2130 1230 2199 cmpisset
1259 2136 1287 2185 et
1315 2129 1472 2199 reprimere
1495 2128 1579 2198 quasi
1596 2127 1757 2198 reumqui
1784 2124 1816 2187 io

61 2216 252 2276 luucaemoli
275 2216 570 2289 melnibilseegisse
590 2218 759 2289 cogitantes,
784 2218 808 2273 si
826 2225 911 2273 entra
965 2219 1145 2289 majestatem
1182 2218 1360 2288 loqueretur,
1402 2216 1541 2273 audacter
1565 2215 1611 2272 ille
1647 2214 1760 2283 restitit,
1786 2221 1815 2272 et

10 2301 13 2383 ζ
58 2307 198 2364 diocesim
225 2319 312 2363 suam
334 2306 388 2362 boc
408 2306 557 2378 negotium
577 2314 723 2377 ageretur,
739 2305 788 2363 ubi
810 2306 910 2362 rideli·
965 2306 1050 2376 quasi
1076 2305 1201 2361 Danielis
1223 2305 1314 2363 rerba
1328 2319 1567 2371 commemorans,
1597 2304 1637 2360 ait
1652 2305 1733 2373 (Dira,
1752 2317 1815 2370 xm,

10 2468 11 2472 Ἰ
59 2396 265 2467 cetjndieium'
282 2395 400 2451 minime
420 2396 709 2462 exercerevalerent,
726 2395 778 2466 qui
802 2395 910 2452 scillcet
964 2394 1127 2465 48):·Sic
1157 2394 1228 2450 latui
1254 2395 1305 2450 tilii
1334 2394 1432 2461 lsrael,
1450 2408 1508 2450 uon
1533 2393 1697 2463 judicantes
1719 2407 1816 2465 neque

60 2484 215 2555 dejostitia
248 2482 347 2539 minus
377 2481 571 2550 confidebant,
605 2482 819 2554 archiepiscopo
848 2497 911 2553 per·
965 2484 1042 2555 quod
1058 2497 1161 2539 verum
1189 2490 1232 2539 est
1259 2492 1472 2554 cognoscentes,
1493 2480 1704 2539 condemnastis
1726 2478 1814 2539 llliatn

10 2564 12 2576 ¹
60 2580 209 2630 suaserunt
231 2571 286 2628 boc
307 2571 362 2627 sibi
383 2571 467 2627 raldo
491 2570 717 2643 ignominiosum
737 2585 809 2639 esse,
834 2572 858 2628 si
873 2572 910 2628 ad
965 2570 1062 2628 lsrael.
1095 2571 1283 2627 ltet'ertimini
1311 2571 1345 2627 ad
1368 2571 1521 2643 judicium,
1544 2569 1622 2626 etde
1648 2566 1815 2640 ipsoJudico

10 2650 12 2666 ¹
59 2660 134 2717 aliam
155 2659 340 2717 audientiam
363 2672 452 2716 eausa
476 2659 538 2716 baec
559 2659 774 2727 transferretur,
789 2667 817 2717 et
832 2660 910 2730 peri·
962 2660 1127 2731 judicate»
1155 2660 1206 2731 qni
1231 2660 1315 2715 talem
1339 2661 1465 2731 judicem
1481 2660 1564 2729 quasi
1584 2657 1618 2714 ad
1648 2655 1814 2714 instructio·

10 2732 14 2819 ἰ
60 2752 183 2807 colosum
202 2749 299 2805 derisi
314 2749 356 2805 sic
367 2748 529 2805 evaderem.
556 2749 590 2804 Et
614 2749 762 2805 statimad
782 2747 908 2820 legatum
964 2763 1030 2804 nem
1052 2748 1116 2804 ltdei
1138 2756 1164 2804 et
1190 2750 1392 2804 correctionem
1406 2747 1511 2805 erroris
1537 2747 1586 2817 [ol.
1600 2743 1744 2815 errorum]
1773 2744 1814 2801 iu·

10 2828 14 2842 ”
61 2845 270 2905 occurrentes,
296 2836 361 2907 ejus
383 2836 609 2893 immutaverunt
632 2837 816 2901 sententiam,
832 2845 860 2893 et
873 2837 909 2892 ad
926 2841 948 2896 c
963 2838 1113 2894 stituistis:
1130 2837 1180 2908 qui
1197 2851 1263 2892 cnm
1283 2836 1414 2907 judicare
1435 2835 1560 2910 deberet,
1587 2848 1637 2890 ore
1649 2847 1679 2889 se
1698 2834 1812 2904 proprio

10 2989 15 3003 Ι
62 2925 250 2982 boeinrltum
274 2929 489 2994 pertraxerunt,
506 2930 538 2980 ut
566 2922 672 2980 librom
695 2923 758 2979 sine
780 2923 838 2979 ulla
863 2923 908 2978 in·
965 2925 1178 2981 condemnauit.
1210 2924 1313 2980 bisina
1341 2923 1423 2981 bodie
1446 2920 1641 2978 misericordia
1677 2919 1813 2976 innocen-

61 3014 210 3085 guisitione
235 3013 399 3079 damnaret,
428 3019 517 3083 atquo
536 3011 567 3067 in
598 3019 753 3082 conspectu
779 3010 911 3068 omnium
965 3022 1020 3069 tent
1042 3021 1182 3083 potenter,
1207 3014 1281 3070 sicut
1306 3013 1373 3068 olim
1398 3012 1560 3069 Susannam
1582 3025 1600 3067 ι
1623 3008 1701 3067 lalsis
1721 3022 1811 3067 accu-

60 3103 144 3159 statim
173 3101 370 3162 combureret.
394 3108 422 3157 et
447 3100 534 3157 mein
550 3099 644 3157 alieno
665 3103 837 3157 monasterio
862 3114 911 3171 pe·
964 3101 1119 3167 satortbus,
1145 3102 1272 3158 liberate.
1297 3101 1378 3158 'lunc
1398 3101 1631 3171 arcttiepiscopus
1654 3112 1811 3170 assurgens

9 3262 14 3270 Ι
60 3194 131 3247 reum
146 3191 292 3248 clausura
305 3188 460 3246 cohiberet.
481 3189 620 3245 Dicebant
638 3188 717 3246 enim
733 3189 769 3244 ad
791 3189 909 3245 damna·
963 3191 1072 3256 verbis,
1096 3198 1181 3260 prout
1204 3191 1364 3260 oportebat,
1380 3189 1563 3246 commutatis
1586 3186 1756 3244 sententiam
1770 3185 1810 3242 le·

10 3339 12 3343 ,
59 3281 156 3336 tionem
185 3277 279 3335 libelli
300 3276 371 3333 satis
390 3276 443 3333 boc
464 3290 526 3333 esse
545 3276 658 3343 debere,
685 3275 765 3347 quod
786 3292 840 3332 nec
854 3277 910 3332 lto-
965 3280 1024 3344 pati
1043 3279 1235 3343 condrmavit,
1251 3278 1397 3335 dimnszr
1425 3280 1534 3336 Revera
1549 3277 1678 3344 Domine,
1704 3275 1809 3348 inquit,

10 3355 13 3446 s
59 3367 128 3423 mani
155 3364 315 3438 pomillcis,
340 3378 393 3421 nec
411 3363 546 3421 Ecclesiae
569 3363 739 3420 auctoritate
764 3378 909 3421 commen·
963 3369 1144 3439 omnipotens
1176 3368 1270 3435 Pater,
1293 3369 1474 3439 omnipotens
1503 3367 1599 3430 Filius,
1630 3364 1811 3436 omnipotens

10 3513 13 3523 ,
57 3456 150 3513 datum
173 3455 273 3527 legere
309 3452 425 3524 publice
462 3466 716 3524 presumpseram,
743 3461 838 3524 'atque
873 3453 909 3509 ad
964 3457 1088 3528 Spiritus
1111 3465 1237 3513 sanctus.
1269 3457 1306 3513 Et
1328 3459 1378 3527 qni
1402 3458 1439 3513 ab
1466 3457 1520 3512 boc
1543 3453 1684 3520 dissentit,
1712 3461 1810 3524 aperte

24 3572 27 3581 ·
57 3543 308 3601 transcribendum
330 3542 392 3613 jam
425 3541 559 3611 pluribus
580 3556 648 3598 cum
676 3541 737 3611 ipse
763 3542 910 3611 pr-aestitts-
963 3546 1065 3602 devius
1090 3554 1142 3613 est,
1170 3560 1223 3602 nee
1246 3556 1286 3602 est
1302 3545 1474 3601 audiendus.
1500 3545 1536 3601 Et
1558 3543 1641 3601 modo
1665 3542 1689 3599 sl
1705 3542 1808 3615 placet,

56 3648 122 3691 sem
139 3633 177 3689 Et
202 3632 259 3688 boc
281 3630 404 3702 perutile
423 3630 554 3689 loturum
579 3629 646 3687 fidei
672 3629 852 3698 Christianae,
884 3631 908 3686 si
963 3634 1071 3691 bttnnm
1087 3643 1128 3691 est
1142 3642 1175 3690 ut
1189 3633 1278 3691 frater
1294 3634 1341 3690 ille
1356 3634 1438 3690 tidem
1460 3647 1542 3690 snam
1559 3646 1655 3688 mrum
1672 3630 1809 3689 omnibus

54 3723 183 3793 exemplo
212 3720 269 3777 mei
295 3716 453 3776 multorum
472 3718 575 3776 similis
591 3719 778 3790 presumptio
799 3732 908 3789 praere·
961 3731 1096 3794 exponat,
1122 3730 1154 3779 ut
1179 3725 1239 3794 ipsa
1253 3730 1338 3793 prout
1356 3730 1465 3793 oportet
1485 3721 1529 3778 vel
1558 3720 1736 3793 approbetur
1761 3720 1807 3776 rel

17 3878 20 3885 Ι
54 3813 175 3868 nitetur.
191 3808 269 3876 Quia
282 3816 380 3865 autem
395 3808 508 3880 legatus
519 3807 566 3864 ille
579 3808 675 3864 nunus
689 3821 779 3878 quam
793 3822 908 3865 necesse
962 3811 1142 3881 improbetur
1169 3821 1257 3882 atque
1283 3812 1457 3881 corrigatur.
1482 3832 1495 3859 ι
1524 3809 1597 3867 enm
1629 3819 1726 3865 autem
1753 3798 1808 3879 ege

18 3890 21 3895 ’
53 3908 124 3957 esset
146 3900 295 3956 litteratos
317 3896 424 3965 luerat,
447 3896 606 3967 plurimum
622 3894 827 3966 archiepiscopi
841 3910 920 3959 con·¹
961 3901 997 3956 ad
1023 3900 1214 3970 protltendam
1247 3902 1276 3955 et
1303 3899 1504 3968 exponendam
1534 3898 1616 3954 tidem
1645 3909 1738 3952 meam
1764 3910 1808 3952 ss·

53 3989 113 4044 sitio
143 3987 296 4045 nitebatur
322 3984 369 4059 [oi.
393 3984 641 4056 utebatur],sicut
662 3991 690 4041 et
714 3983 908 4055 archiepisco·
960 4000 1120 4059 surgerem,
1143 3996 1174 4043 ut
1203 3988 1280 4058 quod
1309 3987 1466 4043 sentiebam
1488 3985 1582 4042 verbis
1610 3983 1733 4057 propriis
1758 3996 1808 4045 ex·

53 4091 107 4146 pus
135 4076 268 4132 illorum.
299 4074 379 4139 Quod
409 4088 475 4130 cum
503 4072 688 4131 carnotensis
712 4076 907 4143 praesensisset
921 4113 944 4169 D
960 4075 1113 4146 primerem
1131 4093 1138 4141 ;
1154 4076 1312 4133 adversarii
1324 4076 1461 4132 dixerunt
1474 4089 1532 4131 non
1543 4075 1620 4131 aliud
1631 4072 1807 4130 mtbineoes·

52 4166 216 4235 episcopus,
241 4164 336 4220 statim
361 4162 594 4219 machinamenta
613 4162 675 4219 bam
696 4162 733 4219 ad
745 4175 794 4218 mo
808 4163 907 4221 retulit
959 4165 1068 4221 sarium
1086 4163 1133 4236 [cl.
1150 4165 1312 4236 necessum]
1330 4180 1400 4232 csse,
1417 4164 1472 4221 nisi
1493 4173 1525 4221 ιιι
1539 4163 1707 4234 Syrnbctnm
1720 4160 1808 4219 Atba·

52 4262 75 4310 et
90 4268 138 4309 me
164 4254 351 4310 rebemeuter
372 4252 504 4309 hortatus
517 4256 569 4321 est,
586 4261 617 4308 ot
629 4252 682 4308 boe
709 4259 788 4308 tanto
812 4251 908 4309 lenius
960 4253 1032 4309 nasii
1054 4255 1215 4319 recitarem,
1239 4256 1316 4325 quod
1340 4253 1438 4324 quivis
1453 4267 1524 4323 puer
1537 4267 1620 4324 moue
1636 4252 1728 4308 lacere
1742 4264 1808 4322 poo.

52 4343 218 4407 olentem,
247 4349 358 4412 quanto
392 4340 549 4398 violentius
584 4354 668 4412 agere
692 4354 741 4396 eos
771 4340 906 4398 omnibus
959 4351 1009 4398 set.
1025 4343 1066 4397 Ae
1081 4358 1116 4397 ne
1130 4356 1166 4398 en
1179 4343 1343 4414 ignorantia
1360 4343 1562 4413 praetenderem
1576 4342 1805 4410 excusationem,

12 4424 16 4435 '
54 4431 180 4501 patebat.
203 4431 300 4501 Atque
331 4429 406 4487 banc
424 4437 483 4486 tam
514 4429 672 4485 manifesto
691 4427 807 4485 invidie
842 4429 906 4486 vio-
959 4430 1212 4501 quasiqolverba
1242 4431 1334 4487 illain
1351 4445 1406 4488 usu
1427 4444 1484 4486 non
1507 4430 1653 4497 haberem,
1676 4429 1805 4498 scriptu-

54 4520 171 4576 lcntiam
195 4519 239 4575 eis
262 4516 421 4588 plurimum
446 4517 625 4584 obfuturam,
648 4525 676 4573 et
704 4515 776 4575 mibi
803 4517 905 4589 prolu-
959 4532 1020 4574 ram
1040 4519 1077 4574 ad
1093 4518 1245 4589 legendum
1260 4518 1357 4575 allerri
1373 4520 1510 4587 lecerunt,
1534 4519 1601 4590 Legi
1623 4514 1805 4585 intersuspi·

53 4616 148 4665 tnram
178 4619 238 4662 non
280 4606 454 4662 dubitarem.
491 4605 550 4662 Nec
576 4605 611 4661 de
638 4603 775 4662 clausura
800 4618 906 4663 mona-
959 4607 1012 4674 ria,
1042 4608 1187 4678 singultus
1211 4616 1239 4664 et
1264 4609 1407 4679 lacrymas
1429 4616 1515 4678 prout
1530 4609 1610 4678 potui
1639 4608 1708 4678 (lb).
1732 4602 1804 4660 lude

55 4698 127 4755 sterii
168 4695 318 4753 ullatenus
354 4695 550 4765 perturbarer,
579 4694 673 4751 sciens
705 4694 830 4763 protecto
863 4694 904 4751 le·
958 4698 1043 4769 quasi
1065 4706 1171 4754 renset
1191 4699 1340 4755 convietus
1354 4697 1452 4754 abbati
1472 4696 1567 4753 Sancti
1587 4693 1724 4764 lledardi,
1748 4688 1803 4765 qul

657 4863 810 4919 ANDREAE
827 4862 1050 4926 obstruuntur
1069 4866 1180 4923 NOTAE.

82 4994 140 5063 (lb)
165 4988 235 5045 lade
265 4989 345 5055 quoa
367 5002 430 5043 rens
458 4992 484 5042 el
515 4989 664 5043 manicias.
694 5016 730 5028 -
757 4986 852 5044 Abbas
878 4987 902 5042 is
954 4988 1090 5058 positum,
1115 4989 1156 5047 nti
1184 4990 1265 5047 docet
1287 4991 1444 5063 Gregorius
1465 4991 1641 5048 Turonensis
1662 4988 1805 5062 archiepi‘

56 5061 169 5119 forsitan
188 5057 404 5115 Anselmusille
428 5059 478 5129 qui
495 5058 550 5114 sub
572 5059 801 5116 annnmeristt
821 5060 897 5125 titt,
953 5074 1057 5129 scopus
1085 5061 1133 5117 tib.
1163 5077 1192 5117 rr
1219 5065 1347 5119 Historia
1384 5065 1559 5124 Francorum,
1588 5077 1650 5134 cap.
1676 5065 1721 5131 ιι,
1757 5061 1802 5119 bis

57 5134 139 5192 abbas
164 5129 264 5188 Sancti
300 5129 442 5186 vincentii
482 5129 693 5195 laudunensis,
721 5143 757 5184 ac
784 5129 899 5185 tandem
954 5133 1050 5187 verbis
1066 5148 1073 5186 z
1091 5152 1105 5180 o
1130 5132 1268 5203 Tempore
1292 5147 1410 5204 quoque
1432 5134 1569 5191 clotharii
1586 5134 1662 5206 regis
1683 5143 1802 5193 sanctus

57 5218 124 5263 meo
155 5202 235 5264 libb,
258 5198 409 5270 episcopus
425 5198 614 5256 tornacensis
634 5198 752 5257 allectus
775 5207 840 5280 est3
865 5199 900 5256 de
954 5202 1007 5258 Dei
1031 5203 1183 5259 ldedardus
1209 5205 1359 5273 epismpus
1383 5215 1583 5261 consummato
1612 5205 1679 5262 boni
1707 5206 1804 5276 operis

58 5289 106 5343 quc
130 5275 196 5346 lam
221 5284 422 5333 nossuuertus
439 5283 475 5327 ex
493 5270 615 5328 llisturia
635 5271 899 5327 landonenstsEc·
954 5287 1043 5329 corsu
1085 5281 1112 5329 et
1141 5275 1244 5342 plenus
1280 5275 1404 5340 dierum,
1435 5277 1585 5332 sanctitate
1626 5288 1801 5347 praectpuus,

60 5346 154 5404 electa
176 5341 490 5400 sermotionalem
515 5341 607 5398 sancti
631 5341 758 5398 bledardi
773 5350 900 5411 coptum
954 5344 1030 5400 diem
1056 5343 1134 5399 obiit.
1159 5343 1248 5407 Quem
1264 5344 1427 5402 clotharius
1444 5359 1495 5403 rex
1523 5360 1590 5403 curn
1614 5360 1729 5404 sunrmo
1750 5347 1807 5411 bo.

60 5426 91 5473 ιιι
119 5412 313 5475 actotbario
338 5411 360 5475 l,
390 5426 456 5484 rego
484 5412 662 5469 Francorum
680 5413 757 5483 apud
773 5410 899 5468 scssto-
955 5427 1025 5470 nore
1048 5415 1125 5484 apud
1151 5414 1316 5471 Suessiones
1343 5416 1486 5474 civitatem
1511 5419 1650 5488 sepelivit,
1674 5425 1703 5473 et
1731 5418 1811 5491 basi.

61 5499 108 5555 ιιι
125 5496 157 5547 et
176 5500 197 5543 a
224 5482 369 5556 sigiberto
395 5481 456 5541 dito
473 5483 698 5554 ejusoxptemm
714 5491 802 5553 atone
819 5496 901 5539 com·
955 5484 1040 5547 licam
1059 5499 1144 5560 sopor
1166 5500 1234 5545 eum
1259 5486 1399 5547 labricare
1416 5493 1509 5567 erepit,
1526 5502 1615 5563 quam
1639 5493 1738 5557 postea
1769 5501 1815 5567 sp,
