3804 5962
79 226 88 275 ι
636 192 665 216 ”
790 226 842 284 sto
862 228 907 284 nr
925 226 1008 284 uon.
1698 237 1768 292 ιιιι

79 358 122 401 ton
153 344 267 403 lallunt.
293 346 406 417 Expers
433 352 530 403 antem
556 346 714 418 agnitionis
742 347 864 406 iniantia
878 350 903 405 A
917 349 1027 407 tudinis
1040 351 1142 422 gratie
1164 350 1246 417 desit,
1268 349 1312 406 vel
1327 349 1369 406 illi
1388 350 1563 423 plenitudini
1578 355 1679 426 gratia
1705 370 1764 414 ncn

90 433 250 513 humanam
282 435 386 506 utique
413 434 644 505 imprudentiam
664 436 742 507 quod
768 438 863 494 adhuc
917 444 976 495 tota
993 438 1065 495 inest
1086 439 1217 495 veritatis
1240 439 1399 509 plenitudo.
1424 439 1486 497 Non
1505 441 1581 498 enim
1598 449 1656 499 tota
1670 445 1766 516 pleni·

99 522 202 579 didicit
228 523 352 594 ignorat.
374 522 427 579 Sed
457 523 618 581 uerendum
653 531 704 592 est,
729 525 861 597 inquam,
917 527 985 583 tudo
1007 526 1137 584 veritatis
1167 527 1307 584 hahetur:
1325 527 1545 600 quandoipsius
1561 531 1691 590 veritatis
1713 533 1765 591 ali-

81 609 172 666 iducs
193 610 367 681 principales
390 625 493 668 sensus
508 619 560 668 aut
581 612 728 684 geminam
747 613 860 685 sapien·
916 612 988 684 quid
1004 614 1165 686 ignoratur.
1182 613 1262 681 Quod
1286 613 1371 671 abisit
1386 622 1419 672 ut
1437 616 1472 672 dc
1486 616 1599 674 Christo
1610 620 1763 680 sentiatur.

79 715 83 752 ι
102 697 215 755 Christo
230 699 396 767 tribuimus,
413 698 562 756 Christum
583 699 759 758 dividamus.
780 701 861 759 Nun·
916 701 990 756 idem
1011 702 1183 771 dempsten'o
1208 702 1369 758 dedicionis
1385 702 1496 761 :isaias
1525 704 1590 775 (vu,
1613 708 1656 779 itt)
1685 708 1766 767 dicit.

79 787 170 843 lcum
189 795 217 844 ei
241 787 425 844 divinitatem
443 788 506 858 ejus
521 795 549 844 ei
571 801 688 845 carnem
704 789 860 859 credimuS,
918 788 1087 857 Priusquam
1104 791 1173 844 sciui
1189 793 1238 844 uui
1263 790 1391 859 prosunt
1415 789 1549 859 maligno,
1577 793 1696 850 madebit
1717 796 1762 851 do·

79 875 160 930 istum
176 873 356 930 dividimus?
368 874 509 945 Nunquid
527 888 595 932 eum
609 875 639 931 in
653 889 686 932 eo
705 876 861 948 imaginem
915 891 991 943 num,
1007 877 1146 948 quoniam
1163 877 1335 948 priusquam
1351 877 1454 934 sentiat
1478 892 1549 949 puer
1569 879 1689 951 honum,
1705 898 1763 941 nou

86 976 261 1034 crucemque
281 976 466 1028 veneramur,
490 962 647 1021 dividimus
670 965 761 1022 eum?
783 968 861 1039 Apo-
915 965 1011 1021 credet
1022 965 1152 1033 malitiae,
1167 973 1201 1021 ut
1222 965 1309 1038 eligat
1330 966 1407 1036 quod
1427 966 1536 1024 bonum
1552 975 1604 1027 est.
1622 970 1650 1026 Si
1664 972 1764 1029 anima

78 1064 103 1106 ιε
128 1059 214 1120 εειιε,
239 1051 292 1122 qui
321 1052 356 1108 de
380 1052 480 1109 eodem
506 1051 606 1110 dixit:
631 1051 763 1117 Quoniam
786 1059 812 1108 et
836 1056 861 1110 si
916 1051 962 1109 rel
985 1053 1145 1111 intellectus
1160 1062 1272 1110 naturae
1296 1056 1325 1111 in
1350 1055 1464 1112 Christo
1486 1055 1611 1115 doluisse
1634 1061 1764 1120 creditur

79 1142 162 1209 ipsus
185 1147 227 1195 est
249 1157 283 1196 ee
311 1142 471 1211 infirmitate
493 1146 597 1210 nostro,
620 1144 688 1197 nivii
710 1147 800 1198 tomen
827 1157 861 1197 en
916 1140 1062 1208 humanae,
1079 1141 1150 1212 quid
1165 1142 1196 1198 in
1212 1142 1321 1199 inianto
1336 1142 1445 1199 bonum
1461 1145 1630 1217 malumque
1656 1148 1764 1208 dicitur

79 1233 112 1283 tte
139 1229 192 1284 Dei
215 1231 254 1299 til
283 1231 344 1287 Cor.
369 1244 433 1296 lini,
452 1230 492 1302 i),
517 1231 578 1301 ipse
600 1230 683 1296 dixit,
707 1230 779 1301 quia
802 1244 861 1288 non
916 1227 1155 1299 ignorasscildn
1179 1231 1257 1287 illam
1284 1231 1349 1287 Filii
1380 1232 1430 1289 hei
1457 1240 1593 1290 naturam
1619 1236 1761 1296 divinam.

79 1332 124 1374 ius
139 1326 181 1374 est
197 1318 336 1375 Christus.
360 1319 502 1390 Numquid
530 1319 620 1375 etiam
642 1333 709 1376 cum
725 1318 858 1388 dicimus,
916 1315 1087 1388 ignoranliae
1105 1318 1172 1375 boni
1195 1318 1322 1390 malique
1347 1320 1530 1392 subjicimUS,
1555 1330 1588 1379 ul
1602 1323 1763 1384 humanam

79 1437 83 1462 t
98 1407 225 1463 animam
245 1407 415 1463 rationalem
430 1411 457 1463 et
476 1405 638 1463 intellectus
671 1407 760 1464 nostri
775 1420 858 1477 capa·
917 1404 946 1459 in
958 1405 1070 1462 Christo
1094 1407 1223 1463 animam
1244 1407 1441 1480 denegemus?
1456 1407 1558 1481 Itaque
1573 1425 1626 1468 nec
1644 1414 1760 1472 creden-

85 1496 220 1566 suscepit,
237 1495 394 1552 dividimus
414 1494 505 1557 eum?
521 1495 585 1552 Non
609 1495 687 1567 enim
709 1496 768 1567 ipse
784 1497 860 1552 heus
915 1491 971 1548 dus
984 1500 1026 1551 est
1049 1494 1133 1551 homo
1157 1503 1306 1566 susceptus
1320 1509 1338 1552 a
1353 1497 1408 1553 ileo
1426 1511 1492 1568 quae
1503 1499 1554 1555 Dei
1567 1508 1637 1557 sunt
1651 1501 1762 1575 aliqna-

79 1597 153 1654 sum,
167 1598 219 1654 pro
249 1584 348 1641 anima
361 1583 495 1640 rationali
518 1590 546 1639 et
572 1583 732 1640 intellectus
760 1582 859 1653 capaci
916 1588 1000 1638 tenus
1015 1583 1265 1654 potuissesaperc,
1287 1585 1317 1642 in
1340 1600 1400 1657 quo
1423 1586 1485 1658 ipsa
1508 1587 1760 1663 sapientiacogni·
1786 1648 1787 1651 ,

80 1684 151 1728 arnc
174 1686 227 1729 sua
249 1672 313 1741 luit,
337 1673 385 1729 sed
406 1673 533 1729 animam
553 1670 723 1729 rationalem
735 1679 763 1729 et
776 1671 858 1729 intel·
874 1685 898 1743 g
914 1668 991 1726 tione
1014 1670 1083 1726 boni
1108 1671 1233 1743 malique
1257 1672 1364 1731 dicitur
1384 1675 1523 1733 caruisse.
1547 1676 1654 1735 Anime
1671 1678 1762 1750 igitur

78 1773 105 1816 ιε
131 1774 276 1832 capacem,
301 1768 328 1817 et
356 1761 447 1831 ipsam
481 1761 641 1818 humanam
671 1768 700 1818 ει
731 1760 861 1832 ejusdem
916 1757 1133 1831 humanaque
1156 1760 1278 1818 rationis
1304 1775 1397 1834 capax
1418 1763 1591 1822 naturaliter
1611 1766 1687 1823 iacta
1707 1776 1759 1838 est,

79 1848 182 1905 itantiae
203 1850 287 1922 cujus
318 1856 423 1906 nostrae
450 1857 519 1905 sunt
553 1849 668 1914 animae,
696 1857 723 1906 et
744 1863 861 1906 carnem
915 1845 1024 1903 honum
1061 1846 1230 1920 malumque
1265 1849 1296 1906 in
1333 1850 1442 1909 infante
1479 1852 1590 1911 Christo
1638 1856 1761 1915 nescisse

80 1950 121 1994 ras
159 1938 291 2006 similem,
329 1938 530 2010 ejusdemque,
559 1938 645 2009 enjus
674 1944 780 1995 nostrae
808 1946 860 2005 est,
914 1932 1031 2003 dicitur,
1053 1948 1119 2005 quac
1145 1936 1305 1994 secundnm
1329 1937 1526 2010 evangelicam
1552 1940 1703 2001 veritatem
1728 1943 1759 2000 in

79 2027 185 2082 itantiae
197 2027 356 2098 suscipiens
370 2027 445 2082 Deus
459 2026 600 2092 Verbum,
618 2026 759 2097 perlectus
774 2026 860 2083 etiam
916 2033 1006 2092 puero
1018 2022 1086 2079 lesu
1108 2023 1248 2093 sapientia
1261 2031 1289 2080 et
1313 2025 1406 2101 gratia
1430 2026 1582 2097 proiecisse
1610 2039 1758 2103 narratur,

79 2128 99 2171 c
118 2114 182 2184 luit,
204 2116 267 2172 sine
290 2115 351 2171 ulla
375 2121 472 2170 tamen
494 2115 558 2171 labc
589 2113 710 2184 peccati.
743 2115 860 2183 Fulgen-
914 2109 990 2167 sicut
1016 2111 1109 2167 Lucas
1131 2111 1303 2168 dicit:Puer
1328 2118 1419 2169 cutem
1446 2117 1579 2173 crescebat
1604 2123 1630 2174 el
1653 2123 1759 2189 eonfor-

84 2203 212 2259 :Anima
234 2202 342 2259 Christi
365 2216 432 2258 eum
445 2201 536 2259 verbo
557 2215 643 2280 unus*
659 2208 701 2258 εει
716 2200 859 2272 Christus,
915 2196 1027 2252 labatur
1047 2198 1146 2268 plenus
1169 2202 1315 2269 supientia.
1345 2202 1381 2259 iit
1401 2203 1588 2276 paulopost:
1608 2210 1686 2264 iesus
1697 2224 1760 2280 prc-

83 2291 134 2347 uia
160 2291 329 2362 unigenitus
355 2293 431 2346 Deus
459 2290 606 2361 aequitatis
624 2297 665 2347 est
693 2289 781 2359 Patri,
806 2303 860 2346 nec
913 2285 1021 2356 petebat
1042 2291 1130 2354 aetute,
1147 2290 1279 2355 eiuratio
1297 2290 1374 2359 opud
1392 2294 1479 2347 Deum
1493 2298 1520 2349 el
1534 2292 1664 2351 homines.
1686 2297 1759 2354 Nam

79 2386 103 2435 st
118 2386 210 2435 ictum
234 2393 318 2436 nosse
347 2378 461 2447 Filium,
477 2378 528 2448 qui
550 2385 643 2435 totum
664 2392 722 2434 non
746 2379 859 2435 noverit
913 2371 987 2430 sicut
1001 2374 1099 2431 carnis
1126 2382 1170 2431 est
1185 2383 1267 2433 aetate
1282 2377 1430 2448 prolicere,
1454 2379 1495 2436 sic
1518 2389 1561 2438 est
1588 2384 1694 2440 animae
1714 2398 1757 2442 sa·

79 2480 137 2536 em,
162 2480 328 2532 caveamus,
348 2481 385 2523 ne
407 2467 430 2522 si
446 2466 543 2521 anima
566 2466 673 2523 Christi
698 2471 789 2522 totum
807 2466 856 2522 Pa·
914 2462 1021 2533 pientia
1034 2469 1063 2520 ει
1077 2464 1171 2535 gratia
1186 2464 1338 2535 proiecisse
1352 2483 1361 2538 ;
1378 2481 1443 2538 quae
1458 2477 1555 2527 tamen
1571 2470 1601 2527 in
1617 2473 1759 2543 sapientia

79 2573 83 2612 t
99 2569 182 2612 nosse
209 2569 268 2612 non
282 2555 419 2623 creditur,
435 2554 488 2624 ipsi
507 2554 560 2611 uni
576 2553 688 2611 Christo
702 2566 739 2610 ex
758 2551 859 2625 aliqua
912 2551 1080 2609 nullatenus
1108 2552 1268 2624 proficeret,
1291 2556 1316 2611 si
1341 2555 1505 2614 naturalem
1527 2559 1757 2633 intelligentiam,

79 2659 166 2701 onon
191 2643 285 2700 solum
309 2643 411 2710 Patris,
441 2644 489 2699 sed
511 2642 598 2699 etiatu
618 2641 664 2699 sui
683 2649 711 2699 et
734 2641 859 2713 Spiritus
913 2631 980 2712 quie
1006 2640 1143 2697 omnibus
1158 2650 1200 2698 cst
1218 2656 1363 2710 concessa,
1379 2658 1437 2700 non
1471 2644 1599 2705 baberet.
1614 2650 1691 2704 ilem.
1712 2651 1757 2709 El·

79 2732 104 2789 ti
128 2732 252 2805 cognitio
267 2740 399 2803 negetur.
415 2731 451 2802 {Si
467 2745 484 2787 a
514 2730 568 2787 lide
584 2730 711 2789 alienum
731 2731 856 2799 videtur,
912 2728 1004 2786 iectus
1028 2729 1083 2801 piae
1097 2731 1287 2801 susceptionis
1314 2732 1417 2804 exigit,
1441 2741 1475 2791 nt
1489 2734 1560 2792 dum
1571 2750 1638 2793 carc
1651 2746 1680 2795 et
1694 2740 1756 2796 ani-

79 2822 173 2878 icaiur
197 2821 296 2877 anima
315 2819 422 2877 Christi
439 2833 497 2875 ncn
511 2820 598 2891 piena
619 2833 679 2876 suae
694 2818 858 2876 divinitatis
912 2831 961 2873 ma
986 2817 1077 2875 allec
1100 2816 1268 2889 suscipitur,
1296 2823 1423 2892 utraque
1451 2823 1559 2892 paritet·
1583 2825 1755 2885 salvaretur.

79 2923 117 2966 tre
136 2909 277 2976 notitiam,
303 2923 371 2965 cum
401 2920 461 2978 qua
488 2907 616 2964 creditur
639 2907 745 2964 habere
760 2922 854 2978 perso·
912 2904 986 2963 Nam
1000 2920 1053 2963 nec
1067 2906 1208 2977 carcipsa
1221 2907 1277 2964 luit
1296 2921 1314 2963 a
1330 2909 1380 2965 Dei
1395 2909 1467 2966 Filio
1481 2912 1675 2983 suscipienda,
1700 2916 1757 2974 nisi

79 3006 208 3067 ,contra
233 2999 289 3054 hcc
309 2996 424 3054 ridetur
443 3009 504 3053 esse
522 2995 641 3053 assertio
666 2995 785 3053 loannis
812 2995 853 3052 di·
873 2966 894 3022 c
911 2993 1011 3050 divina
1039 2995 1217 3065 susceptione
1240 2995 1339 3053 inisset
1374 2996 1533 3056 liberanda.
1559 3001 1693 3059 Anninus
1719 3005 1757 3061 ed

79 3086 215 3155 ,Christo
240 3100 298 3142 uon
321 3100 382 3143 esse
407 3085 509 3141 datum
529 3085 666 3155 spiritum
680 3085 718 3141 ad
736 3098 856 3141 mensu·
910 3082 1038 3139 Corclum
1054 3083 1101 3138 lib.
1123 3082 1173 3152 ,ll
1185 3099 1246 3153 cop.
1276 3084 1447 3141 X1:0mnio
1470 3087 1614 3158 subjecisti
1632 3090 1683 3144 sub
1705 3105 1756 3161 pe·

86 3176 176 3248 (loon.
192 3174 304 3245 unii),
320 3173 351 3228 in
373 3187 432 3243 quc
456 3171 546 3228 deitas
562 3172 700 3243 spiritum
727 3186 787 3229 non
810 3187 856 3229 ac
910 3169 989 3226 dibus
1010 3172 1078 3242 elus.
1105 3173 1276 3228 perversum
1292 3180 1433 3230 reroeta
1452 3175 1573 3233 sanitate
1592 3175 1659 3234 tidei
1675 3179 1756 3251 peni·

79 3277 93 3334 t,
108 3264 158 3320 sed
173 3265 271 3320 anima
298 3260 413 3318 Christi.
431 3260 485 3317 Ubi
512 3267 609 3316 autem
630 3274 767 3318 mensura
781 3261 855 3317 dici·
911 3264 956 3315 lus
981 3258 1119 3329 alienum,
1136 3267 1169 3317 ut
1183 3260 1315 3317 dicamus
1339 3261 1467 3319 animam
1482 3263 1588 3321 Christi
1606 3265 1640 3323 in
1654 3280 1685 3323 se
1698 3281 1756 3324 nnn

84 3367 144 3410 non
176 3366 248 3423 esse,
281 3350 430 3422 plenitudo
462 3348 647 3421 perlectionis
669 3356 696 3406 et
719 3349 854 3421 periectio
909 3347 1015 3405 habere
1029 3348 1144 3420 plenam
1171 3348 1284 3406 deitatis
1298 3350 1441 3420 notitiam,
1469 3367 1536 3410 cum
1559 3367 1619 3425 qna
1634 3362 1756 3413 natura·

79 3441 369 3499 itudinisinvenitur.
390 3438 507 3509 Accepit
529 3452 598 3509 ergo
621 3437 753 3494 Christus
767 3438 852 3509 spiri·
895 3433 974 3513 'liter
987 3450 1078 3494 unam
1105 3436 1235 3494 ereditur
1249 3438 1355 3496 habere
1383 3454 1547 3511 personam.
1565 3442 1645 3500 Unde
1670 3443 1755 3501 loan-

79 3575 81 3592 .
97 3531 218 3588 sednon
234 3530 270 3586 ad
290 3541 468 3585 mensuram.
490 3526 610 3595 Quodsi
631 3526 735 3583 anime
746 3526 853 3584 Christi
908 3538 959 3581 nes
989 3524 1114 3594 baptista
1142 3524 1255 3582 Christo
1283 3527 1473 3598 singulariter
1491 3542 1525 3586 ac
1543 3529 1605 3588 sine
1618 3545 1756 3590 mensura

79 3626 151 3677 nest
174 3620 274 3676 datum
290 3617 326 3674 ad
353 3630 533 3684 mensuram,
558 3629 672 3673 necesse
689 3623 742 3683 εει,
756 3623 790 3672 ut
804 3616 853 3673 ni·
907 3611 1005 3668 datam
1029 3612 1149 3684 spiritus
1171 3612 1334 3685 largitatem
1349 3616 1441 3686 dixit;
1455 3631 1513 3675 non
1528 3619 1606 3676 enim
1625 3621 1662 3678 ad
1674 3635 1756 3679 men«

79 3709 161 3767 uinus
179 3710 283 3766 habeat
296 3706 455 3779 sapientiae,
485 3705 559 3762 nihil
577 3705 710 3762 seientia.
734 3706 773 3761 lle
802 3720 852 3763 eo·
906 3715 1016 3770 suram,
1039 3702 1090 3769 ait,
1106 3701 1155 3758 dat
1174 3703 1250 3759 lleus
1271 3704 1418 3774 spiritum,
1432 3707 1504 3777 quia
1524 3711 1617 3765 omnis
1641 3710 1755 3768 deitatis

94 3797 250 3868 Apostolus
268 3798 334 3869 (Col.
359 3810 389 3864 n,
419 3798 456 3867 3).
474 3798 507 3851 ln
531 3810 583 3865 quc
598 3797 663 3848 sunt
677 3807 766 3849 omnes
791 3791 852 3847 tlte-
907 3789 1055 3861 plenitudo
1078 3789 1108 3845 in
1129 3790 1298 3848 cohabitat.
1324 3793 1408 3848 lton:
1427 3794 1480 3851 Ubi
1509 3798 1587 3852 enim
1617 3811 1754 3855 mensura

79 3887 252 3956 isopientiae
279 3891 304 3941 et
334 3886 453 3941 scientiae
486 3883 648 3939 absconditi.
666 3881 695 3938 Si
725 3895 784 3938 non
815 3880 852 3937 ad
906 3877 1013 3936 dicitur
1032 3891 1090 3935 non
1114 3891 1186 3945 esse,
1211 3878 1360 3949 plenitudo
1389 3882 1571 3953 perfectiouis
1592 3883 1752 3942 invenitur.

79 3974 306 4045 turamaccepit‚
328 3985 442 4029 necesse
462 3978 505 4028 est
537 3978 571 4026 ut
590 3969 684 4025 omnis
704 3966 850 4039 sapientia
905 3966 1084 4024 ltem.:Non
1110 3965 1187 4024 cuim
1219 3969 1423 4027 estimandum
1450 3977 1492 4028 est
1517 3970 1622 4027 animae
1648 3972 1754 4030 Christi

79 4076 155 4119 turos
175 4062 291 4118 habeat.
315 4061 397 4129 Quod
420 4060 444 4117 si
468 4057 581 4130 aliquid
610 4055 798 4129 plenitudinis
825 4055 850 4112 ei
906 4057 936 4112 in
952 4055 1050 4127 aliquo
1061 4055 1176 4128 plenam
1196 4056 1358 4115 divinitatis
1377 4059 1475 4116 deesse
1498 4058 1642 4129 notitiam,
1669 4063 1754 4130 cujus

79 4157 140 4220 tur,
165 4164 345 4221 consequens
369 4157 410 4205 est
432 4155 465 4206 nt
489 4147 526 4204 ad
550 4159 716 4204 mensuram
739 4145 852 4215 sapien·
904 4151 1018 4202 unaest
1032 4158 1156 4214 persona
1170 4159 1238 4202 cum
1252 4146 1357 4215 Verbo,
1374 4161 1464 4220 quam
1479 4149 1520 4204 sic
1533 4147 1675 4219 sapientia
1688 4163 1752 4208 sns-

96 4239 237 4310 aecepisse
260 4238 384 4295 dicatur.
410 4236 462 4294 Ubi
490 4250 558 4307 ergo
586 4234 706 4306 spiritus
728 4248 786 4289 non
808 4241 850 4290 est
866 4281 888 4342 υ
904 4233 989 4303 cepit,
1016 4239 1049 4290 nt
1069 4248 1137 4290 cum
1153 4233 1216 4305 ipsa
1235 4234 1386 4294 divinitate
1401 4250 1454 4293 sua
1479 4251 1539 4293 nna
1563 4237 1642 4293 sitin
1659 4238 1753 4296 Trini-

79 4341 149 4397 tura,
175 4341 290 4384 necesse
319 4332 412 4384 estut
434 4325 569 4396 plenasil
594 4323 707 4380 deitatis
736 4321 848 4379 notitia.
904 4329 962 4379 tate
975 4334 1106 4392 persona,
1135 4322 1228 4381 idest
1256 4322 1398 4382 Christus.
1425 4325 1600 4394 Augustinus
1614 4326 1649 4383 de
1661 4327 1753 4398 hopit-

79 4416 182 4473 {bristo
210 4416 318 4472 Paulus
348 4413 417 4470 dicit
439 4411 672 4484 (Col,1,19):in
696 4426 749 4478 quo
778 4425 849 4466 ccm-
904 4426 961 4466 emo
986 4412 1166 4481 pomulorum
1198 4412 1244 4467 lib.
1261 4413 1287 4469 ll
1304 4428 1310 4469 :
1326 4411 1390 4470 Non
1407 4413 1496 4484 illam,
1520 4416 1570 4484 ait,
1596 4415 1753 4477 infirmita-

79 4506 107 4559 ιιι
135 4520 239 4561 omnem
259 4502 461 4574 plenitudinem
479 4501 644 4556 inhabitare.
668 4501 702 4557 ln
728 4499 789 4572 ipso
805 4499 847 4557 in·
904 4496 1003 4556 temin
1024 4498 1137 4556 Christo
1153 4499 1274 4570 parvulo
1289 4501 1374 4558 credo
1393 4502 1490 4573 luisse,
1515 4518 1604 4577 quam
1619 4504 1752 4563 ridemus
1850 4528 1852 4535 .

79 4599 114 4648 ut
146 4594 240 4650 omnis
274 4591 423 4663 plenitudo
460 4589 621 4647 divinitatis
650 4588 848 4660 corporaliter.
904 4587 935 4645 in
952 4587 1090 4658 parvulis.
1121 4588 1280 4645 Ambrosius
1294 4605 1377 4660 super
1400 4593 1543 4662 epistolum
1562 4598 1693 4665 primum,
1714 4593 1752 4650 nd

90 4695 159 4755 ergo
182 4681 411 4738 existimandum
437 4686 490 4748 est,
505 4678 546 4735 illi
571 4677 675 4736 animae
690 4678 721 4733 in
749 4678 850 4749 aliquo
904 4675 1057 4732 Corinthios
1084 4676 1129 4749 (ιι,
1154 4676 1195 4748 ιθ)
1213 4678 1360 4748 :Spiritus
1382 4683 1469 4736 omnis
1493 4685 1751 4754 conueniendum

79 4784 115 4825 tm
131 4770 245 4828 deitatis
265 4770 362 4827 deesse
389 4768 534 4834 notitiam,
550 4767 635 4838 cujus
649 4780 711 4823 una
725 4772 766 4822 est
781 4779 850 4837 per·
900 4765 1055 4834 profundo.
1067 4765 1142 4830 Quia
1154 4780 1267 4823 omnem
1278 4767 1416 4826 virtutem
1426 4775 1453 4826 et
1466 4771 1676 4841 prescientiam
1686 4772 1752 4845 ejus

89 4873 158 4916 cum
183 4859 289 4926 Verbo,
319 4871 408 4930 quem
431 4857 473 4913 sic
502 4855 644 4927 sapientia
667 4854 801 4925 suscepit,
817 4860 850 4912 ut
903 4854 992 4923 norit,
1016 4855 1095 4925 qnod
1112 4855 1230 4912 omnino
1250 4857 1749 4930 ereaturaeimpcssihileest.1tem:

79 4960 101 5004 nt
112 4947 254 5018 sapientia
269 4947 331 5019 ipsa
346 4948 383 5003 sit
396 4960 462 5017 quae
476 4945 608 5003 omnium
623 4956 721 5001 rerum
734 4943 849 5000 initium
903 4938 1024 4998 Sensum
1039 4943 1152 4999 homini
1179 4957 1263 4999 nemo
1286 4946 1378 5015 novit,
1413 4947 1469 5003 nisi
1494 4949 1547 5019 qui
1574 4950 1610 5006 de
1623 4943 1685 5007 ileo
1695 4955 1749 5017 εει,

95 5043 137 5093 est
152 5037 279 5105 domina,
301 5043 334 5092 ut
349 5049 415 5092 cum
441 5035 503 5105 ipsa
527 5033 681 5090 divinitate
695 5045 750 5088 sua
767 5031 849 5089 sitin
902 5027 1022 5099 spiritus
1041 5029 1104 5085 liei.
1133 5029 1255 5087 interior
1267 5031 1345 5087 enim
1360 5047 1418 5089 non
1432 5043 1552 5104 possunt
1567 5037 1750 5108 superiorum

79 5133 140 5182 tate
180 5138 312 5198 persona,
340 5125 367 5180 id
402 5131 445 5181 est
475 5123 617 5180 Christus.
651 5123 718 5176 ltem
734 5134 740 5176 :
757 5120 848 5177 Habet
902 5117 975 5175 scire
993 5116 1155 5187 consilinm,
1187 5130 1285 5192 nequo
1311 5128 1447 5178 creatura
1465 5121 1626 5182 Conditoris
1645 5127 1692 5185 sui
1707 5127 1750 5184 di·

81 5214 174 5272 ailla
197 5215 283 5287 piena
311 5214 462 5284 Trinitatis
493 5211 640 5280 notitiam,
665 5223 724 5266 non
752 5217 848 5266 tamen
902 5219 1038 5279 gnoscere
1061 5206 1250 5266 voluntatem.
1279 5209 1369 5280 Super
1398 5211 1519 5267 eamdem
1546 5216 1690 5284 epistolum
1723 5221 1750 5271 et

78 5311 191 5361 tunam
205 5319 273 5361 curn
290 5303 429 5360 trinitate
443 5307 590 5357 naturam.
606 5297 706 5354 Nescio
723 5296 849 5367 qualiter
901 5293 1023 5350 eumdem
1038 5296 1124 5351 boum
1138 5312 1145 5352 ι
1159 5299 1251 5352 ditum
1273 5299 1416 5369 profundo
1427 5302 1485 5356 liei.
1500 5301 1675 5360 preclarum
1695 5304 1750 5362 hoo
1776 5300 1780 5306 '

79 5391 161 5449 imus
179 5391 365 5464 unigenitum
380 5403 397 5446 a
412 5390 495 5446 Patro
515 5386 634 5459 plenum
649 5382 787 5457 gratiaci
800 5397 848 5441 re·
902 5383 1041 5441 adversus
1056 5385 1214 5454 hereticos,
1229 5387 1281 5456 qui
1294 5395 1458 5446 creaturam
1467 5388 1605 5461 Spiritum
1615 5399 1749 5452 sunctum

79 5479 202 5550 is,sirel
230 5480 272 5538 illi
284 5477 460 5552 plenitudini
474 5476 604 5537 ueritatis
630 5473 742 5547 aliquid
755 5472 848 5545 pleni·
901 5470 1015 5543 dieunt,
1038 5474 1114 5532 unde
1136 5472 1184 5532 hic
1206 5475 1368 5535 ostenditur
1394 5478 1561 5539 consulunt
1583 5488 1749 5542 ereaturam
