3804 5962
456 287 688 345 ruraanocrla
707 288 756 344 tn
774 287 1009 345 insonamus.
1026 318 1060 329 -
1074 288 1140 344 ΗΒ.
1161 291 1182 345 Ι.
1621 293 1693 347 loto

79 405 171 475 amplis
187 405 352 464 colebantur.
368 411 426 468 Nou
452 411 524 482 palad
554 427 617 466 aere
637 413 712 467 canis
739 417 788 467 out
804 413 828 467 Α
842 428 913 468 mus.
930 432 944 462 n
960 415 1032 471 ileos
1050 422 1158 485 autem,
1173 415 1227 471 hoc
1241 421 1283 471 est
1297 413 1437 471 animalia
1470 414 1625 473 rationalia
1640 416 1694 472 im·

79 499 124 550 ent
141 495 254 551 colenda
267 500 447 569 sapientibus,
471 501 519 556 sed
533 507 564 556 ul
578 503 627 556 boc
649 501 727 556 modo
742 504 784 556 in·
842 502 985 571 mortalia,
1008 503 1172 575 philosophi
1187 503 1326 574 planetas,
1343 517 1395 560 sou
1430 503 1519 560 etiam
1547 503 1691 562 mundum

79 590 103 651 ι,
128 585 200 655 quad
236 594 346 656 possent
376 593 658 660 tantasnperstitione
683 606 787 646 masos
842 591 937 662 ipsum
956 593 1384 660 vocarecousueverunt,unde
1404 592 1691 662 etpropbetasolem
1761 623 1766 629 ·

79 675 163 742 aines,
196 680 226 729 ul
251 681 320 731 esset
347 683 402 732 lam
435 682 524 749 turpis
557 680 786 736 demonstrandus
841 681 1147 749 etlunametcaetera‚
1163 681 1298 737 militiam
1314 680 1379 737 coeii
1394 687 1489 745 vocat,
1505 694 1692 752 moremgen·

79 763 115 818 od
133 779 210 830 quem
235 768 364 821 ueniresi
382 769 508 836 puderet,
534 769 660 824 uiderent
680 776 784 839 quanto
840 770 937 826 tilium
951 771 1203 841 secutuS,quieis
1231 777 1371 842 tanquam
1386 768 1548 826 rectoribus
1576 778 1603 826 ct
1626 783 1689 839 pro-

79 851 211 907 udendum
232 858 300 908 esset
319 856 347 908 in
364 859 485 926 turpiore
494 861 650 914 cotrsislme.
674 859 784 914 Simili·
840 860 996 917 tectoribus
1008 860 1068 916 suis
1082 859 1281 917 immolabant.
1308 860 1419 916 Horum
1448 865 1546 915 aulem
1570 859 1690 915 deorum

80 941 120 995 los
145 945 193 1011 qui
219 942 350 1003 mundum
378 946 462 998 istum
488 946 623 1000 visibilem
647 963 784 1002 summum
838 949 1062 1013 excellentiores,
1080 949 1166 1020 juxta
1186 949 1344 1017 Platonem,
1365 962 1498 1005 summus
1522 949 1688 1015 Dens,cum

79 1045 104 1084 se
124 1032 283 1100 opinantur,
314 1032 476 1088 admonebat
503 1036 685 1105 turpitudinis
716 1053 781 1106 sua,
838 1038 873 1095 de
885 1038 1026 1095 creatione
1041 1039 1167 1095 bominis
1182 1038 1312 1096 iacienda
1325 1037 1494 1109 alloquitur,
1518 1037 1603 1107 quasi
1629 1051 1688 1093 om·
1782 1066 1784 1070 ι

79 1133 121 1175 sse
148 1135 324 1191 consequens,
348 1128 380 1177 at
407 1123 520 1194 quilibet
545 1126 617 1195 lapis
649 1132 783 1197 tanquam
838 1127 888 1182 nia
902 1128 1008 1198 auaeiu
1024 1125 1257 1183 terrisdeorsum
1273 1126 1346 1183 liunt
1369 1140 1387 1183 a
1409 1125 1621 1197 superioribus,
1639 1141 1690 1197 per

79 1211 259 1280 aparlicula
280 1212 345 1281 jure
365 1214 508 1269 abluetur.
533 1217 605 1270 ilem
627 1214 704 1288 libi:
725 1217 780 1273 So·
835 1214 962 1271 occultas
993 1215 1177 1286 planetarum
1199 1227 1233 1272 aa
1260 1215 1390 1271 siderum
1415 1222 1539 1271 naturas
1560 1215 1687 1272 admini-

79 1315 123 1354 um
147 1301 250 1370 papula
267 1302 414 1357 simulacra
437 1303 629 1372 venerabatur,
662 1308 688 1359 et
718 1309 781 1374 post
837 1310 975 1361 strentur.
1003 1305 1047 1362 lta
1075 1304 1154 1362 enim
1182 1304 1252 1361 dicit
1277 1321 1284 1359 ι
1308 1303 1385 1360 Dnm
1411 1303 1525 1360 deorum
1553 1306 1689 1375 quaritur

79 1389 210 1443 tadonem
232 1395 398 1458 moriannae
411 1408 487 1446 nemo
509 1408 594 1448 ausus
622 1398 663 1448 est
680 1394 781 1462 jurare
836 1394 932 1463 opilea
952 1393 1025 1449 idem
1048 1399 1184 1464 paterque
1197 1408 1245 1462 eac
1260 1412 1271 1449 .·
1288 1408 1373 1464 opera
1387 1393 1522 1460 siquidem
1549 1409 1608 1448 meo
1633 1392 1689 1450 tiis-

79 1493 124 1544 em,
151 1493 200 1533 nec
228 1480 369 1549 appellare
397 1497 588 1549 quemcumque
608 1483 709 1550 lovem,
731 1483 780 1537 seel
835 1482 964 1537 solubilia
980 1486 1156 1552 naturane
1175 1485 1323 1538 tomenita
1350 1483 1456 1538 uolente
1473 1481 1686 1555 indissolubilia,

79 1567 184 1622 mnodo
205 1573 338 1624 mannia
364 1570 517 1640 litterisque
534 1572 677 1627 nandme.
699 1571 779 1638 Quod
834 1578 887 1628 etc.
904 1572 1011 1628 Adhoc
1026 1579 1053 1628 et
1068 1571 1141 1628 illud
1157 1573 1292 1642 pertinet,
1317 1572 1394 1643 qnod
1411 1571 1441 1628 in
1457 1579 1558 1628 octavo
1586 1572 1625 1629 De
1648 1573 1689 1628 ci·

79 1671 138 1710 nore
162 1672 198 1711 cn
213 1657 309 1724 aliqua
332 1660 482 1726 counitione
506 1662 630 1730 saeuiret,
653 1661 778 1731 iudicare
833 1661 885 1717 rit.
907 1661 958 1717 Dei
985 1661 1020 1718 de
1045 1661 1201 1718 Platonicis
1233 1661 1345 1718 dicitur
1374 1660 1455 1732 (35):
1480 1661 1614 1728 Omnium,
1638 1663 1683 1716 in·

79 1759 165 1800 neum
182 1746 225 1800 Ex
242 1746 286 1802 his
309 1747 408 1817 itaque
421 1748 517 1804 verbis
532 1756 630 1819 aperte
639 1749 776 1806 doceniur
833 1751 942 1821 quiunt,
971 1751 1137 1806 animalium
1169 1751 1321 1821 inquibus
1351 1755 1392 1806 est
1409 1751 1503 1806 anima
1527 1751 1684 1834 rationalis,

79 1833 139 1903 olae,
157 1834 241 1891 idest
257 1836 394 1892 doctrinae
421 1837 674 1909 philosophorum,
690 1839 773 1912 louge
791 1811 812 1866 Β
832 1841 975 1910 tripartita
1000 1839 1099 1896 divisio
1121 1845 1171 1906 est,
1209 1842 1239 1894 in
1267 1841 1340 1907 deos,
1376 1840 1505 1908 bamines,
1536 1839 1679 1895 daemones.

79 1922 263 1981 dissentirent
277 1926 404 1998 avulgo,
418 1941 485 1983 cum
504 1942 562 1998 uuo
582 1935 676 1985 tamen
691 1928 777 1988 habe·
830 1931 947 1984 beorum
961 1929 1035 1984 sedes
1051 1931 1132 1984 estin
1151 1930 1224 1996 culo,
1253 1930 1392 1984 bominum
1405 1931 1435 1983 in
1457 1934 1540 1996 lura,
1564 1930 1594 1983 in
1620 1944 1682 1985 aere

79 2012 120 2082 pla
135 2015 309 2077 communia,
326 2030 394 2072 cum
408 2030 456 2071 eos
479 2030 578 2073 omues
593 2031 610 2072 a
625 2033 654 2074 se
675 2018 704 2074 in
721 2019 776 2076 tide
831 2017 993 2073 damonum.
1023 2018 1058 2073 Et
1087 2017 1203 2074 Boetius
1232 2032 1320 2088 super
1343 2017 1556 2088 Porphyrium:
1586 2017 1681 2084 Quan-

95 2111 153 2159 tam
186 2103 311 2173 populus
335 2118 424 2175 quam
449 2107 609 2163 sacerdotes
625 2108 774 2166 sentirent.
831 2106 980 2176 docunque,
1010 2105 1117 2177 inquil,
1149 2108 1328 2176 supponimus
1364 2109 1449 2162 Deum
1476 2107 1602 2174 animali,
1633 2121 1678 2162 se-

79 2191 240 2248 udiversos
255 2207 272 2248 a
288 2193 352 2260 tide,
367 2194 415 2250 sed
444 2194 580 2252 adversos
603 2197 688 2254 etiam
714 2199 774 2256 exi·
830 2195 949 2251 cundum
974 2211 1033 2250 eam
1067 2197 1221 2266 opinionem
1256 2197 1373 2263 fuimus
1398 2211 1459 2264 qua
1484 2196 1577 2250 calum
1610 2194 1675 2250 stel-

82 2280 91 2336 i
116 2294 184 2337 cum
211 2282 361 2339 manifeste
384 2298 450 2340 cum
476 2284 580 2354 populo
603 2287 774 2344 exteriorem
830 2286 925 2354 lcsque
950 2289 1031 2356 atque
1064 2285 1135 2339 bunc
1164 2285 1299 2339 mundum
1319 2288 1404 2339 totum
1434 2286 1588 2339 animatum
1615 2299 1671 2338 esse
1700 2346 1703 2357 Ι

79 2384 94 2426 o
120 2371 256 2441 templis:
272 2373 452 2430 exhiberent.
480 2375 630 2430 Stultorum
658 2377 775 2448 scilicet,
830 2377 984 2444 confirmat,
1014 2389 1080 2445 quas
1123 2375 1205 2429 etiam
1241 2373 1352 2429 morum
1384 2375 1490 2428 nomine
1520 2371 1678 2444 appellaue-

81 2461 207 2531 infinilus
230 2467 270 2516 est
294 2478 423 2518 numerus
438 2462 534 2533 (liceto.
560 2481 578 2532 ι,
598 2464 651 2535 ιδ),
673 2464 775 2522 ιιιιιῙιί-
828 2469 906 2520 runt.

82 2557 250 2610 metuentes,
276 2551 410 2620 privatim
433 2559 539 2616 tamen,
567 2560 594 2610 ct
617 2554 703 2624 qllasi
731 2568 774 2611 sa·
866 2554 971 2610 Beatus
996 2567 1066 2610 vero
1091 2552 1272 2624 Augustinus
1287 2551 1364 2622 quod
1393 2551 1549 2608 diciturne
1572 2551 1672 2608 soleet

79 2636 229 2708 loquentes
254 2638 488 2710 interpertectos,
516 2641 675 2712 ipsoetiam
700 2658 773 2700 uon·
829 2642 941 2701 caeteris
969 2640 1133 2699 coelestibus
1146 2640 1350 2707 luminaribus,
1384 2653 1574 2710 nequaquam
1589 2639 1672 2696 retel-

100 2727 207 2797 populo
222 2728 368 2794 audiente,
387 2737 493 2786 sectam
517 2730 583 2786 fidei
597 2732 774 2789 contrariam
829 2731 887 2789 lere
900 2731 997 2800 audet,
1012 2731 1061 2787 sed
1080 2729 1134 2786 sibi
1147 2730 1289 2785 incertum
1305 2741 1366 2785 esse
1395 2727 1546 2799 profitetur
1571 2730 1673 2784 uirum

79 2822 133 2872 itur
156 2824 243 2886 atarto
272 2815 471 2874 defendebant
502 2818 631 2886 Quorum
655 2821 774 2892 quidem
827 2820 960 2877 videlicet
982 2818 1104 2890 quidam
1133 2824 1257 2875 rectores
1279 2816 1400 2887 spiritus
1419 2815 1475 2872 illis
1501 2815 1599 2882 insint,
1626 2828 1677 2886 per

82 2906 230 2962 maximus
257 2905 426 2963 idololatria
455 2908 573 2977 derisor,
604 2909 633 2965 iu
659 2918 772 2967 tantum
829 2924 902 2981 quos
920 2909 1008 2965 etiam
1022 2907 1217 2973 vivificentur,
1233 2913 1261 2962 et
1276 2905 1365 2978 (qnod
1381 2904 1514 2962 mirabile
1529 2904 1607 2961 dictu
1626 2905 1671 2961 vi·

79 3008 113 3061 rs,
143 2994 171 3050 id
186 2994 327 3064 estidola,
352 3004 547 3067 corumptum
571 2998 706 3067 adduxit,
738 3008 773 3057 ut
829 2999 922 3069 detur)
937 2997 1006 3055 dicit
1019 2997 1106 3054 etiam
1131 3010 1160 3053 se
1176 2996 1321 3067 ignorare,
1348 3002 1449 3052 utrum
1468 2994 1531 3051 hec
1556 3007 1674 3065 quoque

87 3082 221 3152 praelerre
236 3083 364 3151 auderet,
377 3098 437 3155 per
456 3101 543 3158 quem
569 3087 605 3144 ad
634 3088 709 3145 hanc
737 3091 774 3148 ir
829 3088 991 3160 pertineant
1005 3087 1041 3142 ad
1057 3086 1222 3143 societatem
1237 3097 1338 3141 eorum
1354 3097 1427 3154 quos
1450 3096 1503 3140 nos
1517 3081 1672 3139 Christiani

85 3171 279 3242 ssjurandum
302 3182 475 3244 susceperat,
491 3175 610 3232 sindesi
637 3178 770 3249 antiquo
786 3159 807 3216 C
825 3177 941 3247 angelos
955 3176 1001 3234 vei
1015 3175 1141 3232 calesces
1173 3172 1294 3244 spiritus
1308 3171 1441 3230 dicimus.
1467 3172 1548 3230 Unde
1572 3172 1602 3228 in
1614 3172 1670 3229 nn-

79 3258 160 3316 iuum
176 3260 297 3331 gloriam
315 3261 384 3332 ipsis
399 3263 518 3319 abstulit
547 3263 638 3321 idolis.
664 3265 768 3337 Super·
824 3265 968 3324 cbiridiou
998 3264 1037 3322 ita
1052 3264 1121 3320 dicit
1140 3262 1195 3335 (ei)
1210 3278 1217 3318 :
1235 3264 1332 3319 Utrum
1345 3260 1506 3334 erchanpeli
1533 3260 1672 3329 appellen·

78 3355 101 3405 ιι
119 3351 264 3419 proposita
290 3365 408 3422 quoque
436 3353 676 3425 pbilosophorum
706 3369 769 3425 pro·
825 3359 871 3409 lue
882 3355 1004 3417 uirtutes,
1021 3358 1046 3407 et
1074 3352 1141 3422 quid
1164 3353 1241 3406 intra
1253 3365 1281 3405 se
1293 3349 1395 3405 distent
1418 3349 1492 3404 sedes
1511 3348 1568 3403 siue
1587 3346 1671 3402 domi-

81 3437 167 3494 etidc
186 3439 362 3507 testimonia,
390 3447 423 3496 ut
443 3449 601 3512 utrumque
629 3442 769 3512 populum
823 3444 957 3510 nationes,
973 3443 1029 3497 siue
1039 3442 1227 3511 principatus,
1244 3441 1299 3494 siae
1316 3441 1475 3508 potestates,
1501 3436 1596 3491 dicam
1623 3437 1672 3501 qui

79 3539 114 3582 cx
136 3525 206 3596 ipsis
219 3527 281 3582 suis
309 3528 478 3585 doctoribus
496 3529 690 3598 confutemus
720 3532 768 3588 lu·
822 3536 947 3601 possunt,
963 3532 987 3585 si
1000 3535 1090 3585 lamen
1115 3532 1233 3599 possunt
1257 3527 1373 3596 probare
1391 3526 1465 3597 quod
1484 3526 1588 3581 duent.
1611 3526 1669 3594 Epo

79 3620 126 3672 cet
140 3628 176 3670 ex
192 3615 348 3686 prophetis,
376 3617 497 3689 gentiles
517 3632 554 3674 ex
579 3619 766 3691 philosophis.
823 3636 865 3676 me
877 3621 933 3675 isla
954 3620 1082 3688 ipnorare
1098 3620 1236 3687 profiteor.
1250 3615 1304 3672 Sed
1322 3630 1371 3670 nec
1384 3615 1461 3670 istud
1488 3620 1593 3669 certum
1616 3613 1670 3668 ba-

308 3705 384 3764 XVI.
823 3709 877 3775 bea,
897 3713 991 3763 utrum
1015 3707 1052 3762 od
1078 3705 1199 3762 eamdem
1221 3706 1377 3759 societatem
1400 3705 1556 3773 pertineant
1583 3704 1664 3758 solet

91 3799 190 3849 autom
216 3808 295 3850 nunc
324 3794 370 3850 ille
396 3794 621 3866 antiquissimus
645 3795 769 3866 philoso-
822 3797 899 3860 luna,
915 3801 941 3852 el
955 3795 1167 3861 cataasidera,
1190 3794 1316 3863 quamvls
1342 3792 1482 3846 nonnullis
1497 3791 1590 3846 lucido
1612 3805 1669 3845 esse

81 3888 108 3937 et
142 3883 241 3952 magni
276 3883 406 3940 nominis
434 3891 568 3941 occurrat
594 3885 765 3951 Mercurius,
822 3901 935 3957 corpora
972 3899 1025 3940 non
1046 3896 1176 3939 consensu
1213 3880 1256 3937 ael
1291 3881 1474 3948 intelliaentia
1507 3878 1665 3934 uideantur.

84 3971 253 4027 excellentia
272 3986 326 4028 sua
352 3972 441 4029 deum
456 3987 576 4044 quoque
605 3975 765 4045 appellave·
821 3976 862 4034 Ne
875 3973 943 4046 quis
962 3973 1032 4029 torte
1047 3972 1135 4028 sacris
1147 3969 1280 4027 eruditus
1294 3967 1398 4025 litteris
1421 3967 1576 4024 abhorreat
1599 3966 1667 4022 lier-

79 4058 123 4128 ius
148 4059 266 4129 quidem
291 4060 490 4143 testimouium¹
521 4062 555 4117 de
583 4064 768 4133 generatione
821 4064 904 4121 metis
919 4059 1187 4133 pbilosopbiverba,
1204 4059 1313 4130 quibus
1335 4056 1522 4114 videlicelail
1548 4055 1583 4111 de
1609 4055 1666 4110 ileo

79 4147 310 4213 mstinusconlra
326 4149 460 4221 quinque
476 4150 597 4207 hareses
615 4150 767 4222 disputans
821 4157 916 4218 Patre,
942 4151 992 4222 qui
1026 4149 1188 4206 secundum
1216 4146 1315 4204 lecerit
1351 4145 1517 4208 bominum,
1544 4145 1597 4200 boc
1623 4149 1665 4200 est

81 4234 159 4293 icens
175 4236 233 4309 (30)
253 4253 259 4292 :
281 4239 403 4305 Hermes,
422 4240 468 4308 qui
496 4241 646 4295 Mutunus
671 4243 767 4296 iatine
821 4239 953 4314 genuerit
983 4236 1100 4302 Filium,
1127 4249 1194 4292 cum
1223 4234 1346 4305 prolecto
1366 4234 1441 4290 Deus
1468 4231 1662 4289 Filiusalleo

79 4326 168 4394 nipsu
187 4327 287 4381 librum
303 4328 350 4393 qui
376 4328 536 4397 appellatur
560 4331 644 4400 Λόγος
659 4329 763 4395 enitor,
820 4331 912 4396 Patre,
929 4323 1099 4391 nectamus,
1113 4337 1167 4380 nec
1189 4330 1314 4392 creatus,
1332 4323 1380 4379 sed
1406 4328 1520 4378 tantum
1535 4320 1571 4377 sit
1585 4320 1665 4392 geni-

79 4411 567 4483 lumperseclum.1iudiamusquid
590 4418 718 4486 loquatur
731 4418 765 4473 de
819 4428 886 4488 tns3
914 4417 988 4474 sciat
1000 4414 1089 4472 otiam
1113 4426 1130 4469 a
1150 4411 1300 4470 catholicis
1322 4419 1350 4468 et
1372 4412 1479 4468 sanctis
1498 4410 1665 4468 doctoribus

79 4503 162 4569 tecta.
189 4505 330 4571 Dominus,
355 4505 457 4574 inanit,
479 4509 505 4559 et
532 4507 623 4573 {actor
643 4508 764 4561 amorium
779 4503 801 4558 n
817 4507 910 4566 multa
923 4505 958 4561 do
973 4502 1072 4560 eadem
1102 4501 1287 4574 generatione
1308 4500 1441 4558 similiter
1465 4499 1586 4557 abusive
1601 4512 1666 4569 pro

79 4587 193 4642 mudum
203 4590 270 4656 lecit
290 4592 443 4658 Dominum,
468 4591 539 4646 bunc
552 4593 619 4659 fecit
632 4595 761 4662 prinum,
817 4591 884 4656 lala,
900 4603 969 4646 cum
995 4603 1209 4660 nonnunquam
1222 4589 1335 4645 Patrem
1350 4595 1495 4646 auctorem
1512 4588 1588 4656 Filii,
1603 4586 1662 4644 rei·

79 4680 307 4733 :vennianus
330 4683 422 4734 autem
445 4681 563 4736 eiuisus
589 4687 640 4747 est,
667 4684 761 4752 etple-
814 4692 882 4736 eum
906 4678 1147 4748 procreassent
1174 4677 1309 4733 Filiuma
1333 4678 1417 4734 Patro
1438 4675 1606 4743 formatum,
1623 4675 1665 4746 ip·

79 4767 189 4820 mnium
212 4766 361 4835 bonarum;
377 4768 484 4823 lutatus
499 4774 549 4836 est,
579 4774 604 4824 et
622 4770 702 4825 valde
718 4770 761 4824 di·
815 4765 876 4823 sius
896 4765 991 4823 Patris
1003 4780 1064 4823 esse
1077 4765 1210 4824 ellectum
1224 4765 1343 4824 abusive
1367 4765 1565 4837 pronuntient.
1582 4764 1664 4821 Unde

79 4859 203 4922 tanquam
228 4859 399 4925 unipenitum
424 4872 513 4913 suum.
534 4859 613 4921 ilem,
631 4857 688 4915 alio
701 4858 762 4914 ioco
817 4854 947 4911 Hilarius
962 4855 1000 4911 tle
1026 4854 1167 4911 trinitate
1185 4854 1237 4913 lib.
1255 4871 1285 4912 ιιι
1297 4871 1305 4910 z
1319 4854 1474 4912 Secundum
1496 4853 1659 4924 Apostolum

79 4943 130 4999 lius
166 4944 298 4999 benedicti
321 4947 370 5000 Dei
396 4950 479 5015 atque
503 4947 576 5001 bona
601 4948 761 5017 uoluntatis,
816 4944 884 5014 quia
898 4944 929 4996 in
948 4942 1055 5000 cbristo
1081 4944 1222 4999 inhabitat
1236 4945 1322 4999 amnis
1338 4942 1483 5013 plenitudo
1509 4942 1664 4998 diuinitatis

79 5046 103 5087 m
122 5047 177 5086 non
191 5037 279 5102 potest
293 5033 410 5088 bumana
437 5049 483 5088 ore
510 5036 631 5090 namuri:
660 5035 762 5106 snrgu-
815 5030 996 5102 corporoliler
1019 5030 1129 5103 (dolose.
1146 5047 1176 5100 u,
1204 5030 1243 5102 9),
1272 5031 1321 5087 sed
1348 5029 1662 5101 incomprebensibiliter,

79 5120 91 5190 ι)
108 5121 215 5188 :Quem
235 5124 327 5192 primo
351 5125 457 5191 saalum
480 5122 562 5192 dicit,
586 5128 680 5194 postea
697 5126 763 5180 uni-
815 5119 1038 5176 inenarrabiliter
1069 5124 1132 5175 ante
1153 5134 1231 5175 omne
1263 5125 1370 5190 tempus
1391 5123 1417 5174 et
1443 5119 1552 5188 seculo,
1568 5120 1664 5186 oniae·

79 5211 209 5280 pellant.
228 5211 366 5278 Quantum
384 5212 562 5282 plenissimus
576 5214 622 5281 sit,
647 5217 762 5270 loannes
816 5211 906 5266 nilum
932 5223 967 5262 eu
990 5208 1032 5263 bis
1061 5222 1122 5274 aun
1144 5208 1268 5276 inpunita
1291 5209 1321 5261 in
1335 5222 1363 5262 ce
1391 5210 1469 5263 nant
1496 5209 1663 5278 procreauit,

79 5314 84 5354 ι
110 5301 170 5356 ait:
184 5302 225 5356 De
245 5300 419 5371 plenitudine
444 5302 504 5372 ejus
542 5316 632 5358 omnes
660 5304 764 5375 accepi-
817 5313 894 5355 omne
914 5296 988 5367 quod
1013 5299 1085 5353 nnn
1103 5301 1143 5352 est
1158 5310 1209 5365 per
1234 5296 1394 5352 claritatem
1414 5299 1498 5368 atquc
1523 5297 1663 5366 cirinum,

80 5423 132 5481 rol.
150 5430 218 5481 lom.
234 5424 361 5491 XXXIV,
377 5425 432 5482 eol.
456 5426 514 5480 lai.
866 5425 900 5478 ³2
936 5420 1009 5478 ibid.

79 5495 125 5554 rol.
143 5502 211 5554 ιοιιι.
227 5496 315 5565 Xtii,
327 5495 382 5555 col.
400 5496 477 5553 troi.
866 5495 899 5548 ³³
925 5492 1031 5551 Patrol.
1048 5499 1118 5551 ιοιιι.
1132 5491 1266 5562 Xbl,col.
1285 5493 1350 5549 aaa.

79 5609 90 5624 ,.
869 5563 915 5636 ai)
930 5563 1036 5623 Patrol.
1053 5572 1123 5624 tom.
1143 5563 1204 5634 XL,
1218 5563 1272 5622 ool.
1282 5564 1346 5634 aba,
1360 5565 1424 5621 aba.
