3804 5962
111 191 176 245 tuor
607 189 844 248 rnrhobuurlo
865 190 914 246 Ab
933 189 1168 247 TREOLOGIAU.
1183 219 1219 233 -
1233 189 1302 248 urb.
1324 186 1359 246 lt.
1788 196 1858 253 loti

106 314 252 383 proprium
266 313 318 367 erit
338 312 500 368 substantie
525 312 598 379 cuod
610 328 671 369 cnm
683 316 721 370 sit
734 328 822 368 unum
835 317 861 370 ει
883 313 956 370 idern
970 313 996 370 i.
1009 315 1209 373 celsitudinem
1224 314 1424 379 conscendere,
1446 315 1495 371 sed
1511 324 1717 374 creaturarum
1744 319 1859 378 naturis

107 416 228 471 numne,
244 401 418 473 susceptibile
428 406 469 458 est
482 403 691 458 contrariorum.
1012 404 1194 477 inquirendis
1237 418 1285 462 eos
1307 418 1370 461 esse
1416 411 1566 461 contentos
1592 405 1753 464 meandum
1780 409 1858 479 quod

157 491 230 551 Cum
257 492 357 564 itaque
376 492 434 549 er
461 491 517 548 ista
538 491 638 548 omnia
657 491 787 562 coaptari
820 507 879 549 non
896 506 958 564 pos
1010 494 1225 564 scriptumest:
1261 491 1315 561 Qui
1341 493 1375 548 de
1396 498 1468 549 terra
1502 499 1552 562 est,
1574 494 1608 550 de
1636 499 1710 552 terra
1737 498 1860 568 munitur

107 586 188 647 sunt,
218 581 303 652 cujus
339 580 504 638 substantia
533 594 586 637 nec
601 581 799 639 accidentibus
836 582 955 648 variari,
1010 582 1106 653 (Joan.
1121 598 1163 651 ιιι,
1180 582 1238 655 tl),
1262 596 1336 655 quas
1351 595 1405 638 nec
1428 582 1524 639 adbuc
1554 585 1797 655 comprehendere
1826 600 1861 647 ac

106 669 198 727 nullis
219 669 337 727 omuino
357 669 457 727 lormis
480 669 631 740 subjacere
658 670 878 743 potest31iquet
905 685 957 728 nec
1010 672 1121 728 ratione
1135 671 1277 729 discutere
1299 671 1335 727 ad
1352 671 1424 727 illud
1451 671 1612 729 sufiiciunt.
1630 674 1710 738 Quod
1724 689 1861 735 summus

109 760 186 815 inter
228 757 405 815 substantias
439 771 506 815 eum
537 758 720 829 philosophos
742 760 891 830 recepisse,
915 772 951 815 ea
1010 757 1057 814 ille
1085 758 1250 829 sapientum
1285 756 1420 815 Salomon
1445 758 1642 815 *considerans
1664 761 1728 817 ait:
1750 762 1859 820 cuncte

108 846 236 918 protecto
251 847 362 904 ratione
376 859 437 916 qua
452 845 543 914 Plato,
559 846 634 903 inter
655 846 766 904 nullam
782 855 811 904 et
826 846 958 918 aliquam
1008 862 1050 902 res
1076 846 1215 916 difficiles,
1232 862 1287 902 non
1297 851 1387 917 potest
1405 861 1451 902 cas
1471 846 1548 903 bomo
1567 849 1707 918 replicare
1724 865 1859 920 εεειειεειε,

106 934 302 991 substantiam
326 933 389 993 iiio
422 933 582 1001 collocavit,
604 949 694 1006 quam
717 937 836 993 omniuo
861 936 957 993 adhuc
1008 940 1034 990 ει
1051 936 1518 1006 attaprosunditas,quisinueniet
1546 936 1634 992 eam?
1661 937 1763 1009 (Εεειε.
1784 957 1805 1008 ι,
1820 939 1859 1012 8).

105 1023 262 1081 intormem
289 1022 459 1094 conceperit.
479 1024 579 1095 Neque
606 1025 683 1081 enim
708 1024 871 1083 substantia
897 1038 956 1081 non
1008 1025 1044 1080 lit
1059 1026 1305 1096 persemetipsum
1339 1024 1505 1096 Sapientia:
1534 1025 1727 1095 capitatione,
1751 1028 1859 1100 inquit,

104 1120 149 1169 εει
162 1112 249 1179 Deus,
278 1113 303 1168 si
326 1126 393 1168 vere
417 1112 572 1169 subsistere
587 1119 724 1169 naturam
738 1120 766 1170 et
791 1113 954 1170 incommu-
1008 1113 1167 1170 eustatium
1191 1113 1304 1183 timide,
1344 1118 1370 1168 ct
1396 1115 1506 1170 incula
1536 1115 1718 1185 providentie
1746 1122 1858 1175 nostra.

106 1202 308 1270 tabilemesse,
333 1202 440 1272 inipso
464 1202 656 1259 attendamus.
673 1201 732 1259 Nec
758 1216 863 1259 rursus
886 1201 955 1258 suh·
1009 1201 1118 1273 Corpus
1145 1207 1215 1258 enim
1249 1202 1322 1273 qnod
1350 1205 1538 1272 corrumpitur
1570 1208 1706 1272 appruerat
1725 1208 1859 1276 animam,

104 1293 212 1348 stantia
235 1297 288 1360 est,
306 1291 330 1346 si
354 1290 494 1347 usitatam
519 1290 646 1348 nominis
660 1291 829 1347 substantie
857 1290 955 1361 appet-
1009 1296 1034 1346 ει
1057 1292 1188 1362 deprimit
1211 1295 1321 1347 terrena
1344 1291 1479 1346 habitatio
1494 1306 1603 1347 sensnm
1621 1294 1710 1348 multa
1737 1297 1861 1364 maiian-

105 1379 242 1438 lationem
285 1393 454 1452 mquamur,
494 1392 562 1436 cum
598 1379 728 1436 videlicet
758 1379 956 1437 accidentibus
1009 1384 1070 1434 tem.
1089 1382 1124 1436 st
1151 1380 1267 1450 dispicite
1291 1380 1490 1436 aestimabimus
1505 1396 1566 1450 qua
1593 1379 1624 1435 in
1644 1386 1719 1437 tera
1738 1388 1816 1453 sunt,
1832 1387 1860 1441 et

106 1469 254 1540 subjectus
285 1483 347 1525 esse
377 1483 436 1525 non
457 1468 554 1539 possit.
589 1469 667 1525 Unde
691 1476 720 1525 ει
739 1468 769 1524 in
796 1469 845 1526 illo
869 1482 957 1540 argu·

1010 1483 1069 1537 qua
1083 1471 1113 1523 in
1132 1476 1280 1540 prospectu
1300 1473 1376 1536 sunt,
1392 1471 1560 1525 inveniemus
1578 1486 1639 1526 cum
1667 1471 1767 1528 tabors.
1791 1471 1859 1539 Qua

106 1565 203 1614 mento
220 1558 296 1613 Usus
310 1570 368 1613 nou
400 1556 563 1613 substantia
576 1557 737 1614 ostenditur
763 1565 870 1628 aperte,
896 1570 956 1629 quo
1010 1555 1040 1608 in
1063 1555 1135 1609 cetis
1168 1561 1243 1624 sunt,
1276 1558 1338 1625 quis
1380 1557 1558 1626 investigabit
1591 1557 1711 1630 ilbop.
1740 1573 1783 1628 rx,
1815 1560 1860 1615 li-

106 1646 231 1715 Boetius,
258 1645 394 1717 quamvis
415 1645 609 1711 Christianus,
642 1645 806 1715 opinionem
832 1644 956 1716 philoso-
1013 1642 1068 1712 lb.)
1085 1643 1166 1710 Quod
1185 1645 1272 1701 etiam
1305 1646 1398 1702 omnis
1424 1646 1489 1703 baec
1517 1646 1622 1704 locutio
1650 1649 1687 1705 ad
1710 1656 1859 1707 creatura-

107 1735 232 1806 phorum
261 1741 385 1802 secutus,
424 1749 491 1790 cum
528 1734 563 1790 de
591 1734 774 1805 philosophia
807 1741 953 1804 tractaret,

105 1823 296 1880 'themistium
320 1823 469 1880 scilicetet
496 1822 624 1880 Tullium
640 1824 669 1879 in
692 1823 806 1895 rupicis
819 1824 881 1881 suis
906 1838 955 1881 rc·

105 1912 219 1983 stignus
233 1912 333 1982 probat
354 1912 382 1967 in
403 1911 506 1982 quinto
520 1912 693 1982 topicorum
726 1912 856 1983 ipsorum
879 1912 955 1969 albe·

105 2001 204 2058 dinem
231 2014 290 2057 non
306 2015 366 2059 esse
391 2000 594 2066 substantiam,
610 1999 657 2056 his
682 2001 780 2058 verbis
796 2015 803 2056 :
819 2001 952 2057 Substan-

106 2092 206 2158 tiaest,
222 2105 283 2158 qun
308 2090 430 2145 omnibus
466 2089 651 2144 accidentibus
675 2093 767 2159 possit
781 2104 838 2145 esse
865 2091 955 2160 subje-

104 2184 189 2246 ctum,
216 2179 311 2234 atbedo
330 2184 421 2234 aulem
443 2179 527 2233 nuttis
551 2178 735 2235 occidentibus
760 2177 883 2248 subjecto
903 2182 952 2248 εει,

108 2267 299 2337 albedoigitur
323 2267 481 2323 substantia
495 2284 551 2322 non
578 2272 630 2324 cst.
661 2269 726 2338 lpse
749 2281 867 2340 quoque
893 2268 954 2325 liu-

106 2357 246 2428 gustinus
258 2356 334 2413 hanc
347 2358 485 2414 usitatam
499 2362 528 2414 et
546 2356 693 2427 propriam
714 2357 953 2428 significationem

105 2444 274 2501 substantiae
302 2452 398 2515 aperte
414 2443 565 2515 proiltetur
580 2444 609 2498 in
629 2457 669 2500 vn
682 2444 716 2501 de
742 2444 874 2500 Trinitat.
890 2444 952 2514 lih.,

109 2546 172 2602 cap.
188 2535 205 2588 4
224 2540 252 2589 et
268 2534 293 2601 5,
311 2532 356 2588 his
384 2531 504 2603 quidem
528 2533 625 2588 verbis
640 2533 674 2588 de
695 2534 753 2588 Deo
777 2533 951 2603 disputans:

108 2619 184 2677 Sicut
200 2624 273 2676 enim
301 2622 335 2675 ab
355 2636 384 2676 eo
398 2623 446 2688 qui
466 2626 506 2676 εει
520 2621 678 2690 appettatur
698 2637 754 2676 csse
768 2624 895 2688 essentia,
912 2625 954 2676 ito

108 2709 142 2765 ob
157 2709 271 2777 eoquod
286 2714 325 2765 esi
348 2711 503 2777 subsistere,
528 2710 712 2765 substantiam
736 2710 860 2765 dicimus.
891 2710 952 2766 Ab·

1009 1743 1076 1786 rum
1089 1739 1180 1788 status
1195 1731 1322 1789 maxime
1338 1734 1553 1790 accommodata
1570 1735 1616 1804 sit,
1632 1749 1670 1793 ex
1701 1749 1736 1792 ea
1758 1737 1856 1808 praeci·

1010 1833 1066 1890 pue
1085 1827 1164 1891 parte
1182 1821 1319 1878 orationis
1338 1830 1468 1893 apparet,
1489 1824 1553 1880 sine
1567 1839 1627 1895 qua
1642 1825 1726 1882 nulla
1750 1825 1859 1884 dicitur

1008 1918 1139 1966 constare
1175 1909 1309 1980 perfectio
1337 1912 1487 1980 orationis,
1524 1925 1561 1969 cx
1594 1927 1629 1970 ea
1655 1913 1762 1972 scilicet
1791 1928 1858 1986 qua

1007 1997 1129 2054 verbum
1157 1998 1331 2069 appellatur.
1362 2000 1429 2056 ilaec
1464 2001 1570 2073 quippe
1593 2001 1679 2060 dictio
1717 2003 1856 2074 temporis

1008 2084 1278 2158 assignatumque
1299 2087 1446 2159 incoepita
1474 2091 1592 2146 mundo.
1618 2093 1697 2150 Unde
1717 2094 1744 2150 si
1766 2094 1858 2167 hujus

1008 2175 1098 2244 partis
1113 2176 1352 2248 significationem
1373 2179 1566 2248 attendamus,
1594 2196 1645 2252 per
1667 2196 1731 2240 eam
1754 2183 1857 2255 cuius-

1008 2277 1065 2335 que
1080 2264 1302 2321 constructionis
1322 2279 1440 2322 sensum
1454 2266 1531 2324 inira
1546 2269 1690 2326 ambitum
1715 2272 1857 2330 contineri

1007 2350 1052 2409 vel
1065 2353 1187 2409 coerceri
1217 2354 1362 2424 temporis,
1394 2354 1448 2411 hoc
1471 2362 1513 2412 est
1542 2357 1642 2414 adeas
1668 2372 1714 2416 res
1742 2368 1856 2419 tautum

1008 2442 1202 2513 temporaliter
1221 2443 1366 2513 inclinari,
1390 2458 1465 2514 quas
1482 2445 1682 2505 demonstrare
1705 2449 1856 2518 volumus,

1007 2531 1202 2601 temporaliter
1223 2533 1399 2604 contingere,
1420 2548 1474 2590 uec
1502 2535 1674 2593 eternaliter
1689 2539 1854 2596 subsistere.

1007 2619 1088 2676 Unde
1116 2634 1185 2676 cum
1221 2620 1346 2677 dicimus
1373 2623 1463 2678 Deum
1491 2624 1617 2693 priorem
1640 2638 1701 2682 esse
1734 2627 1855 2696 mundo,

1006 2707 1066 2764 sive
1080 2709 1204 2765 existere
1219 2717 1285 2766 aute
1300 2717 1438 2780 tempora,
1455 2711 1522 2780 quis
1536 2726 1639 2768 sensus
1667 2713 1697 2770 in
1718 2715 1764 2771 his
1792 2729 1855 2773 ver·

104 2798 219 2853 surdum
243 2801 283 2853 est
318 2800 409 2852 autern
444 2801 475 2852 nt
498 2798 655 2853 substantia
681 2798 795 2853 retattue
831 2797 952 2854 dicatur.
1007 2797 1051 2853 bis
1067 2810 1153 2854 verus
1168 2791 1229 2854 esse
1247 2804 1338 2868 potest
1352 2798 1386 2853 de
1407 2799 1588 2869 processione
1614 2801 1664 2857 Dei
1686 2809 1714 2858 et
1739 2817 1853 2862 sncces-

105 2886 198 2943 Omnis
213 2892 284 2942 enim
307 2902 350 2942 res
365 2887 402 2942 ad
420 2902 448 2942 se
466 2888 557 2957 ipsum
580 2887 715 2950 subsistit,
745 2878 952 2958 quantomagis
1007 2885 1087 2942 sione
1100 2885 1232 2953 istorum,
1262 2887 1285 2942 si
1311 2886 1372 2944 haec
1392 2887 1482 2944 verba
1502 2888 1538 2944 ad
1553 2888 1706 2946 homiuum
1738 2891 1852 2951 institu·

103 2973 200 3031 Usus?
213 2979 238 3032 si
254 2982 344 3032 tamen
359 2976 474 3044 dignum
489 2982 527 3031 est
545 2982 575 3030 ut
601 2977 712 3032 dicatur
736 2977 893 3032 subsistere.
915 2981 953 3033 lle
969 2952 992 3015 ὓ
1007 2975 1113 3032 tionem
1146 2975 1332 3045 accipiamus,
1352 2976 1512 3034 secundum
1527 2977 1620 3048 ipsam
1647 2979 1784 3052 temporis
1812 2982 1854 3038 si·

105 3063 148 3119 tis
162 3066 234 3120 enim
256 3065 337 3120 rebus
364 3064 485 3134 intelligi
507 3070 614 3120 ratione
639 3069 669 3120 in
699 3065 796 3132 onibus
823 3065 953 3135 subjectis
1007 3063 1230 3136 gnificationem,
1272 3064 1432 3122 secundum
1474 3072 1589 3138 tempus
1627 3069 1752 3138 priorem
1793 3084 1854 3129 esse

104 3158 169 3208 sunt
185 3170 216 3209 ea
237 3170 297 3224 quaa
321 3157 351 3209 in
370 3156 463 3225 atiquo
490 3155 610 3223 subjecto
636 3170 692 3210 esse
714 3156 855 3224 dicuntur,
881 3156 954 3210 sicut
1007 3153 1118 3210 mundo
1136 3153 1182 3211 vel
1196 3154 1350 3223 exstitisse,
1367 3154 1421 3211 hoc
1443 3162 1487 3212 est
1514 3154 1690 3227 intempore
1708 3160 1854 3229 praeterito

103 3242 177 3297 sotor
208 3244 238 3297 in
268 3259 389 3314 corpore.
415 3244 508 3299 Item:
536 3244 588 3298 Res
609 3258 673 3312 ergo
701 3245 844 3299 mutabiles
866 3259 953 3315 neque
1007 3242 1095 3300 fuisse
1109 3251 1266 3314 antequam
1290 3250 1403 3314 tempus
1418 3250 1490 3301 essel
1506 3244 1617 3315 aliquid
1634 3245 1648 3302 t
1663 3246 1782 3317 Oportet
1797 3247 1853 3305 ita·

102 3332 240 3401 simplices
268 3334 381 3402 proprie
408 3331 540 3386 dicuntur
563 3332 729 3387 substantia.
753 3334 842 3389 ltem:
869 3333 953 3400 Nefas
1007 3346 1065 3403 que
1085 3346 1153 3389 cum
1176 3332 1212 3388 ad
1226 3331 1405 3403 singularem
1429 3331 1592 3389 divinitatis
1618 3342 1852 3408 naturamquas·

102 3424 143 3475 εει
176 3408 267 3475 autem
294 3420 384 3475 dicere
406 3425 437 3474 ut
460 3421 602 3486 subsistat,
627 3424 653 3474 ει
680 3420 806 3476 subsunt
837 3421 954 3476 bonitati
1006 3435 1124 3492 cunque
1161 3421 1301 3477 dictiones
1328 3420 1541 3490 transierimus,
1565 3436 1615 3480 eas
1641 3424 1671 3479 in
1695 3425 1854 3495 quamdam

101 3524 169 3577 suas,
184 3513 266 3578 atqui
279 3510 331 3563 itta
353 3510 459 3564 bonitas
484 3524 538 3563 non
553 3509 709 3564 substantia
722 3511 781 3578 sit,
796 3511 838 3565 uel
856 3512 953 3580 potius
1007 3510 1185 3582 singularem
1206 3509 1446 3581 significationem
1463 3525 1514 3567 seu
1529 3513 1617 3568 etiam
1643 3513 1854 3572 institutionem

100 3602 227 3666 essentia,
244 3614 331 3667 neque
348 3600 408 3668 ipse
431 3601 500 3653 Usus
513 3602 550 3653 sit
577 3598 685 3652 bonitas
702 3613 763 3662 sua,
783 3598 832 3652 sed
851 3600 883 3654 in
906 3600 953 3654 itto
1007 3599 1185 3655 contrahere.
1202 3601 1298 3668 Atque
1314 3611 1364 3666 per
1385 3597 1438 3654 hoc
1451 3600 1531 3668 quod
1555 3600 1653 3657 omnia
1668 3603 1755 3659 etiam
1769 3617 1852 3661 exce-

102 3690 150 3752 sit,
167 3693 298 3758 tanquam
314 3692 344 3741 in
368 3687 496 3758 subjecto.
525 3687 601 3741 Unde
621 3689 799 3754 manifestum
813 3691 854 3743 cst
869 3692 954 3744 lleum
1006 3687 1059 3754 dit,
1085 3685 1245 3743 necessario
1273 3685 1421 3756 propriam
1455 3687 1666 3746 institutionem
1697 3693 1849 3753 excedere.

99 3776 212 3831 abusive
238 3778 330 3831 uocari
348 3777 545 3843 substantiam,
574 3779 605 3830 ut
623 3777 734 3830 nomine
756 3777 898 3832 usitatiori
913 3780 954 3832 in·
1006 3773 1123 3831 Constat
1137 3773 1246 3843 quippe
1264 3772 1351 3844 Juxta
1366 3773 1498 3830 Boetium
1512 3788 1546 3832 ac
1575 3776 1721 3836 Platonem
1749 3795 1852 3854 cogna-

102 3867 246 3933 telligatur
271 3867 398 3931 essentia,
425 3881 486 3934 que
507 3880 568 3920 nere
585 3869 617 3919 ac
638 3867 752 3935 proprie
779 3864 892 3932 dicitur,
912 3868 953 3921 ita
1006 3870 1049 3919 tos
1068 3860 1229 3932 dequibus
1254 3860 1419 3931 loquuntur
1440 3861 1529 3918 rebus
1554 3873 1686 3935 oportere
1704 3881 1767 3925 esse
1792 3883 1853 3927 ser·

102 3960 133 4009 ut
147 3955 268 4020 smtasse
289 3956 373 4009 Usum
401 3955 486 4009 satam
507 3954 562 4008 dici
576 3958 700 4023 oporteat
723 3955 877 4009 essentiam.
900 3957 952 4010 Est
1006 3964 1114 4008 mones.
1139 3950 1218 4016 Quod
1234 3955 1310 4005 reete
1335 3946 1488 4019 Gregorius
1503 3952 1653 4010 attendens
1678 3953 1709 4009 in
1733 3952 1851 4028 prologo

100 4047 244 4100 enimuero
258 4045 333 4098 sotus
348 4047 417 4112 quic
439 4043 669 4098 incommutabilis
684 4048 735 4110 est,
765 4043 849 4112 idque
872 4057 953 4098 suum
1006 4039 1168 4107 Moralium,
1194 4038 1252 4095 ait:
1277 4037 1428 4106 indignum
1458 4037 1628 4096 uehementer
1664 4044 1799 4112 caislimo,
1820 4052 1854 4100 ut

99 4133 310 4205 nomemldoysi
334 4131 499 4199 enuntiavit,
528 4147 588 4186 cum
627 4134 669 4187 cit
683 4148 691 4186 ε
705 4153 719 4182 n
748 4135 806 4201 Ego
824 4147 885 4187 sum
904 4133 953 4203 qui
1005 4130 1088 4184 acrba
1103 4130 1216 4184 coebsiis
1239 4128 1345 4182 oraculi
1358 4129 1523 4195 restringam
1537 4129 1588 4183 sub
1614 4133 1717 4200 regetis
1743 4136 1852 4189 Βεειειι.

99 4238 162 4278 sum
187 4222 287 4292 (and.
305 4236 347 4288 m,
370 4221 426 4294 ll).
442 4242 457 4271 o
473 4220 526 4276 El:
544 4224 646 4276 abices
663 4220 701 4276 ad
728 4237 799 4276 eos:
828 4221 881 4288 Oui
911 4226 989 4293 εειῃ
1005 4217 1058 4275 Sed
1073 4233 1127 4275 nec
1142 4217 1293 4289 proprium
1307 4223 1335 4272 et
1350 4216 1489 4274 usitatum
1512 4231 1617 4275 nomen
1646 4220 1746 4280 Deiad
1775 4221 1853 4280 illam

99 4312 231 4384 misitne
245 4310 338 4365 advos
353 4309 457 4381 (ψει).
471 4330 482 4357 ε
504 4308 665 4364 seccanae
692 4313 749 4364 siue
776 4309 895 4365 essentia
906 4309 949 4364 di·
1005 4307 1122 4363 unicam
1145 4306 1306 4362 divinitatis
1322 4306 1511 4377 majestatem,
1529 4321 1596 4378 quae
1619 4310 1781 4381 excogitari
1795 4325 1853 4367 non

99 4405 190 4466 catur,
217 4415 277 4466 qua
300 4400 413 4470 proprie
449 4398 564 4464 dicitur,
600 4402 656 4452 siae
690 4398 847 4454 substantia
875 4398 951 4465 quod
1004 4395 1088 4464 valet,
1122 4395 1246 4451 necdum
1271 4395 1383 4461 disseri,
1403 4394 1459 4466 ipsi
1481 4396 1582 4467 magni
1614 4396 1778 4469 philosophi
1802 4412 1852 4455 no·

100 4486 224 4556 abusive,
250 4493 398 4558 utrumque
414 4487 452 4541 ad
479 4503 508 4542 se
530 4502 584 4541 non
598 4487 712 4543 relative
728 4488 840 4544 dietus.
872 4486 951 4543 Unde
1003 4491 1109 4541 rerunt
1130 4483 1347 4540 accommodare
1388 4483 1440 4555 qui
1470 4498 1538 4541 cum
1559 4483 1649 4542 Usum
1669 4499 1736 4543 cum
1761 4485 1851 4544 liarte

99 4575 148 4631 boc
168 4581 210 4632 est
226 4579 280 4633 Deo
306 4576 454 4647 essequod
473 4577 633 4646 subsistere,
655 4578 755 4633 etideo
782 4581 807 4633 si
826 4593 883 4633 una
907 4592 950 4631 cs·
1003 4573 1167 4643 nominant,
1199 4586 1287 4644 quem
1319 4572 1439 4629 animati
1481 4573 1587 4630 rationi
1621 4583 1791 4645 supponunt
1817 4576 1852 4634 de

98 4667 189 4721 senno
206 4669 340 4734 trinitas,
355 4667 504 4721 mesiam
529 4667 694 4722 substantia.
720 4667 759 4723 Ue
787 4665 950 4738 quostiam
1003 4664 1146 4720 muudoet
1164 4662 1327 4719 celestibus
1346 4661 1522 4733 corporibus
1542 4663 1628 4735 illud,
1650 4673 1682 4722 ut
1693 4679 1783 4737 supra
1793 4679 1854 4724 me·

96 4755 149 4811 tob
164 4755 242 4826 toqui
257 4769 317 4811 ur:
345 4758 405 4826 lpse
423 4758 494 4810 enim
519 4755 592 4811 sotus
610 4761 649 4810 εει
663 4760 689 4810 ει
709 4770 786 4811 nemo
808 4754 950 4811 aduertere
1003 4753 1151 4816 minimus,
1170 4751 1327 4823 accipiunt.

97 4847 374 4914 potestcopitationcs
394 4845 452 4914 ejns
476 4843 636 4912 (sobnam,
654 4844 708 4916 lt).
1040 4842 1114 4907 Ouid
1142 4842 1241 4911 itaque
1268 4842 1376 4897 mirum
1400 4841 1435 4910 si,
1451 4856 1519 4898 cum
1545 4842 1643 4900 omnia
1669 4842 1853 4904 ineffabiliter

134 4932 238 4989 Exhis
274 4933 375 5005 itaque
398 4934 501 5005 liquet,
533 4947 586 4989 nec
613 4933 701 4991 etiam
720 4931 809 5003 juxta
835 4940 950 4990 sanctos
1004 4930 1188 4989 transcendat
1208 4929 1294 4994 Deus,
1318 4943 1432 4987 omnem
1452 4945 1570 5003 quoque
1594 4932 1877 5005 institutionisbu·¹

98 5021 225 5092 propris,
260 5035 313 5078 nec
336 5021 423 5093 juxta
456 5020 716 5092 philosophosullo
746 5021 831 5078 modo
857 5020 950 5078 ileum
1004 5032 1097 5076 uranus
1110 5030 1272 5074 sermonem
1283 5016 1481 5073 excedatiEt
1504 5031 1572 5074 cum
1597 5020 1661 5091 ojus
1680 5020 1852 5083 excellentis

98 5109 291 5167 substantiam
318 5110 386 5167 dici.
403 5109 483 5167 Patet
512 5110 611 5181 itaquo
630 5124 647 5165 a
669 5117 795 5167 tractatu
827 5109 950 5180 pbiloso-
1004 5118 1118 5164 omnem
1139 5104 1224 5176 longe
1240 5111 1396 5175 exsuperet
1416 5103 1605 5175 intellectum,
1621 5117 1740 5179 proptor
1763 5108 1851 5167 intel·

98 5199 238 5270 phorum,
253 5213 352 5256 rerum
375 5200 506 5256 omnium
524 5205 644 5256 naturas
663 5199 693 5255 in
717 5199 815 5256 decem
846 5200 949 5270 praedi·
1003 5195 1093 5252 lectus
1108 5201 1216 5255 autem.
1242 5207 1328 5251 voces
1358 5200 1428 5250 sunt
1455 5194 1606 5262 institutas,
1631 5196 1704 5268 quid
1715 5197 1852 5256 mirumst

98 5296 232 5346 ramenta
255 5287 505 5358 distribuentium,
520 5287 599 5345 illam
614 5301 761 5346 summam
770 5286 949 5361 majestatem
1004 5283 1166 5341 intellectus
1203 5281 1397 5350 transcendat,
1441 5283 1494 5355 qui
1523 5285 1702 5343 transcendit
1724 5287 1851 5346 causas?

97 5376 324 5436 mscexclusam
342 5377 470 5445 omnino,
494 5391 548 5435 nec
566 5390 625 5434 uno
653 5377 737 5435 modo
756 5377 874 5450 regulas
899 5384 950 5435 aut
1003 5373 1093 5432 multo
1107 5372 1215 5444 quippe
1240 5369 1355 5429 taedius
1380 5384 1427 5428 res
1440 5372 1611 5443 excogitari,
1639 5386 1731 5448 quum
1749 5375 1851 5437 iiamrl

97 5466 421 5529 namhonmsorumad
434 5463 949 5541 iltamsummanratqaetnellsbilem
1002 5463 1089 5523 vitot.
1104 5460 1180 5532 Quid
1203 5459 1290 5519 stiam
1317 5459 1426 5519 mirum
1440 5459 1466 5520 si
1480 5459 1511 5519 iu
1537 5461 1632 5536 seipso
1653 5464 1733 5525 bens
1761 5465 1853 5543 philo
