3804 5962
519 121 673 182 termolis
691 119 899 181 THEOLOGIAE
917 121 1147 183 CHRISTIANAE.
1395 130 1398 137 '
1642 125 1712 201 frte

81 261 118 306 ex
132 247 294 305 hortamen
305 245 384 319 quod
398 242 669 310 institutanclesiae
680 250 805 301 contem-
820 241 846 300 d
861 250 889 302 et
907 243 1033 302 loannes
1043 263 1056 300 .·
1078 245 1155 300 Facit
1177 244 1274 316 dignm
1301 246 1411 314 troctas
1434 241 1605 317 penitentia
1632 236 1708 316 (luc.

83 336 204 394 maliter
214 334 383 408 puniendus
394 349 455 393 esse
464 333 660 391 convincitur.
678 331 706 389 Si
726 347 807 403 vero,
863 349 903 403 ιιι,
924 333 961 406 8).
991 333 1074 391 l'unc
1098 333 1204 405 dignos
1236 332 1347 391 fructus
1380 333 1555 404 poenitentiae
1572 332 1707 404 facimus,

81 440 150 494 nus,
172 425 272 497 aliqua
294 439 385 482 causa
403 424 595 496 praepediente
615 423 651 479 ad
667 424 809 480 minorem
863 424 983 496 quando
1020 424 1098 496 quod
1132 424 1206 480 mele
1238 423 1423 481 commissum
1459 429 1502 479 est
1530 423 1559 478 in
1587 436 1711 493 presen-

83 514 218 572 accedere
241 513 428 582 sacerdotem,
461 513 577 570 accedat
603 512 640 569 ad
659 513 808 585 majorem,
862 511 896 581 ti,
912 512 953 569 sic
978 511 1168 583 expiatur,nt
1183 511 1255 569 ιιιιιιι
1283 511 1313 568 in
1333 511 1433 568 futuro
1457 510 1637 582 expiandum
1666 523 1709 566 re-

96 603 127 660 in
144 601 364 659 Ecclesiastico:
379 604 447 657 Ecce
460 601 585 658 sacerdos
604 616 732 670 magnus,
755 610 808 658 ete.
864 600 1026 672 linquatur.
1044 600 1312 670 Quantumcunque
1336 599 1481 671 siquidem
1500 598 1600 656 futura
1626 611 1712 670 prena

89 708 115 761 ι,
135 691 171 763 l).
199 691 234 747 Et
247 689 398 760 Apostolus
414 690 527 745 :Plures
541 691 610 758 sceti
634 695 700 746 sant
717 705 811 746 socer-
865 702 956 760 parva
975 688 1122 757 subsistat,
1139 688 1267 760 qualibet
1281 697 1377 745 tamen
1395 687 1485 760 hujus
1504 688 1571 744 ritae
1602 687 1713 758 gravis-

82 789 118 839 tc.
138 779 233 852 (Hebe.
248 792 300 848 ιιι,
315 780 377 849 ιιι.
394 777 449 836 Cui
467 778 546 835 enim
566 777 691 835 visibilis
717 792 812 837 sacer·
863 776 938 833 sima
948 777 1065 848 gravior
1078 791 1140 833 esse
1153 777 1350 834 contenditur.
1374 777 1524 842 Quantum
1538 775 1630 847 igitur
1651 774 1713 832 ltu-

81 876 116 938 st,
140 868 176 926 ab
190 882 223 925 eo
242 865 399 924 invisibilis
424 866 544 923 minime
571 865 731 934 abest,imo
760 864 813 939 qui
862 864 912 938 jus
926 864 992 922 ritae
1014 864 1172 922 satisfactio
1192 865 1352 923 necessaria
1379 865 1425 926 sit.
1441 878 1478 921 ex
1492 861 1712 934 predictisple-

80 957 180 1015 nflteri
199 963 228 1014 et
240 971 299 1013 non
315 963 415 1027 potest,
433 954 513 1026 quod
533 954 658 1013 risibilis
680 955 813 1013 sacerdos
865 952 941 1009 niter
955 953 1110 1024 probatum
1128 969 1189 1011 esse
1207 955 1349 1012 existimo.
1374 954 1456 1019 Quod
1484 967 1552 1011 vero
1580 952 1714 1025 gehenna

81 1054 152 1116 aret,
181 1046 236 1103 lroc
259 1045 285 1101 ei
317 1044 471 1102 invisibilis
496 1043 631 1114 supplere
659 1058 813 1115 nunqnam
866 1042 987 1100 remissa
1014 1056 1099 1113 prena
1121 1044 1317 1115 temporaliter
1345 1044 1459 1111 existat,
1485 1042 1516 1098 in
1541 1041 1713 1113 baptismate

80 1142 149 1192 rtur.
176 1132 341 1192 Notandum
368 1146 437 1189 sane
459 1139 501 1188 ιιι
516 1131 594 1202 quod
609 1145 644 1188 ex
662 1132 813 1203 dispensa·
866 1131 1015 1189 manifeste
1028 1140 1157 1203 apparet,
1178 1134 1248 1204 quia
1266 1148 1333 1190 cum
1354 1133 1392 1190 ibi
1408 1133 1550 1205 gehenna,
1580 1144 1646 1202 que
1660 1143 1714 1201 pro

82 1238 181 1295 noque
200 1226 293 1293 potest
319 1220 463 1293 aliquisa
492 1219 668 1278 confessione
693 1235 812 1291 cessare,
866 1220 1001 1292 originali
1030 1229 1154 1293 peccato,
1173 1222 1290 1279 dimissa
1318 1223 1364 1290 sit,
1381 1229 1479 1279 manet
1500 1229 1597 1278 tamen
1622 1219 1712 1277 disso-

80 1319 150 1383 tpter
169 1313 223 1368 hoc
238 1325 296 1368 nou
310 1310 401 1383 magis
417 1310 583 1380 puniendus
597 1310 715 1368 exstitit.
732 1310 814 1378 Quod
866 1308 939 1367 lutio
967 1312 1104 1382 corporis,
1124 1320 1222 1369 manet
1239 1319 1267 1369 et
1286 1325 1441 1369 numerosa
1456 1309 1620 1368 defectuum
1637 1306 1712 1366 mul·

80 1399 244 1472 operpendi
258 1399 341 1457 facile
359 1398 461 1471 liquet.
479 1397 552 1457 Cum
565 1400 642 1457 enim
656 1399 757 1458 Petrus
783 1400 815 1458 in
867 1399 972 1458 titudo.
986 1399 1065 1458 Unde
1081 1399 1266 1473 Augustinus
1280 1401 1316 1459 de
1333 1401 1444 1474 origine
1458 1397 1566 1471 peccati
1583 1415 1589 1454 :
1607 1396 1711 1455 'l’rans-

80 1503 114 1547 ra
132 1488 260 1546 Ecclesia
282 1496 366 1557 esset,
382 1488 432 1544 ubi
456 1502 556 1546 omnes
582 1488 678 1546 adhuc
703 1489 813 1547 infirmi
871 1486 902 1554 it,
917 1488 1024 1560 iuquit,
1051 1497 1144 1559 reatu,
1162 1497 1344 1547 manetactu.
1368 1490 1451 1555 Quod
1476 1488 1638 1546 nonsolum
1661 1485 1710 1543 ob-

80 1590 115 1635 ex
137 1576 351 1649 dispensatione
374 1577 581 1634 confessionem
604 1578 639 1634 de
662 1579 814 1650 negatione
865 1577 1055 1649 jamdictam
1078 1592 1196 1636 causam
1218 1580 1347 1651 contigit,
1359 1580 1420 1649 sed,
1437 1584 1470 1635 ut
1497 1577 1572 1634 idom
1587 1576 1627 1633 ιιι
1646 1574 1713 1633 ¹Au·

80 1676 94 1737 t,
117 1667 189 1738 quia
202 1665 225 1724 si
241 1667 321 1723 hunc
346 1662 438 1723 t'otum
463 1664 594 1722 Ecclesiae
622 1666 814 1723 architectum
868 1667 1113 1739 gustinus,poena
1127 1669 1182 1726 ιιιι
1196 1669 1228 1726 fit
1243 1668 1364 1726 materia
1391 1666 1559 1726 exercendae
1582 1664 1710 1722 virtutis.

80 1755 170 1813 ariter
184 1755 233 1813 alii
255 1754 400 1812 corruisse
414 1754 571 1823 novissent,
587 1754 712 1813 multum
737 1756 766 1812 in
781 1769 814 1814 ιο
868 1754 968 1813 Omnis
982 1756 1091 1828 quippe
1114 1757 1207 1815 virtus
1221 1757 1251 1814 in
1271 1757 1439 1814 infirmitate
1466 1753 1624 1827 perficitur.
1655 1752 1710 1809 lle·

79 1845 152 1903 ficati
174 1845 305 1902 fuissent.
323 1843 407 1909 Quod
433 1851 529 1901 autern
546 1844 654 1902 infirmi
669 1854 763 1903 essent
778 1846 815 1902 ad
869 1850 966 1900 manet
987 1859 1106 1916 qnoque
1117 1846 1170 1902 hac
1184 1846 1218 1902 de
1246 1859 1344 1913 causa,
1360 1854 1393 1903 ut
1408 1845 1449 1901 ait
1466 1845 1540 1900 idem
1571 1841 1713 1915 Augusti-

80 1933 251 2004 lumproui,
277 1934 337 2005 ipse
359 1933 498 1990 Dominus
526 1934 661 2002 ostendit,
690 1934 738 1991 uiri
753 1934 812 1990 ait:
868 1946 935 2000 nus,
961 1946 997 1988 ne
1034 1933 1142 2004 aliquis
1184 1935 1220 1990 ad
1259 1935 1393 2004 baptismi
1431 1938 1645 1997 sacramentum
1674 1928 1712 1986 ad

80 2038 115 2079 ros
134 2023 220 2090 abire,
239 2028 269 2078 at
283 2022 433 2094 implectur
457 2023 603 2093 Scriptura
617 2041 628 2078 .·
643 2053 677 2062 —
693 2025 736 2079 Ec
759 2023 813 2092 lis,
868 2021 1018 2090 presentis
1045 2023 1110 2078 vitae
1145 2022 1390 2080 immortalitatem
1418 2023 1574 2088 accederet,
1602 2027 1629 2076 ιι
1654 2033 1713 2075 nou

80 2111 184 2168 radidit
217 2112 288 2166 mili
311 2113 400 2175 Pater,
430 2126 485 2166 oon
504 2111 621 2182 perdidi
652 2126 815 2180 quenquam
869 2118 985 2180 propter
1006 2111 1106 2179 Deum,
1122 2119 1150 2168 et
1164 2112 1205 2169 sic
1219 2126 1272 2168 uec
1281 2112 1366 2168 istam
1379 2111 1469 2169 vitem
1485 2110 1572 2182 digne
1582 2109 1712 2175 liaberet,

87 2215 167 2268 xvrn,
192 2202 220 2267 8,
244 2199 282 2272 9).
299 2198 390 2271 Super
409 2199 489 2257 hunc
502 2200 608 2257 etenim
634 2199 730 2258 locum
747 2202 815 2259 dicit
869 2211 922 2253 nec
936 2197 972 2253 ad
983 2205 1120 2254 aeternam
1134 2200 1304 2270 perveniret.
1328 2199 1483 2257 Sciendum
1494 2212 1622 2270 quoque,
1634 2195 1712 2268 quod

79 2289 153 2347 tinus
165 2307 172 2343 :
186 2289 251 2346 Non
266 2297 447 2347 eranttantae
475 2289 554 2358 fidei,
571 2289 601 2347 in
626 2304 687 2362 qua
707 2291 816 2348 salvari
869 2299 908 2342 an
921 2293 1036 2355 peccata
1056 2288 1137 2356 prius
1158 2288 1276 2344 dimissa
1292 2297 1387 2359 postea
1408 2289 1536 2356 redeam,
1562 2294 1594 2344 ut
1614 2283 1714 2356 pleris-

79 2387 95 2446 t,
115 2386 143 2437 et
157 2378 221 2436 ideo
246 2380 270 2436 si
298 2387 369 2436 tunc
389 2379 497 2436 mortui
511 2383 614 2449 essent,
642 2380 816 2438 eternaliter
870 2389 927 2446 que
942 2375 1113 2448 ambignum
1128 2377 1259 2434 ridetur:
1277 2380 1355 2449 quod
1378 2377 1496 2450 quidem
1513 2391 1550 2434 ex
1565 2375 1615 2432 illa
1629 2386 1712 2445 para-

79 2465 101 2523 ιι
125 2473 229 2523 esseut.
256 2464 338 2533 Quod
366 2480 436 2522 vero
455 2467 557 2524 Petrus
583 2481 642 2524 non
668 2468 816 2526 confessus
869 2463 1160 2523 bolicasimilitudine
1179 2467 1298 2538 quidam
1308 2466 1453 2524 affirmare
1464 2463 1712 2523 nitunturzscrue

82 2569 118 2612 ex
133 2555 305 2612 auctoritate
324 2554 488 2623 habemus3
515 2556 642 2613 aiteuim
657 2558 710 2614 Leo
724 2571 814 2628 papa:
869 2568 997 2624 nequam,
1018 2569 1095 2610 omne
1120 2554 1241 2610 debitum
1265 2556 1361 2611 dimisi
1387 2557 1450 2610 teet.
1477 2554 1570 2627 Super
1589 2552 1669 2609 lnunc
1689 2549 1714 2605 si

79 2657 126 2700 nas
140 2643 218 2700 Petri
230 2643 297 2715 legi,
312 2643 520 2701 confessionem
535 2658 594 2702 nou
622 2645 750 2703 invenio.
767 2647 817 2704 lle
871 2641 988 2713 quidem
1007 2641 1151 2701 locumait
1163 2642 1355 2714 {lieronymus
1371 2643 1417 2699 :Si
1437 2656 1497 2700 nou
1515 2639 1714 2699 dimiserimus

79 2747 112 2804 go
123 2732 257 2804 lacryma
271 2740 398 2804 peccata,
419 2747 486 2803 quae
497 2732 592 2804 pudor
615 2742 658 2791 est
673 2734 814 2791 confiteri.
870 2745 906 2788 ex
925 2731 1021 2800 corde,
1035 2732 1113 2803 quod
1126 2732 1156 2788 iu
1171 2733 1254 2789 nonis
1268 2731 1459 2804 delinquitur,
1470 2738 1497 2788 ιι
1507 2728 1648 2801 nocquod
1664 2739 1715 2798 per

79 2820 201 2878 ιιιιοιιιιι
223 2820 278 2877 hoc
301 2819 377 2878 idem
407 2821 491 2879 modo
505 2821 546 2877 ihi
575 2821 609 2879 de
627 2822 817 2880 sacramentis
872 2819 1069 2890 poenitentiam
1092 2819 1242 2877 dimissum
1257 2827 1328 2890 erat,
1341 2833 1359 2877 a
1373 2820 1457 2878 nobis
1474 2817 1620 2891 exigitur.
1636 2816 1716 2871 Idem

79 2916 131 2967 nat.
156 2908 311 2981 Gregorius
324 2923 444 2981 qnoque
468 2910 544 2967 hanc
568 2924 657 2982 super
685 2911 816 2969 hocsen·
833 2872 856 2932 ο
872 2923 989 2980 quoque
1008 2908 1108 2966 beatus
1130 2910 1285 2982 Gregorius
1299 2909 1329 2967 in
1354 2909 1483 2981 quadam
1510 2906 1628 2967 nomilia
1661 2906 1713 2963 ait.

79 3012 89 3055 ι
105 2997 223 3070 profert,
248 2998 327 3070 quod
341 2998 458 3056 nullum
467 3006 509 3057 est
539 2999 719 3058 manifestius
742 3001 816 3057 indi·
872 2994 926 3051 Sed
940 2995 1073 3053 sicdebet
1086 2997 1206 3070 intelligi
1221 2998 1300 3070 quod
1310 2999 1410 3058 dicunt
1420 2998 1455 3056 de
1469 2998 1564 3056 reditu
1584 2995 1690 3069 peccati
1706 3011 1714 3050 ε

79 3087 252 3144 remissionis
270 3087 379 3158 peccati
401 3101 491 3159 quarn
516 3086 660 3160 lacryma,
686 3089 757 3161 quia
780 3103 817 3147 er
872 3085 1005 3142 Peccator
1018 3085 1060 3155 fit,
1075 3087 1149 3144 sicut
1161 3087 1243 3158 prius
1261 3095 1331 3156 erat,
1348 3088 1424 3145 etde
1439 3085 1647 3160 ingratitudine
1663 3084 1714 3141 mi-

79 3188 118 3232 rac
141 3174 231 3232 nimio
260 3174 357 3232 dolore
381 3177 489 3246 peccati
519 3177 550 3233 in
583 3177 726 3250 lacrymas
752 3179 818 3251 quis
872 3174 1033 3231 sericorum
1046 3175 1102 3232 sihi
1116 3175 1253 3247 impensae
1267 3177 1361 3249 magis
1371 3191 1439 3233 reus
1452 3176 1586 3233 efficitur.
1611 3177 1647 3232 Et
1662 3174 1717 3230 hoc

79 3264 144 3336 opit,
165 3272 276 3322 certum
290 3271 332 3321 est
350 3264 539 3336 eipeccatum
564 3280 624 3324 esse
652 3267 815 3325 dimissum.
872 3264 1100 3335 estquodaitin
1126 3264 1176 3322 illa
1195 3266 1341 3336 paranola,
1363 3267 1458 3324 Nonne
1485 3266 1607 3336 oportuit
1634 3267 1659 3319 ιι
1687 3268 1715 3320 ιι

78 3354 139 3410 lum
162 3360 258 3412 tamen
285 3353 401 3424 quodsi
426 3355 522 3424 pudor
537 3352 583 3412 ille
606 3355 643 3412 ad
671 3358 818 3428 propriam
871 3354 993 3409 misceri
1007 3357 1130 3411 consevi
1153 3357 1203 3425 toi,
1219 3358 1290 3412 sieut
1314 3361 1340 3411 ιι
1366 3371 1413 3424 epo
1426 3357 1468 3412 ιιι
1490 3358 1618 3410 ιιιιιιιιι
1643 3367 1715 3420 suns,

79 3456 122 3500 am
137 3442 292 3511 referatur,
307 3442 444 3514 superbia
457 3451 519 3514 est;
533 3443 556 3500 si
575 3458 644 3502 vero
672 3445 709 3501 ad
722 3446 818 3503 Eccle-
872 3444 955 3514 quasi
971 3443 1078 3501 diceret
1091 3463 1098 3499 ι
1112 3444 1306 3501 lfisericordia
1318 3443 1356 3517 [e]
1373 3445 1502 3516 impensa
1515 3442 1553 3517 [ι]
1581 3443 1716 3516 ingratus

84 3531 260 3603 dispensatio
283 3531 420 3590 salubris.
453 3532 533 3590 Unde
563 3533 588 3590 si
613 3533 720 3605 aliquis
752 3549 818 3592 cum
873 3532 1019 3600 exstitisti,
1043 3539 1071 3589 ιι
1096 3532 1158 3589 ideo
1183 3546 1242 3589 nou
1275 3533 1369 3590 ιιιιιιι
1395 3534 1473 3601 hinc,
1498 3534 1589 3590 donec
1613 3531 1718 3588 reddas

91 3620 231 3692 principis
254 3629 408 3693 peccasset,
430 3621 476 3680 vel
492 3621 548 3679 tale
560 3621 672 3694 aliquid
696 3623 817 3692 fecisset,
873 3620 1043 3677 universum
1067 3620 1207 3677 debitum.
1231 3621 1405 3679 Universum
1442 3621 1560 3693 quidem
1587 3620 1716 3678 debitum

78 3709 94 3766 ti
113 3710 200 3768 sciret
215 3711 346 3769 Ecclesia
365 3711 432 3769 inde
461 3711 632 3769 scandalum
656 3719 817 3784 pateretur,
873 3709 942 3766 dicit
955 3724 1013 3767 non
1028 3710 1100 3767 illud
1116 3710 1194 3781 quod
1211 3709 1271 3780 jam
1284 3710 1479 3767 condonatum
1500 3717 1580 3779 crat,
1600 3709 1650 3766 sed
1665 3721 1714 3778 po-

78 3799 181 3856 cientia
204 3814 258 3857 sua
274 3801 300 3856 ei
318 3808 482 3869 testaretur,
499 3801 577 3873 quod
591 3801 616 3857 si
643 3802 819 3872 parochiano
873 3799 932 3857 tius
959 3798 1196 3869 misericordiam,
1220 3812 1309 3871 quam
1340 3798 1405 3854 aliis
1432 3799 1599 3869 impendere
1617 3795 1718 3854 debuit

78 3895 150 3945 seret
177 3888 222 3945 ιιι
244 3889 331 3945 etiam
361 3888 450 3946 alieni
478 3889 566 3947 celari
597 3905 655 3949 uon
675 3898 779 3962 posset,
794 3890 818 3948 si
874 3903 925 3959 pro
949 3903 983 3945 ιο
1007 3888 1085 3960 quod
1114 3902 1131 3945 a
1159 3888 1281 3946 Domino
1306 3887 1533 3944 misericordiam
1558 3895 1716 3958 acceperat.

78 3989 197 4049 uquam,
220 3977 432 4049 dispensatione
460 3979 601 4050 reticeret,
622 3994 680 4037 non
702 3989 820 4052 propter
873 3979 954 4036 Unde
976 3985 1003 4034 ιι
1022 3978 1114 4035 alibi;
1136 3977 1192 4044 Quo
1205 3993 1334 4034 mensuro
1359 3980 1444 4033 mensi
1474 3978 1594 4046 scente,
1624 3978 1718 4034 eodem

78 4065 222 4123 temaliter
245 4068 410 4138 puniretur.
434 4067 462 4125 si
490 4082 559 4126 vero
590 4077 707 4140 propter
734 4083 817 4127 suam
872 4069 1029 4123 remetietur
1051 4067 1125 4122 coiis
1146 4067 1224 4139 (luc.
1245 4084 1282 4135 ιι,
1300 4066 1355 4139 38).
1388 4068 1455 4124 llaec
1477 4066 1556 4124 enim
1579 4067 1718 4138 parabola

78 4171 116 4213 tm
140 4169 292 4228 personam
314 4158 368 4214 hoc
381 4157 499 4229 faceret,
516 4173 552 4215 ue
575 4158 682 4216 scilicet
702 4159 817 4217 infamis
833 4161 855 4219 [ι
872 4156 906 4213 de
929 4156 1126 4214 misericordia
1141 4164 1193 4213 est.
1209 4155 1276 4213 Tale
1291 4163 1333 4212 cst
1349 4155 1451 4227 igitur,
1470 4169 1505 4211 ac
1528 4155 1554 4211 si
1584 4155 1716 4211 dicatur:

78 4246 234 4317 emptibilis
248 4247 324 4317 apud
340 4247 411 4305 alios
430 4247 521 4319 fleret,
542 4248 681 4320 superbia
696 4249 814 4321 quidem
872 4244 900 4302 Si
918 4245 983 4302 aliis
1009 4260 1068 4302 non
1092 4245 1181 4303 vultis
1206 4245 1347 4312 misereri,
1375 4244 1449 4301 sicut
1477 4245 1553 4301 licus
1580 4243 1718 4301 misertus

79 4328 269 4386 edamnabile
278 4335 360 4386 esset.
870 4341 912 4391 est
933 4342 1049 4406 peccam
1075 4333 1276 4401 condonando,
1306 4343 1334 4391 et
1364 4335 1446 4390 l’ater
1473 4340 1566 4390 vester
1594 4332 1717 4390 coelestis

264 4453 379 4511 CAPUT
397 4454 531 4514 mvn·
870 4423 926 4482 hoc
937 4424 1066 4498 deltitum
1082 4425 1178 4497 exiget
1193 4438 1211 4481 a
1238 4424 1329 4482 vobis.
1343 4423 1467 4490 Quidam
1478 4423 1579 4481 dicunt
1601 4421 1716 4494 exposi-

870 4520 954 4581 tores,
968 4513 1045 4585 quod
1066 4512 1217 4570 dimissum
1234 4521 1297 4571 erat
1310 4528 1363 4586 per
1382 4512 1578 4584 penitentiam
1592 4527 1611 4569 a
1633 4510 1717 4569 nobis

869 4601 1008 4673 exigitur,
1025 4601 1062 4658 cd
1074 4609 1214 4660 terrorem
1224 4603 1334 4659 dictum
1347 4616 1409 4659 esse
1437 4600 1618 4673 intelligitur.
1636 4598 1718 4665 Quod

102 4683 137 4741 de
160 4685 255 4744 cordis
269 4686 452 4755 contritione,
481 4686 516 4745 de
531 4687 590 4745 oris
629 4689 814 4763 confessione,
870 4698 967 4747 autem
985 4689 1156 4748 universum
1178 4691 1307 4749 debitum
1333 4692 1374 4749 sic
1398 4690 1498 4748 debeat
1526 4688 1657 4762 intelligi,
1685 4695 1719 4746 ut

78 4789 131 4832 um
161 4775 354 4833 satisfactione
366 4775 528 4844 videamus,
545 4791 611 4848 qua
634 4778 738 4850 utique
761 4780 826 4856 ιιι·μ
868 4779 1005 4846 diximus,
1027 4779 1096 4836 inde
1122 4795 1240 4852 quoqne
1265 4779 1378 4851 liquido
1402 4778 1619 4851 comprobatur,
1633 4777 1715 4850 quod

78 4862 193 4921 rutilis
226 4872 269 4922 est
299 4871 416 4935 pmpter
457 4863 645 4935 temporalem
686 4880 813 4937 poeuam,
869 4883 927 4926 non
946 4867 996 4936 ait,
1021 4883 1113 4940 nsque
1137 4869 1172 4926 ad
1187 4869 1324 4940 primum,
1351 4883 1403 4925 seu
1429 4883 1515 4937 osque
1540 4868 1578 4923 cd
1601 4869 1719 4924 omissi-

78 4959 190 5009 manet.
206 4952 462 5024 AEternanamque
478 4967 563 5024 poena
582 4953 722 5024 relaxata,
745 4963 814 5013 tem·
868 4973 941 5012 mum
956 4957 1137 5024 prodientem
1157 4956 1266 5029 (ιιαιιιι.
1283 4972 1312 5026 ι,
1328 4956 1386 5028 ιι),
1414 4956 1485 5028 quia
1504 4957 1538 5013 de
1550 4956 1616 5014 noc
1634 4955 1713 5027 qnod

83 5040 267 5114 relinquetur
280 5042 348 5115 (30),
369 5050 402 5100 ut
419 5042 497 5114 quod
520 5043 628 5101 enimse
644 5043 744 5102 illicita
762 5045 814 5103 de-
868 5054 931 5118 post
955 5046 1105 5102 dimissum
1124 5050 1274 5117 peccatum
1290 5047 1384 5103 durus
1400 5054 1428 5103 et
1453 5045 1617 5103 obstinatus
1644 5059 1714 5119 erga

77 5143 112 5186 ne
135 5144 187 5187 scu
210 5130 301 5187 etiem
317 5131 427 5188 carnali
446 5131 596 5203 voluptate
624 5133 809 5191 commissum
869 5134 1034 5204 proximum
1059 5135 1184 5207 quisque
1203 5135 1323 5205 exstitit,
1352 5135 1418 5192 inde
1444 5135 1572 5208 graviter
1598 5142 1640 5193 est
1662 5149 1715 5206 pn·

77 5218 233 5277 isfactionis
245 5220 441 5291 amaritudine
456 5220 542 5293 digne
561 5230 714 5294 purgetur.
734 5222 814 5282 Unde
868 5223 1001 5281 uiendus.

208 4565 247 4617 lic
261 4577 372 4632 operam
386 4563 585 4630 satisfactione.

77 5393 139 5468 leg.
156 5392 238 5462 forte,
254 5394 434 5461 rcttnqattcr.
