3804 5962
132 211 185 268 367

594 209 700 267 PETRI
719 209 913 267 ABAELAlllll
931 208 1008 268 OPP.
1029 207 1118 266 PARS
1136 209 1159 266 l.
1180 238 1214 252 -·
1233 208 1424 268 EPlSTOLAE.

1830 218 1884 273 368

132 333 279 404 betPatri,
296 334 325 392 id
343 334 478 406 estquod
507 341 550 392 est
577 334 739 392 substantia
762 336 877 392 aPatre
891 335 978 393 hahet
992 337 1017 394 A
1031 333 1153 407 Negavit
1170 335 1248 392 enim
1263 348 1293 391 se
1314 350 1373 392 non
1391 335 1559 407 propnetam
1586 351 1648 411 esso
1683 338 1814 408 omnino,
1834 340 1884 397 sed

132 432 160 481 et
174 424 210 481 ab
226 423 290 495 eJ'us
318 424 481 482 substantia
497 438 506 495 ;
530 437 588 479 non
617 423 813 495 ergoomnino
827 439 980 496 possumus

132 514 225 571 vitare
246 513 454 583 separationem
492 512 585 569 lacere
616 512 833 570 insubstantia
873 523 979 572 sanctae

132 600 289 659 Trinitatis.
304 601 402 658 Restat
421 614 489 672 ergo
502 608 536 658 ut
562 608 639 658 certo
663 601 747 658 modo
771 602 979 673 separationem

133 690 300 762 prohibeat3
330 689 381 760 qui
400 689 504 747 modus
528 690 596 761 quis
615 691 651 747 sit
667 691 798 759 ostendit,
815 707 881 750 cum
906 692 979 750 sub-

133 779 174 836 dit
192 776 461 835 :inhacTrinitate
480 792 510 834 n.
537 792 566 849 p.
584 792 611 834 a.
629 794 656 850 p.
673 795 703 835 n.
728 795 767 836 m.
798 795 826 837 a.
852 795 890 837 m.
908 781 979 838 Con·

133 874 179 926 tra
196 869 297 924 Arium
311 867 420 939 quippe
434 867 548 939 agebat,
564 867 615 939 qui
630 856 825 926 diversitatem
844 869 979 940 inaequa-

128 956 218 1015 litatis
234 957 265 1013 in
292 963 398 1014 sauctae
422 955 573 1013 Trinitatis
595 956 759 1015 substantia
775 958 908 1029 ponebat,
925 960 978 1015 Pa·

129 1053 214 1117 trem,
231 1045 340 1104 Filium
359 1053 387 1102 et
399 1044 537 1116 Spiritum
560 1053 694 1103 sanctum
724 1046 866 1117 gradibus
881 1045 977 1118 digni·

128 1135 196 1193 tatis
214 1136 414 1207 distinguens..
433 1134 498 1191 Ideo
526 1148 594 1205 ergo
619 1134 707 1192 dicit:
729 1135 806 1193 Totae
830 1142 888 1192 tres
911 1148 979 1206 per-

128 1240 207 1284 souae
234 1233 384 1284 coaeternae
415 1225 470 1282 sibi
488 1233 557 1283 sunt
579 1232 608 1284 et
635 1226 795 1298 coaequales
823 1241 832 1296 ;
858 1224 978 1282 sienim

129 1323 286 1385 masternae,
309 1314 383 1371 nihil
407 1315 488 1386 prius
501 1322 552 1372 aut
575 1314 736 1387 posterius;
766 1314 790 1371 si
804 1313 976 1386 coequales,

1036 423 1194 494 simplicem
1207 425 1387 496 propnetam,
1403 426 1474 497 quia
1489 426 1555 497 plus
1569 441 1659 498 quam
1674 429 1814 499 propheta
1829 429 1884 486 luit

1035 513 1085 570 uhi
1108 528 1174 584 quae
1206 515 1379 584 praedixerat
1402 516 1537 572 ostendit.
1562 518 1606 573 lta
1628 517 1718 588 igitur
1736 517 1824 574 ethic
1840 518 1883 574 di-

1034 603 1159 659 cendum
1178 611 1302 661 osteum
1325 619 1384 660 non
1398 604 1515 661 omnino
1539 613 1596 662 tres
1615 614 1738 663 aeternos
1762 621 1883 679 negasse

1034 692 1083 748 sed
1123 707 1155 749 co
1184 694 1384 750 tantummodo
1410 709 1469 766 quo
1511 694 1598 752 Arius
1623 695 1794 764 affirmabat,
1830 697 1882 767 qui

1033 795 1200 839 mensuram
1223 783 1391 840 aeternitatis
1414 783 1444 839 in
1461 784 1590 852 personis
1611 785 1752 842 variabat.
1773 776 1883 842 AEterni

1033 871 1109 927 enim
1141 880 1224 929 erant
1238 870 1399 942 pluraliter,
1421 871 1495 930 sicut
1520 873 1617 943 plures
1634 889 1680 931 res
1707 883 1832 944 aeternae,
1849 883 1878 931 et

1033 961 1133 1018 aetcrni
1159 969 1251 1024 erant,
1283 969 1315 1018 ιιι
1346 961 1492 1019 eternitas
1516 963 1546 1019 in
1580 963 1621 1020 eis
1648 963 1731 1022 varia
1766 964 1881 1020 videre-

1033 1057 1092 1107 tur.
1108 1050 1189 1106 Dicat
1203 1049 1307 1106 melius
1330 1049 1382 1121 qui
1398 1058 1498 1122 potest.
1523 1051 1584 1123 Ego
1595 1052 1700 1110 melius
1714 1066 1772 1109 non
1785 1053 1878 1110 valeo.

1034 1139 1087 1197 Sed
1096 1154 1191 1211 neque
1207 1140 1285 1210 quod
1298 1140 1361 1196 dico
1376 1140 1541 1211 importune
1569 1141 1701 1199 delendo.
1717 1143 1769 1199 Dic
1784 1150 1813 1199 et
1836 1149 1877 1210 tu,

1033 1236 1131 1286 sancte
1159 1228 1274 1296 isidore,
1303 1229 1497 1287 Ecclesiarum
1525 1231 1612 1287 totius
1641 1232 1786 1302 Hispaniae
1816 1246 1880 1287 ma-

1034 1317 1131 1386 gister,
1162 1318 1233 1389 quid
1261 1317 1296 1374 de
1319 1318 1482 1376 substantia
1509 1325 1615 1376 sanctae
1643 1320 1791 1377 Trinitatis
1815 1335 1880 1376 sen·

128 1404 201 1463 nihil
218 1405 314 1476 majus
329 1413 379 1461 aut
409 1403 515 1461 minus.
535 1407 614 1461 lianc
629 1405 720 1477 igitur
743 1404 884 1462 Arianam
896 1416 977 1475 sepa·
1033 1406 1163 1464 tiendum
1192 1406 1363 1464 decreveris.
1387 1407 1542 1464 «Trinitas
1571 1408 1722 1479 appellata,
1735 1410 1811 1480 quod
1827 1408 1878 1465 siat

128 1494 321 1566 parationem,
337 1501 437 1550 contra
456 1507 546 1565 quam
570 1493 684 1565 agebat,
710 1493 873 1550 secundum
902 1492 980 1550 ride
1033 1502 1125 1553 totum
1143 1510 1236 1553 unum
1251 1510 1288 1552 ex
1302 1496 1477 1567 quibusdam
1494 1496 1596 1554 trihus.
1611 1498 1703 1555 oltem
1717 1515 1724 1554 :
1738 1519 1748 1547 ι
1763 1499 1882 1555 Pateret

128 1583 195 1640 lieet
221 1583 346 1655 gradum
374 1582 597 1648 distinctionem,
629 1583 804 1640 Athanasius
835 1581 976 1654 prohihet,
993 1578 1015 1633 B
1033 1584 1125 1642 Filius
1136 1590 1164 1642 et
1178 1584 1301 1656 Spiritus
1313 1594 1431 1642 sanctus
1452 1584 1578 1642 Trinitas
1602 1592 1630 1642 ot
1652 1586 1769 1656 unitas3
1785 1587 1881 1642 unitas

84 1699 94 1752 3
128 1686 196 1729 nam
211 1672 330 1730 omnino
357 1672 566 1743 separationem
591 1687 649 1729 non
673 1672 775 1741 autent,
801 1672 852 1730 ubi
867 1685 916 1729 eas
931 1685 979 1728 co·
1033 1682 1149 1745 propter
1173 1674 1331 1747 maJestatis
1356 1675 1603 1741 communionem,
1626 1675 1751 1731 Trinitas
1765 1684 1881 1746 propter

128 1770 250 1819 aetornas
264 1768 292 1818 ct
314 1760 475 1832 cooequales
493 1760 573 1817 dicit.
589 1762 667 1818 enim
681 1760 853 1833 coaequales,
869 1767 978 1819 suntet
1032 1776 1222 1835 personarum
1246 1763 1458 1834 proprietatem,
1484 1762 1593 1834 paritor
1614 1763 1738 1835 simplex
1763 1766 1881 1834 pariter·

128 1849 919 1923 aequales3equalitasautemsemperinterplureest,
935 1849 980 1906 ni·
1032 1866 1090 1930 que
1115 1852 1350 1910 incommutabile
1382 1851 1494 1910 honum
1525 1860 1553 1909 et
1582 1860 1769 1910 coaeternum.
1797 1854 1881 1910 Pater

129 1940 169 1999 hil
179 1940 256 1998 enim
269 1940 324 1997 sibi
335 1939 506 2011 aeqnaleest,
517 1939 600 1996 beato
610 1938 978 1998 Ambrosiodicente:«Ne·
1031 1940 1110 1998 solus
1125 1956 1184 1998 non
1210 1948 1252 1998 cst
1280 1941 1315 1997 de
1339 1941 1406 2010 alio,
1438 1940 1500 1997 ideo
1528 1940 1607 1998 solus
1629 1940 1880 2012 appellaturinge·

128 2046 176 2088 mo
190 2030 251 2102 ipsc
265 2029 320 2086 sibi
333 2029 412 2086 solus
428 2027 551 2100 equalis
564 2036 616 2086 est.
633 2050 648 2080 i>
669 2032 743 2087 lium
760 2029 852 2101 igitur
866 2029 896 2085 in
910 2028 978 2086 sule
1031 2030 1120 2098 nitus,
1156 2029 1246 2087 Filius
1275 2030 1354 2087 solus
1379 2030 1414 2086 de
1437 2031 1521 2086 Patre
1546 2037 1590 2086 est
1616 2038 1715 2097 natus,
1743 2030 1881 2087 divinitas

128 2118 236 2176 stantia
251 2124 358 2175 sancte
372 2116 523 2174 Trinitatis
544 2116 740 2189 aqnalitatcm
773 2125 802 2174 et
826 2115 978 2174 ooaeterni-
1030 2132 1089 2175 ιιοιι
1111 2117 1366 2189 triplicaturqnia,
1396 2118 1421 2175 si
1447 2119 1617 2188 triplicatur,
1645 2119 1764 2177 deornm
1790 2120 1881 2176 indu-

127 2205 321 2279 tatempontt,
341 2205 534 2276 incautique
556 2206 768 2277 separationem
803 2204 977 2276 pluralitatis
1030 2206 1124 2264 cimus
1145 2206 1348 2278 pluralitatem.
1379 2206 1489 2264 Nomen
1515 2216 1611 2265 autem
1643 2208 1764 2265 deorum
1785 2209 1815 2264 in
1831 2223 1878 2265 ae·

127 2297 276 2368 relinquit.
323 2294 376 2352 Sed
416 2294 572 2367 prioritatis
615 2298 642 2352 el
677 2293 897 2366 posterioritatis
924 2306 976 2364 per
1031 2295 1102 2366 gelis
1122 2303 1151 2353 et
1181 2296 1288 2352 sanctis
1312 2295 1478 2354 hominibus
1510 2296 1573 2354 ideo
1589 2297 1740 2368 pluraliter
1761 2297 1878 2366 dicitur,

127 2394 314 2453 coaeternum,
331 2383 504 2441 minoritatis
529 2391 557 2440 et
569 2383 742 2454 majoritatis
758 2383 867 2454 gradus
883 2382 978 2438 dicen·
1031 2385 1108 2455 quod
1132 2399 1190 2443 nou
1216 2384 1274 2442 sint
1302 2386 1403 2443 merito
1429 2386 1563 2457 aequales.
1589 2387 1629 2444 lie
1654 2389 1737 2444 Patre
1764 2396 1792 2444 et
1807 2387 1878 2443 Filio

128 2476 164 2534 do
188 2473 349 2547 coequales
362 2473 530 2546 exstinguit.
558 2471 640 2536 Quod
659 2479 756 2528 autem
791 2485 882 2528 unam
918 2485 976 2528 non
1029 2481 1058 2530 et
1079 2473 1187 2545 Spiritu
1209 2482 1308 2532 sancto
1337 2482 1451 2546 propter
1469 2489 1559 2532 unam
1584 2482 1612 2533 et
1635 2475 1777 2547 equalem
1804 2475 1876 2532 diri·

127 2565 316 2638 singulariter
342 2562 533 2621 substantiam
560 2560 608 2618 sed
635 2575 686 2632 per
705 2560 923 2618 similitudinem
948 2569 976 2620 et
1030 2562 1149 2620 nitatem
1164 2578 1221 2621 non
1239 2577 1343 2620 nomen
1363 2564 1494 2630 deorum,
1522 2564 1570 2620 sed
1594 2564 1644 2620 liei
1669 2578 1728 2622 esse
1751 2563 1875 2621 ostendi·

128 2655 324 2728 actualitatem
340 2652 427 2719 dieat,
447 2648 596 2708 manileste
614 2650 801 2720 demonstrat,
826 2664 893 2706 cum
907 2650 977 2708 dicit
1030 2657 1088 2709 tur.
1115 2651 1198 2709 Fides
1209 2652 1287 2723 apud
1303 2652 1415 2709 Graecos
1445 2653 1498 2709 lroc
1513 2653 1597 2709 modo
1615 2660 1658 2710 est
1679 2668 1686 2708 :
1713 2653 1775 2709 Una
1798 2652 1874 2720 usia,

131 2746 223 2803 «Una
251 2741 398 2802 divinitas.
433 2739 554 2811 equalis
594 2739 696 2811 gloria,
734 2748 875 2797 coeterna
917 2752 977 2796 ma·
1030 2753 1064 2797 ac
1091 2740 1212 2797 sidicat
1237 2742 1715 2812 unanaturaautnnaessentia,
1741 2750 1797 2799 tres
1819 2740 1877 2812 hy·

125 2835 223 2909 jestas.
241 2854 255 2888 o
271 2832 331 2890 Nisi
357 2830 434 2888 enim
460 2829 633 2901 priusquam
661 2843 750 2886 unam
771 2829 854 2896 dixit,
873 2828 975 2886 subdi·
991 2878 1013 2934 c
1029 2836 1166 2900 postases,
1182 2830 1260 2900 quod
1276 2838 1390 2886 resonat
1418 2831 1447 2886 in
1469 2831 1604 2887 Latinum
1627 2831 1673 2888 vel
1702 2839 1760 2888 tres
1783 2845 1877 2902 perso-

128 2927 216 2983 disset
233 2940 239 2979 :
257 2942 271 2973 ‹
286 2920 408 2992 aequalis
418 2918 521 2990 gloria,
537 2925 680 2975 coeterna
694 2917 839 2989 majestas,
857 2939 872 2969 »
885 2932 974 2976 unam
1031 2931 1084 2976 nas
1099 2919 1145 2975 vel
1169 2927 1227 2976 tres
1251 2918 1399 2975 essentias.
1418 2939 1429 2968 ι
1455 2920 1568 2977 Audisti
1594 2919 1761 2977 Trinitatem
1786 2934 1876 2977 unam

128 3029 165 3072 ex
193 3009 400 3071 consuetudine
429 3007 458 3064 id
488 3015 530 3064 est
556 3007 734 3079 singularem
758 3008 975 3079 acciperemus;
1030 3022 1091 3064 esse
1106 3016 1223 3079 propter
1246 3007 1647 3079 majestatiscommunionem
1662 3049 1671 3079 ,
1687 3023 1746 3065 non
1761 3017 1877 3080 propter

128 3105 177 3161 sed
205 3103 258 3159 hoc
277 3112 395 3172 prorsus
412 3096 516 3165 aufert,
541 3111 608 3153 cum
627 3095 718 3153 dicit:
752 3096 902 3168 «aqualis
919 3096 977 3169 glo
1031 3097 1876 3169 majestatissingularitatemquodenimsingnlare‚nullo

127 3188 317 3261 ria‚etquod
340 3200 433 3244 unum
462 3186 623 3243 secundum
651 3184 977 3257 equalitatemaccepe·
1030 3186 1114 3242 modo
1150 3201 1304 3243 commune
1331 3193 1383 3254 est,
1408 3194 1436 3244 et
1459 3186 1538 3257 quod
1574 3201 1727 3245 commuue
1750 3189 1877 3254 estsin-

127 3282 177 3350 rit,
197 3278 334 3334 declarat.
364 3275 443 3332 Siout
467 3277 566 3332 eutem
579 3274 770 3341 ostendimus,
800 3275 973 3346 quodcum
1030 3275 1132 3347 gulare
1156 3289 1217 3332 esse
1246 3289 1306 3332 non
1347 3282 1448 3346 potest.
1470 3275 1601 3346 llajestas
1635 3276 1726 3348 igitur
1753 3275 1875 3333 Trinita-

127 3370 164 3428 de
177 3366 358 3438 separatione
378 3364 547 3422 substantiae
562 3371 671 3435 ageret,
700 3378 759 3421 non
778 3378 892 3420 omnem
908 3378 975 3421 eum
1030 3362 1075 3431 tis,
1098 3363 1168 3435 quia
1195 3363 1359 3421 communis
1380 3371 1433 3433 est,
1460 3363 1603 3435 quomodo
1629 3363 1787 3436 singularis
1812 3379 1873 3421 csse

127 3457 336 3530 separationem
362 3453 514 3525 accepisse,
540 3453 589 3510 sed
615 3452 695 3509 illam
721 3452 810 3510 solam
838 3453 976 3510 Arianam
1030 3451 1144 3522 potest?

126 3562 178 3620 per
191 3546 335 3619 graduum
356 3543 463 3600 scilicet
480 3542 703 3609 distinctionem,
734 3542 774 3598 ita
793 3556 975 3613 summopere
1065 3539 1178 3597 Audisti
1205 3540 1291 3598 etiam
1320 3541 1390 3612 quia
1404 3554 1510 3598 nomen
1529 3540 1591 3598 ideo
1606 3541 1641 3598 de
1655 3541 1794 3598 Trinitate
1818 3539 1876 3596 sin-

51 3670 54 3674 ·
125 3634 355 3709 perquirendum
369 3640 420 3699 est,
436 3646 504 3689 cum
519 3631 587 3688 dicit
603 3647 637 3687 z«
663 3645 722 3688 non
737 3639 794 3688 tres
810 3630 911 3688 aeterni
926 3632 976 3688 sed
1030 3629 1171 3700 gulariter
1192 3629 1298 3686 dicitur
1321 3637 1438 3700 propter
1458 3629 1600 3700 equalem
1615 3629 1806 3696 divinitatem,
1828 3643 1875 3700 ne,

125 3741 206 3785 unus
219 3730 354 3791 eternus,
373 3743 384 3771 ι
408 3729 507 3778 utrum
531 3720 704 3777 omnimodis
734 3719 975 3792 multiplicitatem
1029 3718 1052 3773 si
1066 3717 1216 3788 pluraliter
1225 3717 1402 3787 dicerentur,
1421 3716 1602 3789 inequalitas
1616 3717 1778 3774 divinitatis
1794 3717 1876 3774 intel·

124 3813 294 3875 aeternitatis
313 3818 459 3869 removeat
474 3824 511 3867 an
526 3810 706 3867 certoniodo.
726 3808 754 3865 Si
768 3809 845 3866 enim
856 3809 975 3866 omnino
1029 3805 1177 3880 ligaretur.
1194 3806 1249 3863 Sed
1264 3806 1401 3864 divinitas
1417 3806 1564 3863 Trinitatis
1585 3816 1668 3864 extra
1690 3821 1720 3864 se
1732 3806 1873 3878 aequalem

126 3910 248 3963 aeternos
269 3901 324 3959 dici
347 3913 429 3971 posse
452 3906 550 3971 nogat,
573 3898 628 3955 sibi
656 3897 708 3970 ipsi
737 3897 900 3955 contrarius
919 3904 973 3968 est,
1028 3895 1219 3952 noninrenit.
1236 3896 1267 3952 ln
1280 3895 1875 3968 ipsaigiturTrinitatedivinitasaequalis

126 3995 176 4065 qui
197 4000 255 4050 tres
271 4002 408 4062 personas
430 3995 552 4045 aeternas
579 3987 706 4056 vocavit,
735 3986 832 4042 dicens
857 3999 906 4043 eas
924 4002 973 4044 co·
1028 3984 1207 4042 divinitatem
1215 3983 1327 4042 invenit
1339 3984 1481 4056 aequatem
1494 4001 1501 4054 3
1515 3985 1676 4055 pluravero
1689 3985 1815 4057 aequalia
1826 3999 1872 4043 res

125 4086 258 4140 tetemas.
274 4079 301 4136 Si
317 4079 395 4136 enim
410 4085 569 4146 coaeternae,
595 4083 664 4132 sunt
685 4083 714 4132 et
741 4084 874 4145 eternae3
901 4093 974 4150 quo·
1027 4074 1144 4144 singula
1157 4083 1185 4131 et
1208 4073 1449 4145 nnicaqnomodo
1462 4088 1522 4131 esse
1537 4076 1634 4144 possit,
1653 4088 1711 4131 non
1728 4075 1821 4132 video.
1838 4074 1875 4132 Ut

123 4171 209 4229 modo
234 4182 304 4238 ergo
326 4181 385 4223 non
405 4173 461 4223 tres
490 4165 601 4232 aeterni,
624 4164 649 4220 si
679 4172 735 4221 tros
757 4164 813 4220 illae
843 4179 970 4236 personae
987 4160 1010 4217 ll
1026 4163 1116 4235 igitur
1131 4163 1195 4220 lidei
1213 4163 1384 4221 Christiane
1407 4165 1491 4222 navis
1513 4164 1587 4221 inter
1602 4171 1760 4235 utrumque
1772 4178 1874 4235 scopu·

124 4256 459 4316 suntaeternaeisseatus
479 4253 565 4311 etiam
584 4253 769 4326 Augustinus
787 4254 971 4312 Dedoctrina
1024 4249 1087 4309 lum
1125 4266 1246 4309 currens
1273 4252 1364 4309 illaesa
1391 4261 1581 4323 pertranseat,
1617 4267 1799 4324 summopere
1827 4267 1874 4310 ca·

123 4347 287 4408 Christiana
306 4345 389 4402 etDe
418 4357 510 4415 agone
535 4342 698 4400 Christiano
722 4349 845 4399 aeternas
871 4343 970 4414 plura·
1024 4341 1152 4398 noudum
1182 4355 1217 4399 ne
1231 4341 1268 4398 ad
1297 4339 1465 4398 sabelliana
1496 4342 1706 4413 singularitatis
1733 4342 1871 4414 lapidem,

122 4435 187 4495 liter
210 4434 346 4506 appellat,
374 4433 472 4490 dicens
492 4448 499 4488 :
528 4453 539 4482 ι
569 4432 603 4488 Ιιι
622 4430 759 4488 omnibus
781 4431 871 4504 igitur
885 4432 971 4490 rebus
1025 4429 1055 4486 in
1071 4444 1131 4502 qua
1147 4432 1262 4486 Patrem
1284 4429 1468 4487 incarnatum
1484 4438 1512 4488 et
1531 4445 1648 4501 passum
1661 4432 1742 4490 lateri
1759 4447 1872 4490 necesse

122 4525 181 4583 illae
194 4533 274 4592 sunt,
289 4523 400 4595 quibus
414 4520 633 4588 iruendumest,
650 4534 724 4592 quas
738 4527 861 4578 aeternas
882 4529 970 4592 atquc
1024 4526 1075 4583 est,
1102 4517 1238 4586 olieudat,
1252 4532 1348 4590 neque
1363 4520 1478 4576 Arianae
1500 4520 1676 4591 pluralitatis
1695 4522 1870 4591 pericnlum,

122 4613 372 4673 incommutabiles
387 4611 526 4669 diximus.
544 4631 559 4661 ι
575 4610 890 4667 Praedineratenlm:«
915 4611 971 4668 Ros
1024 4622 1074 4679 per
1101 4607 1182 4678 prius
1199 4615 1226 4665 et
1248 4607 1400 4678 posterius,
1424 4622 1475 4680 per
1498 4608 1595 4680 maius
1615 4617 1642 4667 ct
1678 4611 1776 4667 minus
1800 4611 1873 4669 sub-

121 4703 232 4776 quibns
243 4702 369 4760 lruimur
383 4700 467 4757 Pater
482 4703 510 4757 et
524 4698 614 4756 Filius
629 4706 657 4755 ot
674 4698 799 4769 Spiritus
811 4706 939 4756 sanetus.
956 4720 966 4748 ι
1024 4696 1161 4754 stantiam
1184 4697 1337 4766 variando,
1366 4696 1507 4764 incurrat,
1526 4707 1614 4770 atque
1630 4698 1749 4756 deorum
1775 4698 1872 4771 plura·

121 4793 200 4851 idem
216 4794 256 4849 De
271 4805 363 4864 agone
381 4788 543 4846 Christiano
560 4805 567 4846 :
587 4807 602 4840 tt
622 4774 773 4844 Crodimus
800 4787 829 4842 in
856 4789 969 4845 Patrem
1024 4786 1132 4843 litatem
1161 4785 1330 4843 enormitate
1359 4786 1507 4846 varietatis
1542 4788 1670 4846 inducat.
1702 4787 1759 4844 Soli
1790 4791 1869 4848 enim

121 4881 268 4938 etlilium
290 4888 317 4936 et
347 4877 484 4948 Spiritum
511 4885 655 4934 sanctum.
681 4877 748 4932 llaec
778 4882 885 4932 aeterna
900 4883 969 4934 sunt
1022 4874 1155 4931 Trinitati
1174 4874 1236 4932 idco
1266 4876 1316 4932 liei
1341 4876 1500 4949 singularis
1525 4890 1668 4935 numerus
1688 4876 1806 4935 relictus
1818 4887 1871 4949 est,

119 4968 366 5037 atimmntabilia·
393 4967 419 5022 Si
441 4966 530 5038 igitur
556 4965 609 5023 iste
632 4971 755 5021 aeternas
781 4965 899 5021 omnino
920 4980 968 5023 nc·
1023 4970 1056 5021 ιιι
1086 4963 1116 5022 iu
1144 4978 1179 5022 ea
1202 4972 1230 5022 et
1257 4965 1334 5022 intra
1357 4978 1421 5023 eam
1442 4965 1637 5024 omnimodam
1674 4966 1871 5036 equalitatem

120 5064 180 5128 gat,
205 5060 233 5112 et
259 5055 313 5112 sibi
340 5063 368 5111 ct
395 5054 560 5126 Augustino
586 5052 725 5110 veraciter
744 5061 898 5124 repugnat.
924 5053 970 5110 Di·
1022 5053 1174 5125 significet.
1206 5054 1377 5112 Hominibus
1413 5069 1483 5113 vero
1508 5055 1571 5112 ideo
1600 5054 1753 5126 pluraliter
1773 5056 1870 5124 dator,

118 5144 242 5202 cendum
277 5152 319 5200 est
359 5157 428 5214 ergo
460 5149 488 5199 et
516 5150 640 5199 aeternas
666 5155 727 5200 esse
757 5141 909 5212 pluraliter
940 5150 968 5200 et
1023 5149 1124 5200 utnon
1145 5142 1220 5199 idem
1245 5143 1381 5202 meritum
1407 5158 1460 5201 nec
1485 5143 1616 5213 ejusdem
1641 5144 1791 5215 dignitatis
1810 5159 1872 5202 esse

118 5231 331 5306 quodammodo
361 5246 419 5289 non
445 5245 517 5288 esse.
544 5231 590 5287 Sic
615 5231 704 5300 euim,
737 5245 804 5288 cnm
827 5232 967 5289 loannem
1021 5237 1208 5299 monstretur,
1237 5236 1289 5288 ut:
1322 5235 1381 5302 Ego
1409 5233 1494 5289 diei:
1509 5234 1555 5287 liii
1581 5235 1646 5289 estio
1666 5232 1756 5305 (Prot.
1771 5248 1870 5304 cxxxi,

118 5320 251 5378 Salvator
276 5317 446 5390 prophetam
475 5318 595 5387 diceret,
611 5318 658 5376 ille
681 5333 710 5376 se
735 5318 903 5391 propnetam
919 5333 967 5378 ne·
1021 5319 1060 5392 c),
1076 5327 1123 5378 et:
1139 5320 1228 5391 Audi,
1245 5323 1342 5391 lsrael,
1368 5324 1500 5378 Dominae
1523 5324 1592 5378 Deus
1618 5327 1683 5378 tuus
1702 5325 1775 5380 Deus
1799 5339 1872 5380 onae

118 5409 207 5483 gavit.
234 5408 298 5478 Sed,
337 5415 370 5465 ut
393 5421 490 5480 neque
516 5422 611 5480 preco
642 5408 774 5466 veritatis
795 5408 965 5480 mentiatur,
1020 5414 1061 5468 est
1076 5409 1164 5482 (deut.
1185 5425 1225 5481 vr,
1249 5411 1288 5483 4).
1312 5413 1413 5483 ltaque
1426 5425 1495 5469 cum
1518 5411 1554 5469 de
1572 5412 1680 5471 divinae
1701 5412 1873 5471 substantiae

116 5497 174 5557 alio
196 5498 280 5557 modo
309 5496 429 5570 negavit
454 5495 513 5566 ille,
534 5497 593 5556 alio
617 5497 702 5556 modo
729 5495 887 5558 adfirmavit
914 5497 966 5558 iste
1020 5498 1133 5563 unitate
1152 5499 1316 5573 mmmmm
1338 5499 1502 5572 videamur,
1535 5508 1569 5561 tu
1595 5500 1715 5575 quidem
1734 5501 1769 5561 de
1788 5501 1872 5576 irge-
