3804 5962
70 313 125 370 275
528 309 634 368 PETRI
652 310 843 369 hanutum
861 309 937 368 OPP.
956 306 1049 366 Phlts
1066 308 1090 363 l.
1111 336 1145 349 -
1163 302 1356 362 helsrohm.

71 444 150 497 ctum
165 436 195 494 in
210 434 271 508 ipso
290 434 421 493 Ecclesia
442 435 586 492 nascentis
611 438 739 507 exordio,
765 445 798 496 ut
818 450 916 494 mona·
930 440 954 491 lt
969 440 1027 503 tur,
1041 432 1149 505 judicio
1166 430 1210 487 sui
1225 427 1351 499 episcopi
1369 424 1580 495 comprobetur.
1601 423 1701 481 Vestes

70 526 165 585 storiis
185 527 358 583 laminarum
381 525 554 581 monasteria
576 540 635 581 non
660 527 753 583 desint
774 527 915 596 virorum,
971 531 1026 588 illae
1054 532 1154 586 iisdem
1183 527 1319 585 coenobiis
1347 525 1463 591 iaciant,
1494 538 1511 579 a
1541 523 1649 593 quihus
1670 522 1710 578 tui

71 624 100 675 et
128 631 178 688 per
197 615 326 688 ciusdem
353 615 499 686 religionis
514 616 590 672 viros
613 618 710 672 omnia
737 617 917 674 extrinsecus
970 625 1147 690 exspectant.
1179 617 1223 672 Ab
1247 615 1346 671 iisdem
1373 614 1477 680 desino,
1513 619 1545 668 ut
1571 612 1707 682 praedictu

70 706 184 763 leminis
198 704 446 761 administrentur.
464 705 499 760 Et
520 712 589 760 tunc
608 705 732 774 proiecto
742 705 917 762 monasteria
969 708 1102 765 laborum
1119 707 1239 772 tructus,
1262 713 1290 760 et
1304 702 1515 774 procurationis
1542 700 1711 773 suffragium

69 794 246 852 laminarum
275 793 598 864 firmiuspropositisui
628 792 794 865 religionem
823 794 918 850 obser·
971 806 1074 869 pturae.
1099 797 1179 852 lianc
1215 809 1265 850 nos
1289 794 1387 862 itaque
1417 791 1627 861 providentiam
1657 805 1711 861 seq

70 897 141 943 vare
161 883 313 950 credimus,
338 883 362 939 si
377 882 552 954 spiritalium
584 885 713 939 virorum
738 883 918 954 providentia
971 885 1144 943 monasteria
1189 883 1361 940 leminarum
1393 879 1573 936 monasteriis
1614 879 1711 936 viroru

66 972 280 1046 gubernentur,
310 980 337 1029 et
363 971 438 1028 idem
466 982 525 1029 tam
552 971 652 1029 ovium
681 986 770 1044 quam
794 974 917 1030 arietum
971 988 1083 1045 semper
1097 988 1158 1030 esse
1182 973 1310 1042 subjecta
1334 971 1480 1037 volumus,
1507 976 1684 1025 utsororum

70 1070 169 1133 pastor
182 1063 386 1125 constituatur,
410 1061 507 1132 utqui
522 1059 655 1118 videlicet
681 1061 753 1119 viris
770 1061 830 1132 ipse
844 1077 916 1133 quo·
971 1063 1074 1121 tratres
1084 1070 1181 1135 agant,
1198 1070 1225 1119 et
1241 1076 1317 1118 unus
1328 1060 1461 1129 utrisque
1473 1067 1612 1129 tanquam
1637 1064 1711 1127 patet

71 1165 128 1222 que
143 1149 240 1220 praesit
263 1149 386 1217 leminis,
411 1157 439 1206 et
464 1163 585 1219 semper,
616 1150 703 1221 juxta
731 1152 915 1221 apostolicam
971 1154 1072 1220 sideat,
1088 1154 1123 1207 ad
1135 1152 1220 1222 cuius
1233 1146 1442 1220 providentiam
1464 1157 1590 1216 utraque
1606 1153 1711 1216 spectet

69 1239 288 1303 institutionem,
330 1245 417 1309 caput
446 1239 574 1296 mulieris
600 1239 637 1296 sit
662 1239 717 1308 vir,
757 1241 833 1298 sicut
861 1242 917 1298 viri
972 1242 1107 1309 nastcria,
1124 1248 1151 1297 et
1167 1248 1358 1310 utrorumque
1382 1238 1411 1293 in
1427 1236 1549 1293 Domino
1576 1236 1660 1307 quasi
1675 1250 1711 1292 un

70 1327 210 1394 Christus,
241 1335 268 1384 et
291 1326 396 1384 Christi
430 1328 516 1384 Deus.
543 1328 624 1386 Unde
651 1337 678 1385 et
710 1330 916 1387 monasterium
970 1331 1296 1400 ovileetunuspastor.
1313 1327 1381 1394 Quae
1410 1325 1531 1397 quidem
1552 1324 1687 1395 spiritalis

71 1415 161 1473 beata
176 1415 355 1472 Scholastica
380 1416 410 1472 in
427 1416 602 1487 possessione
624 1417 747 1474 lratrum
772 1426 918 1475 monaste·
971 1420 1069 1475 nitatis
1083 1419 1203 1475 societas
1231 1426 1310 1473 tanto
1326 1417 1434 1488 gratior
1450 1423 1508 1471 tam
1534 1415 1591 1470 Deo
1618 1426 1708 1482 quarn

70 1504 105 1562 rii
126 1505 215 1562 situm
234 1505 333 1562 fratris
356 1519 473 1576 quoque
493 1506 674 1576 providentia
701 1507 865 1578 regebatur,
890 1514 918 1561 et
971 1509 1058 1566 nibus
1083 1508 1179 1576 luerit,
1206 1514 1315 1578 quanto
1332 1506 1392 1574 ipsa
1405 1504 1555 1575 perfectior
1569 1505 1647 1561 omni
1676 1517 1711 1560 se:

70 1594 172 1651 crebra
192 1593 282 1665 ipsius
292 1595 337 1650 vel
363 1595 487 1652 tratrum
500 1595 663 1652 visitatione
677 1596 876 1654 instruebatur
890 1604 918 1653 et
972 1599 1186 1654 conversionem
1200 1594 1326 1651 venienti
1355 1593 1486 1650 suiticere
1515 1593 1614 1663 possit,
1640 1600 1673 1650 ut
1692 1607 1708 1646 v

69 1683 282 1740 consolabatur.
311 1683 350 1739 lle
378 1683 461 1755 cujus
489 1699 607 1757 quoque
635 1685 785 1757 regiminis
821 1687 917 1757 provi-
973 1687 1107 1743 monachi
1135 1686 1222 1750 viros,
1258 1682 1397 1739 moniales
1433 1682 1552 1738 seminas
1595 1680 1711 1752 suscipit

69 1770 167 1829 dantia
182 1771 258 1829 beati
272 1772 368 1828 Basilii
375 1773 477 1844 regula
488 1774 615 1844 quodam
626 1775 687 1831 loco
698 1776 915 1832 nosinstruens.
935 1769 955 1845 ’Β
973 1777 1051 1833 omni
1066 1777 1170 1833 animae
1186 1777 1220 1831 de
1235 1773 1388 1831 salutesua
1403 1771 1540 1844 cogitanti
1554 1772 1641 1842 possit
1670 1769 1711 1841 ips

69 1859 109 1919 ita
135 1862 281 1918 continet:
309 1862 537 1934 «interrogatio.
563 1862 591 1920 Si
621 1871 735 1934 oportet
766 1878 833 1920 eum
866 1864 917 1934 qui
974 1866 1078 1923 sutore.
1100 1865 1134 1919 Et
1157 1864 1325 1935 quicunque
1344 1877 1411 1918 cum
1434 1861 1479 1916 vel
1506 1869 1606 1928 matre,
1633 1868 1684 1917 aut

71 1957 172 2019 praest
191 1958 274 2006 extra
301 1964 447 2021 eamquae
470 1951 734 2022 sororibuspreest
762 1952 842 2024 loqui
871 1953 921 2009 ali·
973 1953 1104 2018 velhlia,
1125 1968 1176 2009 seu
1203 1953 1313 2022 aliqua,
1339 1951 1425 2022 cujus
1447 1964 1547 2007 curam
1577 1949 1660 2021 gerit,
1691 1964 1711 2005 c

72 2038 244 2109 quidquod
274 2040 310 2096 ad
335 2040 551 2097 aeditlcationem
570 2042 710 2112 pertineat
736 2042 919 2116 virginibus?
973 2042 1108 2110 volucrit,
1140 2041 1255 2112 plenum
1280 2040 1320 2096 ibi
1348 2039 1481 2096 solatium
1512 2040 1636 2109 reperire
1662 2051 1712 2108 pos

71 2128 239 2199 Responsio.
264 2128 300 2184 Et
323 2130 465 2200 quomodo
482 2131 646 2188 servabitur
659 2131 729 2188 illud
746 2141 918 2202 preceptum
974 2140 1053 2190 tanto
1063 2131 1182 2200 majoris
1196 2129 1344 2186 charitatis
1355 2128 1470 2185 aflectui
1491 2129 1545 2185 sibi
1574 2136 1698 2199 utraque

70 2215 192 2287 Apostoli
210 2215 346 2272 dicentis:
380 2217 483 2274 Omnia
507 2220 788 2277 vestrahoneste'et
816 2235 919 2278 secun·
974 2221 1060 2278 steria
1101 2221 1158 2277 sint
1184 2233 1324 2287 connexa,
1356 2227 1383 2274 et
1409 2232 1460 2288 pro
1487 2218 1664 2275 seinvicem
1689 2231 1711 2273 st

70 2302 141 2360 dum
156 2303 285 2360 ordinem
300 2304 426 2376 fiant‘l(l
444 2306 503 2362 Cor.
517 2321 577 2375 xiv,
593 2308 648 2378 lh).
669 2310 763 2365 ›ltcm
788 2311 919 2380 sequenti
975 2318 1084 2381 quanto
1099 2324 1165 2381 quae
1181 2309 1220 2365 ibi
1244 2316 1312 2365 sunt
1332 2321 1461 2378 personae
1488 2306 1703 2378 propinquitate

71 2391 196 2462 capitulo
213 2407 219 2447 :
239 2394 461 2463 ‹Interrogatio
474 2394 502 2450 Si
522 2397 655 2453 convenit
674 2413 739 2454 eum
756 2399 808 2470 qui
820 2406 921 2470 praest
973 2399 1017 2454 vel
1029 2398 1166 2455 aldnitate
1190 2398 1313 2469 amplius
1339 2405 1408 2453 sunt
1432 2397 1603 2467 conjuncta.
1632 2397 1711 2465 prop

70 2496 137 2538 cum
156 2496 271 2553 eaquae
295 2483 442 2541 sororibus
457 2493 559 2554 preest
586 2486 754 2557 frequenter
781 2488 872 2559 loqui,
893 2497 920 2546 ct
975 2496 1072 2544 autem
1087 2488 1306 2554 monachorum,
1321 2500 1407 2557 quem
1435 2485 1567 2542 abbatem
1594 2485 1711 2541 nomina

71 2572 198 2628 maxime
221 2571 347 2642 sialiqui
376 2572 411 2627 de
441 2573 578 2630 iratribus
607 2576 728 2645 perhoc
755 2576 915 2634 laeduntur.
974 2579 1060 2635 etiam
1077 2578 1251 2634 monialibus
1288 2590 1408 2647 praesse
1433 2574 1578 2639 volumus,
1616 2579 1648 2630 ut
1667 2585 1711 2629 eas

71 2658 238 2729 Responsio.
268 2659 403 2730 hpostclo
418 2660 530 2718 dicente
547 2678 553 2717 ε
572 2663 608 2719 Ut
625 2664 696 2734 quid
712 2665 788 2721 enim
805 2665 920 2723 libertas
975 2667 1090 2724 Domini
1104 2681 1215 2737 sponsae
1230 2673 1297 2728 sunt
1323 2667 1408 2739 cujus
1423 2664 1484 2736 ipsc
1497 2677 1599 2720 servus
1612 2669 1664 2728 est,
1693 2675 1711 2732 p

68 2747 219 2821 judicatur
246 2749 283 2805 ab
329 2747 423 2804 alicua
455 2751 648 2807 conscientia?
670 2753 767 2826 (ider.
800 2769 830 2821 x,
861 2755 918 2825 29).
975 2762 1160 2827 recognoscat
1186 2754 1328 2816 dominas,
1347 2750 1662 2823 ueceispraeesse,sed
1686 2763 1711 2820 pr

71 2837 183 2894 Bonum
202 2842 245 2893 est
261 2835 368 2893 imitari
386 2851 453 2893 cum
472 2838 633 2896 dicantem:
664 2842 739 2906 Quia
768 2857 825 2899 non
853 2858 918 2901 sum
976 2844 1109 2915 gaudeat.
1129 2845 1163 2899 Et
1180 2844 1215 2899 sit
1231 2851 1370 2913 tanquam
1384 2841 1562 2911 dispensator
1573 2840 1599 2895 in
1626 2838 1711 2896 domo

71 2923 153 2981 visus
171 2931 308 2996 potestate
342 2939 405 2981 mea
430 2927 482 2994 uti,
509 2942 545 2984 ne
570 2927 777 2987 offendiculum
802 2932 919 3003 aliquod
975 2926 1024 3002 qui
1041 2933 1227 3002 nonimperio
1242 2931 1388 2987 dominam
1404 2929 1517 3002 premit,
1542 2929 1590 2984 sed
1614 2926 1711 2998 prorid

71 3027 207 3087 ponerem
227 3012 384 3084 Evangelio
398 3013 502 3072 Christi
518 3018 540 3086 tl
557 3017 617 3074 Cor.
632 3034 673 3086 rx,
702 3021 755 3086 ta).
775 3020 811 3077 Et
825 3035 919 3092 quan·
942 3032 946 3047 ·
976 3035 1046 3092 erga
1064 3035 1127 3077 eam
1153 3020 1235 3093 gerit,
1253 3029 1283 3077 ut
1295 3021 1320 3075 ei
1336 3021 1370 3075 de
1394 3018 1563 3076 necessariis
1579 3018 1676 3074 statim
1697 3030 1711 3074 o

70 3108 134 3184 tum
149 3101 210 3158 tieri
235 3109 334 3173 petest,
350 3110 378 3159 et
393 3104 489 3161 rarius
500 3104 631 3164 videndae
644 3116 722 3176 suut,
748 3115 776 3165 et
802 3109 920 3166 brevius
937 3072 957 3130 G
975 3119 1002 3167 ct
1019 3108 1047 3165 in
1071 3110 1164 3166 noxiis
1184 3123 1246 3166 eam
1262 3124 1320 3165 non
1335 3108 1444 3174 audiat,
1460 3115 1487 3163 et
1501 3107 1540 3164 sic
1562 3104 1692 3163 exterius

72 3197 115 3248 est
129 3191 329 3248 sermocinatio
346 3191 474 3249 hnienda
490 3208 525 3249 ε»
541 3196 613 3253 ilinc
637 3200 664 3253 et
679 3196 751 3254 illud
764 3200 807 3254 est
817 3198 922 3269 llispa·
974 3200 1125 3265 ministret,
1140 3208 1172 3255 ut
1193 3198 1313 3255 thalami
1338 3204 1447 3254 secreta
1462 3209 1615 3267 nunquam
1639 3193 1693 3250 nisi

71 3277 161 3352 lensis
183 3279 315 3336 concilii:
344 3301 359 3331 u
384 3280 530 3340 Consensu
558 3287 703 3342 communi
729 3287 919 3355 decrevimus,
976 3287 1109 3344 introcat.
1144 3287 1185 3343 Ad
1209 3288 1287 3343 hunc
1314 3287 1404 3357 igitur
1437 3285 1554 3341 modum
1576 3297 1693 3340 serrum

72 3374 106 3425 ut
121 3367 458 3442 monasteriavirginum
474 3372 504 3428 in
520 3373 668 3443 provincia
694 3375 798 3432 Baetica
821 3390 921 3431 mona·
977 3376 1090 3446 sponsis
1108 3375 1211 3432 Christi
1242 3375 1393 3445 providere
1420 3373 1567 3441 volumus,
1594 3380 1621 3429 et
1646 3385 1711 3428 earu

71 3455 194 3513 chorum
223 3456 432 3516 ministratione
470 3475 504 3517 ac
547 3462 678 3532 prasidio
710 3464 920 3535 gubernentur.
978 3465 1090 3522 Christo
1110 3464 1231 3520 iideiiter
1256 3478 1357 3520 curam
1379 3476 1488 3534 gerere,
1503 3470 1531 3518 et
1545 3461 1579 3518 de
1602 3460 1711 3518 omnibr

72 3544 382 3605 'l'uncenimsalubria
406 3547 518 3606 Christo
542 3549 643 3607 dicatis
669 3552 831 3624 virginibus
862 3568 923 3625 pro·
977 3560 1085 3623 oportet
1100 3567 1166 3609 cum
1181 3554 1342 3610 diaconissa
1363 3559 1492 3607 tractare.
1522 3550 1579 3607 Nec
1601 3564 1634 3606 ea
1663 3549 1711 3605 inc

72 3632 215 3702 videmus,
227 3635 397 3706 quandoeis
424 3638 565 3708 spiritales
582 3639 717 3712 eligimus
743 3650 837 3712 patres
847 3657 922 3714 quo·
979 3643 1140 3713 quidquam
1155 3641 1190 3697 de
1204 3641 1317 3697 ancillis
1330 3639 1445 3706 Christi,
1470 3638 1515 3695 vel
1529 3639 1564 3694 de
1588 3638 1622 3693 iis
1637 3651 1703 3707 quas

72 3735 141 3780 rum
153 3736 211 3780 non
225 3724 318 3781 solum
348 3726 554 3798 gubernaculis
582 3729 666 3797 tueri,
694 3730 742 3786 sed
771 3731 857 3788 etiam
877 3731 924 3787 do
980 3732 1124 3801 pertinent
1142 3745 1210 3787 eum
1230 3738 1367 3796 statuere,
1384 3743 1437 3785 nec
1452 3729 1544 3798 ipsum
1558 3727 1697 3797 cuiquam

72 3811 174 3869 ctrinis
188 3812 324 3870 aedillcari
338 3815 482 3885 possint.»
501 3816 560 3872 llac
575 3824 672 3875 tamen
686 3820 925 3877 cireamoneabos
979 3820 1032 3875 nisi
1051 3834 1100 3890 pcr
1124 3833 1187 3876 eam
1203 3818 1365 3890 quidquam
1381 3817 1544 3888 praecipere,
1576 3815 1620 3872 vel
1647 3816 1711 3886 loqu

74 3900 188 3957 cautela
216 3911 341 3971 servata,
353 3911 386 3960 ut
414 3905 515 3961 remoti
535 3905 686 3963 abearum
714 3909 922 3979 peculiaritate,
980 3903 1102 3965 sumere.
1116 3908 1232 3972 Quoties
1247 3922 1315 3964 vero
1334 3921 1399 3963 eum
1420 3906 1582 3961 diaconissa
1606 3918 1711 3961 vocare

74 4003 127 4047 nec
156 4003 249 4061 usquc
274 3991 489 4049 adrestibulum
514 3994 655 4051 habeant
683 3996 835 4053 acccdendi
865 4013 926 4068 per·
981 3998 1073 4055 tardet
1102 3997 1208 4063 venire,
1232 4003 1340 4067 etqua
1376 3996 1437 4065 ipsa
1465 3994 1489 4050 ei
1514 3992 1693 4050 consuluerit

75 4076 196 4136 missum
212 4079 361 4148 familiare,
392 4088 420 4136 et
446 4095 539 4151 neque
559 4082 691 4139 abbatem
716 4085 760 4140 vel
782 4099 847 4141 enm
875 4088 925 4157 qui
981 4086 1089 4157 quibus
1100 4085 1160 4156 ipsa
1176 4083 1219 4140 vel
1235 4085 1260 4140 ei
1276 4084 1411 4154 subjectae
1423 4097 1496 4153 opus
1517 4083 1633 4149 habent,
1655 4095 1711 4136 non

77 4165 234 4238 praeiicitur
249 4174 333 4223 extra
355 4182 420 4224 eam
445 4184 511 4240 quae
539 4179 641 4240 praeest
666 4171 745 4243 loqui
761 4173 926 4246 virginibus
982 4182 1029 4232 tur
1042 4173 1163 4244 exsequi
1177 4180 1320 4244 quantum
1341 4172 1426 4228 valet.
1443 4172 1568 4228 Vocatus
1581 4177 1677 4226 autem
1700 4182 1711 4225 a

76 4249 167 4309 Chriti
179 4252 299 4324 aliquid,
331 4256 408 4327 quod
436 4257 472 4314 ad
488 4258 696 4316 institutionem
721 4276 834 4319 morum
864 4278 925 4334 per·
981 4265 1060 4320 nissa
1075 4277 1227 4332 uunquam
1243 4262 1297 4317 nisi
1308 4263 1336 4316 in
1356 4261 1516 4324 manilesto,
1533 4267 1561 4317 et
1584 4259 1638 4315 sub
1666 4266 1711 4315 test

76 4339 158 4409 tinet,
172 4341 277 4399 licebit.
294 4346 349 4401 Nec
371 4360 439 4402 cum
462 4348 524 4404 sola
551 4363 618 4419 qum
638 4357 738 4419 praest
758 4351 923 4422 trequenter
940 4360 961 4413 ι)
979 4352 1166 4422 probatarum
1195 4362 1384 4420 personarum
1403 4348 1428 4404 ei
1444 4348 1589 4418 loquatur,
1602 4362 1654 4404 nec
1682 4346 1709 4404 ei

19 4448 26 4465 ν
76 4445 144 4488 cnm
160 4430 285 4503 colloqui
305 4440 425 4505 oportet,
457 4436 505 4492 sed
532 4437 587 4494 sub
615 4439 776 4497 testimonio
800 4441 926 4497 duarum
982 4454 1047 4497 mus
1063 4439 1250 4511 adjungatur,
1267 4453 1319 4493 nec
1333 4438 1445 4507 prolixo
1460 4450 1590 4492 sermono
1616 4434 1708 4492 eamd

77 4527 129 4577 aut
147 4519 237 4591 trium
253 4535 395 4579 sororum.
419 4524 463 4581 lta
488 4533 521 4583 ut
550 4541 617 4585 rara
636 4528 673 4583 sit
687 4529 811 4585 accessio
833 4529 929 4586 brevis
982 4528 1085 4585 Omnia
1104 4541 1172 4583 rere
1186 4541 1251 4596 quae
1272 4526 1306 4582 ad
1323 4526 1431 4582 victum
1449 4533 1499 4582 aut
1527 4525 1660 4581 vestitum
1694 4539 1711 4595 p

78 4607 193 4667 locutio.
223 4609 305 4669 Absit
333 4612 410 4669 enim
439 4621 472 4670 ut
486 4628 522 4670 ne
534 4618 701 4686 monachos,
736 4618 812 4688 quod
840 4620 925 4673 etiam
982 4617 1042 4673 etsi
1070 4630 1136 4687 quae
1166 4617 1251 4671 etiam
1281 4615 1410 4684 pecunia
1443 4615 1561 4683 tuerint,
1595 4612 1673 4683 apud
1705 4627 1711 4668 ι

77 4697 158 4756 dictu
174 4696 254 4756 netas
280 4707 332 4775 est,
356 4701 461 4776 Christi
489 4705 655 4776 virginibus
680 4704 837 4762 familiares
866 4721 927 4762 esse
982 4704 1087 4763 Christi
1102 4703 1368 4775 congregabuntur,
1385 4704 1429 4760 vel
1452 4702 1689 4771 reservabuntur,

77 4786 212 4845 velimus.
238 4787 291 4846 Sed
314 4789 401 4861 juxta
426 4792 503 4862 quod
528 4793 610 4864 jussa
641 4794 786 4865 regularia
808 4795 854 4851 vel
878 4810 927 4851 ca·
982 4794 1120 4852 iratribus
1139 4794 1299 4849 necessaria
1324 4795 1474 4849 tradentur
1487 4792 1522 4847 de
1536 4791 1570 4846 iis
1585 4805 1651 4861 quae
1679 4804 1710 4847 so

79 4889 191 4933 nonum
242 4878 407 4948 admonent,
441 4878 526 4952 longe
567 4880 704 4938 discretos
753 4889 841 4954 atque
885 4898 927 4941 se·
961 4875 1166 4954 supererunt.
1193 4881 1297 4939 Omnia
1314 4882 1410 4952 itaque
1431 4881 1533 4937 tratres
1557 4879 1702 4936 exteriora

76 4963 312 5037 innotescerem
340 4976 454 5026 tantum
470 4971 677 5043 gubernaculis
698 4972 813 5030 easdem
839 4974 929 5044 depu-
982 4971 1101 5041 rabunt,
1114 4979 1141 5028 ct
1157 4985 1268 5028 sorores
1282 4984 1316 5026 ea
1336 4980 1449 5026 tantum
1468 4983 1534 5039 quae
1560 4969 1637 5024 intus
1661 4981 1679 5023 a
1700 4980 1711 5023 t

77 5061 186 5121 tamus,
204 5055 408 5114 constituentes
424 5066 456 5116 ut
469 5074 547 5117 unus
561 5061 791 5118 monachorunm
819 5061 927 5132 probo·
983 5060 1038 5117 bus
1052 5061 1099 5132 agi
1110 5059 1255 5128 convenit,
1281 5057 1476 5129 componendo
1499 5058 1606 5113 scilicet
1627 5063 1711 5113 restet

77 5143 208 5201 tissimus
236 5143 370 5216 eligatur,
395 5147 480 5220 cuius
512 5164 590 5207 curae
620 5151 656 5207 sit
684 5151 792 5221 praedia
827 5164 926 5208 earum
981 5147 1116 5215 fratrum,
1141 5149 1183 5205 vel
1216 5148 1370 5215 abluendo,
1398 5160 1500 5218 panem
1527 5147 1611 5203 etiam
1642 5145 1711 5204 conl

79 5232 229 5291 rusticana
251 5232 312 5305 rel,
326 5235 440 5293 urbana
473 5237 632 5304 intendere,
660 5239 783 5296 tabrioas
806 5246 927 5302 struere,
982 5244 1009 5294 ct
1020 5239 1056 5293 ad
1066 5239 1249 5308 coquendum
1270 5236 1418 5304 tradendo,
1442 5242 1470 5291 et
1494 5243 1606 5292 coctum
1635 5236 1711 5292 susci

78 5319 126 5379 rel
141 5321 165 5378 si
180 5320 250 5392 quid
273 5320 352 5380 aliud
376 5326 412 5381 ad
429 5328 627 5385 necessitatem
644 5328 809 5385 monasterii
832 5329 926 5399 provi·
982 5326 1023 5383 hd
1043 5325 1120 5396 ipsas
1143 5329 1229 5382 etiam
1253 5339 1324 5381 cura
1354 5323 1443 5390 lactis,
1470 5323 1508 5392 iet
1533 5337 1632 5380 eorum
1672 5337 1711 5395 qu

80 5409 156 5479 dere,
171 5415 205 5468 ut
223 5410 328 5469 Christi
342 5413 461 5473 lamnia
476 5430 526 5486 pro
541 5417 646 5473 anima
671 5432 732 5474 suae
748 5425 860 5474 tautum
872 5418 927 5474 uti·
983 5414 1068 5482 tlunt,
1081 5415 1243 5485 pertinebit,
1259 5421 1287 5470 et
1299 5412 1474 5485 gallinarum
1504 5412 1547 5469 rei
1577 5426 1711 5469 anserum

78 5495 158 5555 litate
183 5498 310 5558 sollicitae
337 5501 444 5559 divinis
487 5503 614 5560 cultibus
640 5506 751 5582 vivant,
794 5505 929 5576 operibus
983 5510 1059 5571 tura,
1086 5512 1112 5559 et
1137 5516 1321 5575 quaecunque
1343 5500 1564 5559 convenientius
1585 5501 1711 5558 muliere

77 5586 139 5642 suis
157 5588 325 5649 inserviant.
341 5588 414 5648 Sane
427 5589 451 5647 is
464 5591 516 5661 qui
535 5591 572 5649 ab
586 5591 690 5650 abbate
716 5606 769 5651 ano
786 5594 927 5665 praepcni·
983 5606 1073 5665 quam
1099 5592 1156 5649 viri
1181 5598 1308 5662 possum.
1335 5593 1400 5662 lpse
1427 5604 1495 5648 vero
1526 5590 1695 5661 prepositus
