3804 5962
418 244 1262 306 uxeosrnorrtnetsr.curtracense-nic.11.
1363 226 1378 274 s
1656 247 1709 303 seo

79 371 258 430 observanda
283 370 426 429 distinctio
452 378 503 429 cst.
529 371 603 440 Quia
627 371 719 430 sicubi
735 371 807 430 dici·
823 375 848 427 A
862 372 1015 446 losopbtec
1027 373 1220 445 persuasionis
1236 370 1377 441 resecuit3
1404 365 1532 429 secunda
1552 377 1710 433 aulemre

79 477 152 528 mere
167 462 204 516 od
221 462 327 528 Aaron,
352 470 378 518 et
393 461 473 530 alibi,
498 462 535 516 od
553 463 623 532 tilios
638 462 743 524 Aaron,
778 467 807 518 et
862 466 928 522 teris
943 461 1314 521 bominisconsuetudinem
1331 475 1364 516 ac
1379 459 1449 517 vitia
1463 459 1560 518 carnis
1570 460 1707 520 abscedit.

79 553 224 617 cicuitus,
248 559 359 608 certum
382 559 423 607 ost
448 566 505 607 uun
520 551 669 622 subjacere
680 551 808 622 reliquos
861 556 897 612 lit
911 562 981 610 tunc
993 553 1129 624 impletur
1150 551 1226 623 quod
1249 551 1280 606 iu
1294 551 1361 606 lesu
1380 548 1461 606 Nave
1487 550 1706 620 scriptumest:

79 642 153 706 ibus,
179 655 245 711 quae
275 640 342 696 tiliis
363 640 507 710 J'ubentur
519 640 616 707 lsrael,
633 654 685 696 nec
700 640 805 696 alieni·
859 644 975 698 Hodieu
1000 643 1074 698 cobis
1095 641 1199 699 abstuli
1223 639 1373 710 opprobrio
1393 639 1506 708 AEggpti
1537 637 1641 710 (Josuc,
1676 653 1706 707 v,

79 731 211 787 memoria
234 729 294 785 ulla
319 729 358 784 lit.
391 731 451 783 Non
478 743 546 798 ergo
575 729 736 799 putandum
765 736 807 786 est
862 732 899 802 9),
916 731 995 788 idest
1009 731 1210 802 AEgyptiorum
1223 741 1332 784 morem
1355 735 1382 783 et
1410 727 1607 783 motusanimi
1635 727 1707 785 bar-

80 833 190 875 ncesse
206 818 387 884 mandatum,
417 818 466 873 ubi
494 817 693 888 appellationis
721 818 808 874 babe-
862 820 957 877 baros.
969 819 1053 876 Stoici
1064 819 1165 874 aiunt:
1182 817 1290 873 ludicet
1301 815 1412 886 aliquid
1423 815 1575 885 mysticum
1587 815 1710 872 circum·

79 909 170 978 ceptio.
190 907 235 962 Sic
248 921 317 977 ergo
342 920 394 962 nec
409 905 484 963 alius
507 907 666 977 quisquam
684 907 808 963 circum·
861 909 929 965 cisio
943 917 971 966 et
987 908 1111 981 liguram
1138 912 1234 963 teneat
1255 904 1408 975 allegorice.
1425 904 1504 960 lianc
1517 903 1655 974 oportuit,
1675 910 1709 959 ut

94 996 155 1067 lege
170 996 389 1065 constringitur,
407 997 461 1051 nisi
490 1010 525 1051 ex
545 995 691 1052 Abrabam
718 995 808 1066 origi·
861 1014 928 1056 eum
945 1011 1030 1069 poena
1045 1004 1073 1053 et
1088 994 1215 1066 periculo
1226 993 1428 1065 parvulorum,
1446 1007 1512 1049 cum
1532 991 1709 1049 cruciatibus

79 1085 174 1153 abens,
190 1085 234 1140 rel
251 1084 426 1141 vernaculus
439 1097 550 1152 eorum,
575 1085 618 1140 rel
645 1085 736 1155 pretio
750 1099 808 1141 em·
861 1096 967 1145 tenerae
982 1094 1009 1143 et
1023 1083 1183 1142 innocentis
1205 1082 1335 1140 inlantiae
1368 1082 1530 1154 figurarum
1547 1080 1654 1152 species
1678 1085 1706 1136 et

94 1175 182 1231 ltem:
200 1192 214 1225 o
232 1174 298 1229 llaec
315 1173 390 1228 dicta
406 1180 507 1230 sunta
536 1174 805 1230 nobisutostonde·
861 1176 1097 1248 legisaeuigmata
1124 1171 1333 1230 crederentur?
1348 1170 1395 1228 Sic
1412 1185 1470 1227 non
1486 1170 1611 1227 habebat
1625 1169 1710 1241 legis·

79 1264 180 1334 ecipue
207 1264 241 1318 de
251 1263 478 1318 circumcisionis
491 1271 631 1332 praecepto
658 1262 734 1333 quod
749 1277 807 1319 non
860 1265 934 1322 lator
960 1264 1011 1321 ubi
1033 1263 1131 1319 lirmas
1152 1261 1280 1331 justitias
1304 1268 1422 1330 poneret
1446 1258 1501 1315 nisi
1517 1259 1546 1314 in
1569 1258 1707 1315 deculca-

79 1365 128 1408 ,am
145 1351 189 1407 bis
203 1352 253 1422 qui
264 1365 300 1406 eu
312 1351 457 1406 Abrabam
480 1365 572 1421 genus
586 1352 707 1420 ductent,
741 1365 806 1407 rer·
861 1356 937 1413 tione
958 1352 1190 1410 verecundorum
1221 1349 1360 1416 locorum,
1386 1356 1414 1405 ot
1445 1348 1494 1404 liei
1521 1348 1706 1420 signaculum

79 1455 131 1511 rue
151 1454 249 1495 eorum
273 1439 318 1495 vel
347 1439 438 1508 pretio
457 1439 685 1509 coemptisesset
711 1439 807 1509 injun·
861 1444 916 1500 nisi
941 1443 971 1499 tn
990 1440 1120 1499 obscenis
1149 1439 1304 1517 partibus?
1336 1439 1415 1494 itanc
1444 1439 1519 1494 bens
1547 1446 1576 1494 ot
1603 1437 1708 1493 anime

82 1527 276 1585 rcumcisioni·
307 1529 427 1584 Liberos
453 1542 520 1584 vero
547 1541 607 1584 esse
628 1528 664 1583 ab
702 1526 806 1597 hujus·
860 1538 1013 1589 creatoret
1037 1527 1339 1600 corporis,supertluo
1362 1542 1391 1584 sc
1414 1527 1571 1599 plasmasse
1594 1533 1705 1595 partem

80 1617 165 1690 gibus
183 1617 302 1687 eosqui
319 1631 369 1687 per
384 1617 529 1674 Christum
549 1618 605 1673 Deo
620 1631 656 1672 ex
672 1616 807 1688 gentibus
860 1618 940 1675 illam
961 1619 1087 1690 corporis
1118 1625 1208 1685 notat,
1229 1630 1319 1688 quam
1345 1616 1531 1687 postmodum
1568 1612 1701 1670 abscindi

79 1717 132 1764 tur.
149 1707 294 1762 «ltemt»
323 1707 362 1761 lie
392 1706 610 1761 circumcisione
625 1705 695 1776 quid
718 1705 804 1760 ctiam
821 1670 843 1726 B
862 1708 989 1773 mandat,
1018 1715 1046 1764 et
1070 1720 1122 1778 per
1161 1707 1331 1763 miserorum
1373 1704 1515 1777 supplicia
1556 1702 1708 1774 proprium

80 1795 122 1852 cis
137 1795 248 1865 legibus
277 1795 313 1851 sit
338 1795 498 1850 rideamus.
523 1785 746 1850 circumcisione
768 1808 805 1849 ex
860 1797 994 1854 emendat
1012 1810 1151 1864 errorem,
1172 1803 1220 1852 aut
1238 1795 1315 1866 quod
1329 1793 1439 1851 utiliter
1453 1793 1518 1850 lecit
1544 1807 1603 1849 non
1632 1798 1708 1848 reete

108 1884 245 1950 membro,
262 1897 313 1952 per
335 1883 411 1952 quod
428 1883 552 1938 carnalis
577 1896 703 1952 propago
721 1882 803 1937 mini·
860 1887 979 1942 mandat
997 1883 1133 1942 aulerrii
1147 1886 1307 1954 Propterea,
1324 1883 1347 1938 si
1365 1896 1443 1941 curae
1474 1890 1516 1938 est
1543 1881 1600 1938 Deo
1615 1879 1708 1950 pluri·

89 1980 240 2042 amputare
255 1971 383 2042 aliquant
405 1978 525 2040 partem.
543 1973 597 2027 Per
613 1972 666 2027 boc
683 1970 805 2027 iudicari
862 1988 923 2031 mos
936 1975 972 2031 ad
986 1974 1097 2031 cultum
1111 1987 1190 2030 sante
1220 1971 1369 2043 religionis
1397 1970 1513 2040 adduci,
1545 1968 1707 2026 maximum

79 2068 200 2116 terreor
222 2059 428 2129 amputandam
445 2073 506 2115 esse
528 2060 562 2114 ab
584 2059 681 2114 anima
705 2059 727 2114 si
747 2072 805 2129 que
860 2077 896 2120 ex
930 2062 1146 2120 circumcisione
1180 2061 1363 2118 obstaculum
1403 2061 1542 2117 nascitur.
1581 2059 1653 2115 Cum
1675 2070 1707 2113 eo

80 2151 140 2206 iuei
156 2149 252 2205 carnis
276 2149 403 2204 adhaerel
431 2147 591 2218 impuritas.
624 2148 733 2203 Idcirco
752 2148 807 2204 ista
857 2151 936 2208 enim
965 2152 1040 2223 quod
1057 2150 1230 2221 supplicium
1246 2150 1452 2222 unusquisque
1481 2149 1615 2214 declinat,
1636 2155 1708 2203 tunc

79 2238 280 2310 >genitalibus
292 2237 444 2308 lulligltur,
461 2237 537 2307 quod
555 2237 723 2307 hujusmodi
735 2236 806 2292 vitia
860 2241 943 2297 etiam
960 2240 1038 2311 quod
1053 2239 1195 2295 irrisionis
1220 2239 1432 2309 turpitudinem
1459 2236 1576 2307 refugit.
1588 2234 1700 2304 Quibus

79 2325 309 2396 nonexpropria
332 2327 504 2390 substantia,
540 2327 639 2381 seiles
663 2325 806 2381 incentivo
860 2322 1032 2399 respondere
1073 2328 1267 2384 necessarium
1302 2335 1381 2397 puto.
1419 2326 1508 2384 Nemo
1531 2325 1646 2396 sapiens
1677 2322 1708 2378 in

81 2416 247 2471 adveniant.
272 2415 408 2469 Praesenti
436 2414 541 2470 sacculo
570 2414 730 2484 septimana
757 2413 803 2470 de·
860 2416 925 2473 aliis
950 2423 1030 2472 notat
1051 2431 1117 2487 quae
1142 2416 1218 2486 apud
1247 2430 1277 2471 se
1306 2416 1426 2472 honesta
1442 2415 1559 2470 dubitet
1588 2424 1705 2482 magna.

79 2511 125 2560 est.
141 2503 266 2560 Octavus
285 2503 344 2558 dies
360 2511 456 2558 autem
470 2502 560 2558 futuri
585 2503 682 2557 saeculi
698 2508 806 2572 myste-
860 2505 971 2561 Etenim
994 2505 1175 2561 circumcisio
1199 2504 1276 2575 apud
1293 2517 1344 2559 nos
1368 2503 1488 2575 gentiles
1501 2501 1541 2558 ita
1556 2500 1708 2556 manilesta

79 2602 144 2649 ruet.
181 2591 298 2647 lllorum
314 2605 382 2662 ergo
406 2600 448 2646 est
467 2590 649 2646 circumcisio
670 2589 808 2659 spiritalis
861 2595 994 2659 babetur,
1009 2601 1042 2650 ut
1061 2609 1118 2649 nen
1134 2592 1240 2664 passim
1261 2593 1349 2662 vulgo
1364 2590 1497 2663 ignobili,
1513 2589 1561 2645 sed
1577 2588 1644 2646 solis
1659 2602 1709 2644 sa-

79 2680 246 2738 trcsaeculo
275 2680 410 2739 militant,
432 2681 460 2735 in
490 2695 548 2750 quo
573 2694 668 2751 neque
696 2679 807 2735 nubent
861 2683 1035 2748 cerdotibus,
1062 2691 1090 2739 et
1115 2683 1159 2739 his
1175 2683 1225 2752 qui
1251 2682 1325 2737 inter
1341 2683 1414 2751 ipsos
1434 2679 1618 2736 electioribus
1643 2684 1708 2733 stu-

79 2770 236 2836 nubentur,
258 2776 285 2824 et
299 2783 399 2825 eorum
417 2770 469 2838 qui
486 2770 594 2837 seipsos
604 2772 807 2824 castraverunt
860 2771 1096 2844 diis-mancipati
1115 2770 1233 2838 luerint,
1257 2770 1402 2826 credatur.
1434 2770 1505 2824 Nam
1521 2767 1599 2838 apud
1623 2767 1709 2836 AEgy.

90 2872 211 2929 regnum
235 2858 294 2923 Del,
315 2858 525 2927 eleborumiit
546 2858 629 2913 terris
657 2855 807 2912 ambulan-
862 2861 935 2931 ptius
965 2860 1072 2932 quiin
1102 2859 1356 2930 superstitionibus
1388 2854 1708 2915 restrisretustissimi
1768 2864 1773 2872 “

99 2947 178 3003 ctelis
190 2954 232 3002 est
247 2947 436 3003 conversatio.
452 2946 506 3002 Sed
525 2947 600 3015 apud
630 2945 804 3001 Ezechielem
862 2949 1007 3006 habentur
1034 2957 1062 3005 ct
1086 2948 1281 3015 eruditissimi,
1312 2961 1329 3004 a
1356 2947 1467 3017 ouibus
1496 2959 1581 3015 prope
1610 2955 1709 2999 omnes

79 3037 209 3091 eminus:
240 3035 333 3090 Omnis
358 3035 432 3103 tillus
475 3036 631 3103 ulissipone
662 3036 807 3088 incircum·
823 3015 846 3075 (ἶ
863 3039 969 3109 reliqui
980 3039 1067 3095 ritum
1083 3052 1230 3095 sacrorum
1246 3044 1274 3094 et
1285 3035 1471 3094 caeremonias
1487 3032 1610 3091 mutuati
1627 3037 1706 3101 sunt3

79 3124 167 3178 trdeet
183 3139 263 3177 carue
273 3138 327 3176 uon
342 3123 467 3178 introibit
481 3127 509 3176 in
524 3126 620 3177 saucio
630 3122 805 3194 moollizeclt.
862 3127 938 3198 apud
952 3127 1014 3194 bos,
1031 3127 1162 3199 inquam,
1174 3125 1275 3183 nullus
1300 3132 1351 3183 aut
1379 3123 1542 3196 geometriae
1561 3119 1720 3185 studebat,'

79 3211 97 3280 ).
119 3211 172 3266 Sed
202 3210 401 3267 videamusne
430 3211 501 3267 forte
529 3210 629 3266 reterri
654 3218 741 3281 queat
770 3209 807 3265 ad

79 3300 199 3355 oneralia
241 3308 391 3370 praecepta,
434 3307 466 3357 ut
504 3300 540 3355 sit
587 3300 808 3355 incircumcisus

79 3388 111 3445 ui
142 3403 200 3444 non
227 3389 313 3445 babet
337 3390 432 3455 tidem,
462 3389 684 3446 incircumcisus
720 3402 807 3444 carue

79 3492 95 3533 n
127 3477 212 3533 habet
240 3492 335 3547 opera.
355 3478 451 3535 Altera
477 3492 604 3548 namque
633 3477 695 3533 sine
718 3476 808 3532 altera

79 3573 144 3632 ttut,
160 3566 231 3636 quia
249 3574 276 3621 et
292 3566 360 3623 ddes
379 3568 439 3623 sine
459 3566 595 3637 operibus
622 3570 736 3622 mortua
764 3565 806 3620 di-

79 3656 166 3710 tsine
180 3654 234 3710 title
254 3670 338 3712 nemu
349 3655 523 3712 vivificatur.
541 3677 555 3705 u

79 3759 118 3798 :c
136 3745 168 3799 Et
183 3743 290 3799 dicitur
318 3745 483 3800 circumcidi
510 3745 642 3811 auribus,
667 3758 734 3799 cum
763 3758 807 3799 se·

79 3846 91 3888 1
121 3832 283 3888 Salomonis
303 3834 411 3887 attonita
426 3847 484 3888 nou
502 3833 603 3903 recipit
628 3833 807 3889 auditionem

85 3929 114 3977 et
129 3920 349 3978 incircumcisus
371 3921 454 3977 labiis
475 3922 590 3986 dicitur,
607 3921 658 3991 oui
678 3935 735 3977 uon
748 3921 808 3977 clr-

79 4009 329 4079 itblaspbemiam‚
357 4010 572 4076 scurrilitatem,
596 4008 806 4080 turpiloquium

79 4113 136 4159 ruo.
159 4099 210 4168 qui
227 4113 283 4154 uon
302 4099 479 4168 posueritcri
495 4113 547 4154 suo
562 4098 732 4153 custodiam.
749 4097 808 4153 Cur

862 3223 913 3271 aut
937 3216 1129 3284 astronomica,
1147 3229 1213 3286 quas
1230 3213 1307 3286 apud
1324 3212 1387 3269 illos
1406 3211 1554 3283 precipua
1569 3208 1708 3271 ducitur,-

862 3303 962 3360 nullus
977 3312 1051 3361 certe
1067 3303 1228 3376 astrologiae
1241 3311 1268 3359 et
1290 3303 1439 3368 Genescos,
1464 3313 1524 3371 qua
1545 3296 1617 3355 nibil
1637 3295 1709 3352 diri·

862 3394 1053 3464 niusputant.
1088 3400 1196 3449 secreta
1235 3392 1399 3449 rimabatur
1416 3389 1474 3446 nisi
1489 3386 1708 3445 circumcisione

861 3492 1004 3552 suscepta.
1038 3481 1177 3538 Sacerdos
1211 3480 1290 3550 apud
1318 3494 1366 3536 eos
1399 3486 1451 3535 aut
1477 3491 1615 3548 aruspex,
1658 3481 1709 3532 aut

862 3570 1057 3641 quorumlibet
1071 3583 1220 3626 sacrorum
1233 3567 1372 3636 minister,
1411 3567 1457 3624 rel
1485 3573 1518 3623 ut
1549 3565 1591 3622 itti
1610 3563 1708 3636 appel-

861 3660 922 3716 lant
949 3659 1088 3730 propbeta
1102 3658 1196 3714 omnis
1223 3657 1412 3713 circumcisus
1422 3663 1474 3712 est.
1495 3655 1616 3711 Litteras
1637 3667 1708 3724 quo-

861 3763 918 3819 que
933 3748 1123 3805 sacerdotales
1132 3755 1264 3803 veterum
1293 3745 1496 3817 AEgyptiorum
1512 3757 1597 3800 nemo
1620 3743 1708 3799 disce·

861 3837 910 3892 bat
940 3836 996 3892 uisi
1019 3835 1217 3892 circumcisus.
1248 3833 1354 3891 Omnes
1368 3840 1458 3901 vates,
1489 3846 1589 3888 omnes
1629 3830 1705 3895 coeli,

861 3934 894 3982 ut
909 3932 1021 3995 putant,
1039 3922 1203 3995 internique
1223 3922 1370 3978 simsustes
1401 3919 1459 3994 [sic.
1476 3920 1531 3976 Aa.
1561 3920 1616 3990 leg.
1632 3933 1708 3988 sym·

862 4013 1035 4086 mystes?]et
1058 4013 1190 4068 conscius
1210 4009 1286 4081 apud
1316 4024 1364 4065 eos
1391 4023 1453 4065 esse
1478 4022 1538 4065 non
1570 4006 1706 4075 creditur,

862 4103 918 4159 nisi
932 4102 1122 4158 circumcisus
1141 4099 1238 4156 luerit.
1255 4100 1311 4155 lloc
1339 4112 1409 4169 orgo
1435 4098 1511 4168 apud
1544 4110 1596 4152 nos
1622 4103 1708 4166 turpe

79 4186 225 4242 rililorrua
241 4186 617 4258 incircuncisuspraeputio
630 4187 726 4243 carnis
747 4200 808 4242 susc
860 4191 1006 4264 Judiearis,
1032 4190 1108 4261 qrrod
1131 4189 1271 4260 apudvos
1291 4189 1331 4244 ita
1360 4187 1513 4244 honesturn
1545 4185 1708 4242 habeturet

89 4277 140 4346 qui
154 4289 223 4346 erga
238 4275 402 4332 naturalem
416 4276 508 4331 coitus
535 4285 643 4332 motum
669 4276 807 4332 immode—
823 4307 847 4365 n
864 4295 1014 4352 magnum,
1028 4288 1061 4336 ut
1075 4278 1231 4336 coelestium
1247 4277 1486 4349 infernorumque
1508 4284 1616 4333 secreta
1631 4288 1708 4330 non-

79 4362 178 4430 dssuit,
203 4365 393 4421 circumcisus
417 4378 485 4420 vero
502 4365 644 4421 habeatur
672 4365 725 4436 qui
754 4364 806 4420 bu·

79 4454 87 4508 i
118 4454 231 4522 negotio
260 4453 397 4524 legitimis
426 4461 453 4509 et
484 4461 627 4524 errantum
651 4452 808 4524 posteritati

79 4549 180 4599 utatur
198 4541 324 4598 officiis?
339 4543 417 4598 llnde
438 4544 575 4613 qtiouiam
600 4543 635 4599 de
659 4543 809 4599 circumci-

79 4631 184 4686 ratione
200 4632 401 4698 tractavimus,
428 4639 455 4687 et
480 4630 554 4686 illud
572 4630 732 4703 adjungere
751 4646 810 4688 nou

79 4733 122 4777 rut
139 4720 295 4781 videbitur,
327 4722 404 4791 quod
420 4720 585 4776 tiliusliave
612 4736 648 4776 ex
668 4730 809 4791 praecepto

103 4808 176 4865 lilios
195 4810 282 4865 lsrael
311 4810 438 4865 secundo
467 4810 680 4867 circumcidisse
709 4810 810 4867 cultris

79 4905 264 4955 memoratur.
298 4897 380 4964 Quod
408 4899 509 4968 utique
524 4905 666 4969 quantum
682 4899 716 4954 ad
735 4899 808 4956 litte·

79 4987 212 5056 possibile
240 4987 364 5043 ridetur.
395 4987 484 5044 Semel
524 4989 600 5043 enim
632 4987 811 5044 circumcisis

79 5089 94 5132 e
121 5076 282 5146 praeputiis,
317 5076 387 5146 quid
416 5076 546 5132 invenire
568 5084 659 5148 potest
683 5077 810 5133 secunda

79 5163 172 5221 :isici
204 5166 287 5222 lesus
329 5178 398 5221 vero
432 5173 528 5222 noster
572 5166 623 5235 uui
651 5179 719 5223 rere
748 5174 809 5236 post

79 5269 85 5309 ι
112 5253 187 5309 itlius
214 5253 301 5310 lsrael
331 5255 491 5310 interram
524 5263 654 5311 sanctam
683 5254 808 5324 induxit,

111 5342 313 5412 estquomodo
363 5342 489 5398 secundo
542 5341 730 5397 circumcidat
754 5356 811 5398 cre·

87 5430 218 5502 populos.
256 5431 353 5487 Prima
391 5444 519 5501 namque
544 5439 586 5488 est
617 5431 808 5498 circumcisio,

100 5520 142 5578 eis
163 5520 210 5578 vel
229 5520 372 5582 idolorum
390 5521 502 5579 cultum
513 5517 560 5578 rel
573 5527 736 5578 commenta
745 5520 808 5592 pbi-

862 4371 920 4426 nisi
946 4384 997 4440 per
1007 4368 1207 4440 hujuscemodi
1223 4366 1348 4438 insignia
1370 4365 1516 4423 enuntiari
1531 4366 1613 4423 nobis
1627 4377 1708 4434 posse
1747 4410 1753 4433 .,

862 4459 994 4516 credatis.
1014 4459 1094 4516 Unde
1122 4459 1146 4514 si
1176 4456 1318 4528 replicetis
1350 4455 1484 4512 historias
1516 4463 1636 4520 vestras,
1665 4453 1709 4508 in·

862 4548 983 4605 venietis
1005 4562 1062 4604 nou
1089 4546 1183 4604 solum
1207 4545 1408 4618 AEgyptiorurtt
1443 4543 1603 4600 sacerdotes
1640 4555 1708 4599 usos

862 4652 923 4695 esse
937 4636 1163 4704 circumcisione,
1181 4635 1330 4691 sedetiam
1362 4633 1475 4690 Arabas
1493 4640 1520 4690 ot
1546 4631 1705 4701 AEtbiopas,

862 4726 1056 4791 ethoenices,
1071 4724 1202 4796 aliosque
1226 4736 1353 4794 utrorum
1375 4722 1472 4779 studia
1499 4734 1568 4793 erga
1601 4720 1708 4791 hujus·

862 4814 940 4870 modi
963 4813 1179 4885 superstitiones
1194 4811 1321 4869 nobilius
1335 4811 1462 4883 viguere.

898 4924 913 4953 «
932 4903 998 4960 llaec
1013 4903 1089 4959 dicta
1103 4909 1175 4958 sunt
1189 4900 1329 4958 adversus
1353 4899 1482 4972 gentiles.
1499 4898 1584 4956 Nunc
1612 4897 1648 4955 ad
1659 4911 1708 4954 eos

862 5005 956 5050 sermo
971 4992 1126 5064 dirigatur,
1152 4990 1203 5062 oni
1223 4989 1336 5047 Christo
1365 4988 1482 5061 quidem
1508 4988 1642 5055 credunt,
1659 4986 1708 5043 sed

863 5079 954 5152 legem
978 5093 1035 5135 non
1052 5077 1196 5149 recipiunt
1212 5086 1240 5134 et
1268 5076 1431 5147 propbetas.
1461 5075 1605 5146 Scriptum
1620 5081 1663 5131 est
1678 5073 1709 5128 in

863 5168 992 5241 Epistola
1011 5166 1086 5223 Petri
1126 5167 1196 5237 quia
1219 5165 1358 5235 redempti
1379 5178 1482 5221 sumus
1505 5164 1629 5236 pretioso
1642 5175 1707 5219 san·

864 5260 954 5329 gutne
982 5254 1140 5326 Unigeniti,
1153 5255 1189 5310 ab
1203 5253 1302 5324 aliquo
1330 5251 1392 5309 siue
1414 5252 1504 5310 dubio
1518 5252 1607 5324 empti
1622 5252 1710 5326 cujus

863 5342 1076 5409 eramusservi,
1096 5343 1148 5413 qui
1160 5349 1188 5398 et
1212 5340 1338 5411 pretium
1354 5342 1501 5412 proposuit
1515 5341 1594 5414 quud
1606 5340 1708 5408 veluit,

864 5440 897 5490 ut
907 5431 1061 5489 dimitteret
1077 5430 1155 5502 quod
1165 5428 1288 5487 tenebat.
1299 5428 1426 5488 Tenebat
1435 5438 1533 5488 autem
1545 5445 1599 5489 uos
1613 5430 1710 5488 diabo

862 5520 922 5590 lus,
934 5521 982 5579 cui
998 5519 1126 5581 distracti
1139 5519 1290 5579 lueremus
1303 5519 1429 5591 peccatis
1447 5519 1562 5588 neside.
1577 5520 1709 5593 Poposcit
