3736 5962
63 61 136 122 ,tela

583 57 632 114 AD
652 56 769 115 OPERA
785 57 889 115 PETRI
906 57 1096 118 duamani
1114 57 1298 117 mennam.

68 181 237 258 imponendi
252 179 373 245 habent,
393 179 527 260 videlicet
551 194 625 250 qnos
646 180 721 238 Dens
744 180 871 254 elegerit,
891 189 919 239 et
934 183 958 237 d
973 182 1029 241 erit
1051 195 1139 254 super
1161 182 1256 253 capita
1276 195 1388 248 eorum,
1404 180 1477 252 qnia
1497 175 1633 236 consilia
1658 177 1710 234 beat

68 258 121 330 ipsi
138 258 240 383 dianas
257 251 462 324 judicaverint.
489 251 572 306 Unde
587 251 728 309 habemns
744 253 775 308 in
797 254 915 310 Actibus

69 336 169 399 aposto
182 338 265 382 oram
284 323 356 392 (cap.
374 320 436 390 mul
457 322 533 391 qnod
557 322 659 379 beatus
685 325 787 380 Petrus
806 324 915 381 Simoni

68 402 153 471 Mago
175 395 304 453 ollerenti
329 393 478 462 pecuniam
504 391 567 460 sibi,
595 401 623 449 et
648 395 754 462 petenti
776 395 914 465 Spiritum

69 479 205 527 sanctum
217 476 245 522 et
260 465 345 520 talem
362 471 529 532 potestatem
545 465 608 520 dari
619 465 685 532 sibi,
702 475 734 522 ut
748 467 915 536 cuicunque

68 542 130 614 ipse
156 539 315 619 imponeret
336 548 441 591 manns
456 535 595 604 Spiritum
617 544 751 593 sanctum
765 539 914 608 acciperet,

69 609 239 681 respondit:
262 608 322 662 Non
341 599 380 660 esi
399 607 450 660 tibi
473 621 530 660 sors
553 622 639 672 neque
662 624 727 676 pars
744 611 774 662 in
795 624 915 663 sermone

67 687 131 750 isto,
161 681 226 746 quia
253 679 397 732 aestimasti
426 677 528 732 donum
550 680 600 732 Dei
626 680 742 746 pecunia
767 680 914 751 possideri.

70 754 124 812 Sed
138 767 205 818 rapa
229 751 382 815 Dominam,
399 752 424 802 ct
438 764 488 816 ape
508 751 696 821 prandentium
716 752 749 805 od
768 751 817 806 bac
838 756 917 805 tanta

69 825 195 894 nequitia
214 826 273 884 tua,
297 836 357 886 qua
372 821 401 873 in
420 835 465 874 cor
479 826 555 874 taum
575 820 708 874 ascendet.
724 823 760 878 Et
779 823 818 878 ita
834 822 916 877 illum

71 896 225 966 indignum
243 891 333 960 hujus
344 890 437 946 divini
451 890 536 945 otticii
553 892 748 960 respuendum
764 907 824 949 esse
838 893 915 963 judi-

72 966 158 1022 cavit.
188 961 332 1017 Habemus
361 962 448 1016 etiam
477 961 506 1015 in
533 961 631 1016 eodem
662 963 733 1019 libro
762 962 833 1035 (cap.
860 963 916 1028 ιιι)

94 1037 148 1092 uod
167 1033 286 1103 apostoli
303 1045 354 1102 per
372 1046 472 1087 omnes
487 1032 628 1092 civitates.
645 1033 673 1088 in
693 1034 802 1104 quibus
814 1048 918 1090 nomen

72 1053 188 1165 Eomini
213 1105 301 1158 nostrl
330 1104 397 1158 lesu
420 1102 524 1158 Christi
551 1103 760 1171 celebrabatur,
780 1114 808 1163 et
833 1105 919 1162 Chri-

73 1177 161 1235 stiani
188 1174 284 1229 fideles
300 1173 498 1242 persistebant,
522 1173 701 1244 presbyteros
728 1183 756 1232 et
786 1176 919 1233 diaconos

73 1248 110 1306 ad
141 1245 241 1302 eadem
269 1252 449 1300 sacramenta
472 1245 634 1314 peragenda
661 1245 702 1302 eis
726 1247 918 1302 ordinabant:

72 1318 152 1376 verbi
169 1316 349 1387 gradacum
367 1317 568 1370 constituissent
587 1319 771 1386 persinqulos
787 1320 920 1373 Ecclesiae

969 267 986 309 ι
1008 252 1088 311 ostoli
1114 267 1172 310 non
1188 251 1351 320 attendunt,
1375 266 1473 323 neque
1490 250 1653 317 obediunt,
1672 264 1706 320 qu

994 326 1056 380 alite
1083 329 1147 380 ante
1176 329 1283 393 tempus
1312 324 1450 392 judicare,
1483 321 1710 392 quoadusquel

968 400 1069 461 veniat,
1106 397 1153 463 qui
1185 396 1354 451 illuminabit
1384 395 1556 450 abscondita
1584 393 1710 447 terrebere

968 467 1160 533 manifestabit
1185 470 1299 522 consitio
1322 466 1444 521 cordium
1471 466 1498 531 (l
1527 465 1590 522 Cor.
1611 463 1648 535 t);
1670 475 1694 519 et

969 537 1031 595 loco
1045 554 1052 593 ε
1067 540 1194 594 Dominus
1214 539 1288 594 nouit
1303 540 1350 606 qni
1370 545 1435 593 aurit
1451 536 1515 605 ejus
1531 538 1566 606 (ll
1584 538 1658 592 Tim.
1672 537 1708 606 ιι).

967 615 975 623 “
1298 609 1411 664 CAPUT
1430 609 1489 665 xv.

1006 678 1109 737 Omnia
1136 679 1336 736 haeretieorum
1364 679 1504 744 esttides,
1533 678 1617 748 quod
1646 677 1710 733 notit

971 766 1058 808 suum
1090 752 1335 808 consolamentum
1368 760 1535 821 receptum,
1567 748 1593 805 si
1632 764 1710 804 carne

972 835 1100 888 caseum,
1130 822 1175 879 vel
1213 836 1269 878 ova
1304 822 1468 887 comederit,
1502 827 1598 890 potest
1627 820 1711 875 saltat

973 893 1170 965 paenitentiam
1186 892 1326 963 receperit
1344 892 1381 948 ab
1402 893 1454 959 eis,
1472 895 1504 946 et
1529 898 1595 960 post
1620 895 1702 946 etiam

973 964 1175 1021 reconsoletur.
1210 963 1262 1020 Sed
1297 971 1409 1019 tantum
1442 976 1586 1018 errorum
1623 964 1710 1018 destrn

974 1034 1146 1092 testimoniis
1177 1034 1412 1105 Evangeliorum,
1448 1043 1478 1089 et
1517 1034 1610 1089 etiarn
1639 1035 1708 1102 Epist

975 1106 1168 1176 apostolorum
1193 1112 1220 1161 et
1237 1108 1362 1165 Aetnam
1381 1105 1505 1161 obviare
1530 1119 1681 1160 conemur.
1701 1107 1709 1159 1

974 1191 1103 1245 namque
1117 1178 1147 1232 in
1163 1176 1320 1248 Evangelio
1333 1177 1410 1246 qnod
1427 1175 1582 1231 Dominus
1598 1176 1669 1231 dixit
1683 1176 1710 1230 dl

975 1250 1054 1302 suis:
1082 1248 1119 1301 In
1146 1263 1336 1317 quamcunque
1364 1247 1477 1301 domum
1509 1249 1697 1309 intraceritis,

976 1319 1082 1373 edentes
1106 1323 1130 1372 et
1154 1318 1271 1373 bibentes
1296 1334 1354 1387 quae
1377 1318 1455 1372 uobis
1484 1325 1669 1387 apponentur
1689 1321 1710 1386 (l

70 1390 256 1462 presbyteros.
281 1388 350 1443 ltem
376 1388 403 1441 in
426 1389 524 1442 eodem
541 1386 612 1458 (cap.
640 1387 699 1459 ιιι).
725 1403 790 1444 cum
813 1389 922 1444 Paulus
976 1389 1090 1447 Nullam
1107 1388 1237 1445 ciborum
1260 1388 1470 1459 exceptionem,
1491 1389 1611 1444 scilicet
1634 1391 1707 1445 carni

74 1461 161 1517 vellet
179 1459 216 1514 ab
232 1456 300 1514 Asia
321 1457 576 1527 ireterosoiymam
599 1462 741 1515 transiens
760 1474 809 1529 per
824 1460 922 1516 Eccle-
977 1460 1104 1516 aliarum
1125 1473 1257 1516 escarum
1280 1458 1415 1523 leuitate,
1442 1459 1497 1516 sed
1516 1461 1710 1516 universaliter

75 1531 133 1587 sias
148 1533 175 1584 in
193 1529 301 1597 quibus
321 1529 500 1599 presbyteros
516 1536 543 1583 et
561 1530 708 1600 episcopos
722 1531 918 1596 ordinaverat,
935 1530 957 1585 B
974 1532 1143 1600 Quacumque
1171 1531 1245 1586 vobis
1273 1535 1453 1600 opponantur
1480 1532 1670 1587 manducate.
1701 1533 1710 1586 l

76 1601 157 1658 venit
172 1600 312 1670 Miletom3
327 1607 355 1654 et
371 1601 489 1655 mittens
509 1599 655 1670 Ephesum
672 1603 785 1657 vocavit
800 1604 923 1672 majores
978 1601 1135 1672 Evangelio
1154 1602 1311 1658 secundum
1328 1601 1506 1657 llatthaeum
1526 1602 1610 1673 (cap.
1630 1604 1675 1673 ιιι)
1691 1603 1710 1657 it

77 1680 150 1729 natu
166 1671 300 1726 Ecclesia
323 1670 455 1740 dixitque
477 1670 534 1725 eis:
561 1672 702 1727 Attendite
720 1673 794 1727 uobis
809 1679 835 1728 et
857 1675 924 1727 uni·
978 1673 1056 1744 quod
1072 1673 1164 1729 dixit:
1189 1674 1247 1727 Non
1265 1674 1337 1741 quod
1356 1675 1447 1726 intrat
1463 1675 1496 1726 in
1516 1688 1563 1733 cs.
1586 1673 1709 1742 coinqnm

76 1758 153 1798 uerso
174 1743 262 1810 prepi,
289 1743 320 1795 in
345 1758 396 1811 quo
412 1757 458 1795 oos
481 1742 603 1810 Spiritus
624 1748 734 1798 sanctus
753 1747 845 1811 posuit
868 1746 924 1812 epi·
977 1760 1048 1807 nan,
1064 1747 1130 1809 qaia
1151 1743 1183 1798 de
1196 1744 1275 1798 eorde
1294 1744 1449 1812 procedunt
1474 1745 1572 1799 ueluti
1587 1746 1710 1799 homicidi

79 1829 171 1882 scopos
200 1829 293 1881 reqere
320 1815 467 1867 Ecclesiam
496 1815 554 1872 Dei.
578 1829 660 1880 quam
690 1818 840 1883 acquisivit
866 1830 926 1868 san·
979 1817 1163 1881 tentatoria,
1186 1816 1261 1881 salsa
1281 1819 1453 1880 testimonia,
1480 1823 1544 1881 etc.
1566 1818 1639 1871 ltcm
1662 1817 1710 1872 hab

77 1887 160 1953 paine
188 1899 247 1938 suo.
284 1883 319 1938 Et
347 1891 498 1954 postquam
536 1883 678 1940 Dominus
712 1895 809 1942 noster
841 1887 925 1942 lesus
977 1887 1058 1942 Euan
1081 1885 1153 1951 eltis,
1177 1886 1254 1953 quod
1277 1887 1417 1941 Donttnus
1441 1884 1539 1941 lesus
1564 1886 1697 1943 Christus

78 1956 212 2013 Christus
233 1953 372 2023 apostolos
395 1954 488 2025 elegit,
514 1960 541 2009 et
565 1965 627 2026 post
646 1955 708 2025 ejus
728 1956 924 2013 ascensionem
977 1972 1043 2013 cnm
1062 1901 1213 2023 {tectonas
1227 1956 1288 2011 suis
1305 1957 1371 2026 agni
1389 1956 1554 2026 paschalis
1581 1973 1697 2013 carnem

77 2027 178 2098 populi
194 2041 245 2096 per
258 2026 410 2080 universas
425 2026 563 2081 Ecclesiae
586 2026 744 2096 episcopos;
761 2035 788 2083 et
810 2027 925 2098 presby·
978 2027 1052 2083 sicut
1074 2029 1164 2082 Lucas
1185 2028 1214 2082 in
1236 2027 1391 2095 Evangelio
1410 2025 1493 2098 (cap.
1520 2028 1598 2098 xxti)
1625 2044 1710 2100 scrps

80 2106 155 2155 teras
178 2112 204 2153 et
218 2096 305 2153 etiam
324 2098 459 2152 diaconos
473 2096 508 2152 ad
533 2099 696 2168 peragenda
714 2100 812 2153 ontnia
826 2099 925 2154 divina
978 2098 1064 2155 leste:
1093 2099 1173 2153 Venit
1196 2103 1287 2152 autem
1308 2099 1366 2153 dies
1391 2115 1591 2167 aspanorum,
1624 2107 1654 2155 ia
1675 2118 1710 2170 qa

78 2169 217 2239 mysteria
238 2169 464 2234 constituerunt3
493 2175 521 2223 et
543 2171 673 2224 eamdem
703 2176 866 2237 potestatem
898 2175 925 2225 et
979 2174 1036 2224 erat
1064 2169 1151 2223 occidi
1182 2169 1310 2223 Pascha:
1336 2175 1360 2223 et
1388 2173 1477 2223 misit
1508 2173 1634 2226 Petram
1659 2180 1710 2227 etr

53 2304 56 2310 ¹
79 2239 263 2296 traditionem
280 2253 369 2309 quam
394 2238 448 2308 ipsi
472 2253 489 2293 a
511 2238 624 2295 Christo
644 2249 823 2309 acceperant,
849 2239 888 2295 illi
908 2254 925 2296 a
979 2240 1088 2296 dicem:
1105 2240 1211 2294 Eantes
1233 2245 1330 2308 parate
1349 2239 1431 2295 nobis
1455 2243 1584 2297 Pascha
1607 2249 1640 2299 at
1656 2261 1710 2297 mm

81 2324 111 2365 se
142 2308 282 2366 ordinatis
307 2310 510 2365 concedebant.
547 2311 683 2380 Quisquis
717 2320 817 2367 contra
851 2311 926 2366 hanc
978 2313 1017 2366 dt
1051 2311 1094 2364 itti
1122 2310 1268 2364 decerunt:
1299 2312 1350 2366 ilbi
1377 2314 1423 2364 vis
1456 2328 1607 2379 patremus
1642 2317 1690 2368 tibi

81 2380 325 2450 apostolicama...
355 2380 421 2434 tacit
451 2388 478 2435 et
502 2382 601 2447 credit,
632 2380 756 2436 multum
784 2389 870 2445 errat,
898 2389 926 2437 et
979 2380 1166 2437 Paschaielc.
1185 2381 1320 2436 Dicittibi
1338 2382 1511 2449 Mapister:
1533 2387 1708 2441 Ubiestdit

80 2459 202 2508 mortem
230 2450 284 2505 sibi
308 2459 453 2519 operatur.
484 2450 564 2506 Unde
590 2458 616 2506 et
639 2451 762 2507 lacobus
788 2454 857 2519 (capt.
890 2451 924 2524 ιι)
979 2452 1460 2521 rebiPascleacamdiseipulismeis
1479 2456 1710 2518 rnarsdacemet

81 2523 140 2578 alt:
167 2520 218 2585 Qui
237 2525 321 2575 totam
347 2522 429 2588 leqem
456 2524 615 2587 sanaverit,
645 2522 759 2592 offendit
785 2528 875 2578 autem
896 2527 926 2577 in
980 2529 1071 2578 antem
1084 2523 1405 2578 inueneruntsicutdiait
1417 2525 1499 2590 iltis,
1513 2534 1543 2579 et
1556 2544 1710 2596 paracerut

80 2608 145 2655 uno,
164 2593 257 2659 tactus
274 2595 313 2646 est
327 2593 447 2668 omnium
466 2607 541 2646 reus.
561 2593 630 2647 ltem
646 2594 774 2650 Paulus:
790 2595 926 2650 Modicum
979 2596 1089 2649 Etcum
1111 2595 1188 2660 sacta
1208 2599 1276 2648 esset
1302 2593 1369 2647 hora
1396 2594 1562 2651 discubitet
1589 2605 1618 2654 ct
1637 2601 1710 2654 duod

81 2667 244 2733 termentum
269 2668 353 2717 totam
374 2678 493 2717 massam
515 2665 664 2733 corrumpit
685 2665 712 2790 [ll
741 2666 801 2721 Gor.
827 2666 866 2734 v).
891 2665 927 2721 Et
980 2681 1020 2731 eo,
1047 2672 1073 2719 et
1108 2669 1148 2719 ait
1173 2666 1259 2731 ,ittae
1286 2665 1431 2719 Desiderio
1473 2667 1652 2725 desideravi
1682 2675 1710 2725 ia

81 2746 182 2792 contra
201 2747 336 2804 personas
350 2733 552 2789 hereticorum
569 2734 621 2791 ista
635 2735 684 2791 sul
693 2736 790 2792 iciant.
980 2736 1145 2790 manducare
1178 2739 1313 2790 uodncum
1344 2741 1514 2802 anteqnam
1545 2747 1663 2810 patiar.
1695 2746 1710 2797 l

116 2808 186 2862 ltem
209 2813 311 2861 contra
334 2806 451 2860 niodum
468 2805 674 2861 consolamenti
694 2820 805 2863 atram.
827 2806 926 2862 tiere-
980 2808 1055 2861 oodis
1082 2809 1148 2873 qaia
1171 2822 1205 2861 ea
1228 2808 1275 2861 hoc
1299 2822 1352 2861 non
1377 2811 1582 2867 manducabo
1611 2815 1684 2868 illad
1705 2836 1710 2867 t

80 2877 130 2935 tici
151 2879 221 2932 dant
248 2875 320 2931 illud
343 2876 589 2932 consolamentum
619 2884 676 2932 tam
702 2879 815 2948 magnis
836 2864 1090 2948 quameteatar
1113 2884 1142 2930 in
1165 2893 1247 2945 reqno
1269 2880 1326 2932 Dei.
1349 2878 1387 2932 Et
1414 2881 1520 2936 etiam
1550 2886 1656 2946 caeteri
1679 2900 1710 2940 es

80 2948 190 3019 parvis,
222 2946 295 3003 viris
328 2961 361 3002 aa
390 2946 580 3002 mulieribus:
610 2947 687 3017 quod
711 2962 862 3017 nunquam
888 2947 926 3003 ab
981 2949 1087 3004 similia
1107 2948 1195 3004 verba
1221 2948 1265 3003 his
1289 2949 1485 3017 scripserunt
1518 2957 1607 3024 quod
1634 2955 1710 3013 Chris

81 3019 225 3090 epistolis,
242 3032 337 3088 neque
353 3018 428 3073 inter
447 3017 603 3088 discipulos
618 3032 717 3074 eornm
741 3019 846 3075 taetrum
861 3018 926 3085 luit,
980 3020 1039 3075 edit
1065 3020 1182 3086 Pascha,
1213 3018 1241 3073 e't
1276 3018 1346 3075 illud
1377 3019 1519 3091 Pascha,
1554 3028 1642 3096 quod
1667 3042 1710 3083 nec

81 3105 177 3161 neque
206 3090 375 3146 mandatum
411 3087 497 3144 luisse
527 3089 563 3144 ab
592 3089 634 3145 eis
664 3089 820 3155 invenitur,
857 3090 927 3161 quia
981 3089 1083 3153 occidi,
1118 3097 1180 3146 erat
1209 3103 1304 3160 agatis
1332 3091 1496 3157 paschalis
1534 3097 1576 3152 de
1606 3113 1663 3167 quo
1687 3111 1710 3164 pt

80 3160 203 3231 apostoli
247 3175 321 3230 quos
362 3159 497 3215 ordinare
535 3161 671 3216 nolebant
715 3162 925 3228 praedicatores,
981 3160 1123 3216 Dominus
1146 3160 1233 3228 bloysi
1261 3161 1362 3226 (and.
1392 3163 1466 3233 ιιιι).
1506 3165 1549 3222 Et
1581 3167 1710 3225 Christus

81 3233 265 3303 presbyteros
293 3230 337 3285 vel
374 3230 510 3286 diaconos
534 3244 621 3299 super
650 3231 788 3300 populum
824 3245 928 3287 manus
982 3244 1092 3285 anum
1118 3230 1293 3300 paschalem,
1316 3237 1343 3286 et
1374 3231 1424 3287 ille
1455 3248 1573 3306 agnus
1603 3252 1666 3295 erat
1689 3254 1710 3295 a

82 3311 195 3359 tantum
212 3301 413 3380 imponebant..
431 3299 472 3354 De
488 3300 551 3355 aliis
571 3314 629 3355 non
655 3301 815 3356 invenimus
840 3301 869 3356 in
885 3301 927 3356 di·
982 3248 1112 3357 Cffirtstus
1132 3302 1256 3357 comedit
1276 3313 1407 3357 carnem.
1435 3305 1523 3362 ltem
1559 3310 1710 3380 Apostolus

80 3375 151 3428 vina
175 3373 337 3449 Scriptura,
360 3383 414 3424 mst
435 3371 511 3439 qood
533 3369 738 3450 praedicabant.
755 3378 782 3427 et
799 3373 928 3439 baptiza·
982 3386 1078 3443 prima
1094 3372 1220 3441 Epistola
1244 3374 1278 3426 ad
1299 3372 1477 3431 corinthios
1506 3378 1589 3450 (cop.
1613 3383 1666 3453 x):
1689 3381 1710 3436 D

82 3444 153 3500 bant
174 3454 304 3497 eoscum
331 3448 509 3495 tnvocauone
525 3440 649 3509 Spiritus
668 3441 768 3508 sancti,
785 3451 817 3498 ut
830 3443 928 3498 Domi·
980 3445 1011 3498 ia
1037 3444 1149 3498 macello
1177 3442 1306 3508 venditur
1332 3446 1530 3514 manducate,
1560 3453 1639 3506 nihit
1669 3455 1710 3506 iat.

82 3528 139 3570 nus
152 3520 248 3568 noster
262 3511 345 3567 lesus
364 3510 497 3566 Christus
511 3526 560 3566 eos
574 3510 720 3580 docuerat,
743 3519 770 3568 et
785 3514 826 3570 eis
846 3528 927 3569 man·
978 3523 1094 3585 propter
1113 3516 1313 3569 conscientiam.
1329 3514 1361 3569 Si
1377 3519 1446 3584 qais
1472 3521 1647 3590 infidentium
1669 3540 1710 3578 tot

81 3584 212 3648 dancrat,
239 3590 271 3637 ut
300 3581 386 3637 dicit:
415 3583 465 3648 lte,
486 3582 576 3637 docete
602 3599 691 3639 omnes
712 3591 814 3652 pentes,
840 3585 926 3653 bapti·
983 3601 1094 3651 canam,
1109 3585 1232 3639 etoultis
1247 3589 1298 3648 ire,
1314 3600 1393 3640 omne
1417 3593 1505 3657 qaod
1522 3595 1710 3664 codisappon

82 3661 176 3713 mata
190 3654 340 3708 innomine
359 3655 469 3722 Patris,
485 3655 599 3721 etFitii,
622 3660 648 3709 et
679 3655 800 3725 Spiritus
831 3658 925 3719 sancti,
982 3656 1089 3721 durate,
1117 3656 1188 3710 nibil
1212 3661 1415 3723 interropantes
1440 3669 1578 3731 propter
1606 3669 1710 3720 rorarii

82 3734 110 3784 et
130 3727 250 3781 lormam
267 3732 294 3780 et
318 3725 436 3779 modum
451 3725 529 3780 dedit
543 3740 593 3793 ets,
611 3726 661 3795 qui
685 3741 777 3797 usquc
799 3727 883 3782 hodie
899 3726 928 3781 ln
983 3729 1045 3793 qun
1070 3734 1161 3781 antem
1182 3727 1285 3781 dicerit
1309 3729 1385 3781 nodis
1411 3730 1449 3784 de
1474 3735 1641 3792 immolans
1663 3741 1710 3791 etia

82 3797 210 3855 Ecclesia
234 3795 349 3875 assidue
373 3795 521 3851 retinetur.
548 3797 628 3853 Unde
648 3797 731 3853 valde
762 3797 929 3853 mirandam
982 3797 1339 3867 rtatitecomederepropter
1359 3800 1437 3854 ittud
1459 3806 1548 3873 quod
1573 3809 1710 3862 indicavit

83 3877 137 3937 est,
152 3882 169 3924 a
184 3881 243 3938 quo
267 3865 528 3947 taltsconsuetudo
553 3867 756 3925 consolamenti
780 3867 929 3924 haeretico·
982 3875 1044 3938 pter
1065 3870 1271 3934 conscientiam
1291 3871 1501 3928 conscientiam
1530 3894 1592 3933 non
1613 3886 1701 3944 taam,

82 3953 150 3998 rum
179 3938 280 3996 babuit
307 3944 432 4001 tntttum,
457 3937 502 3993 vel
529 3937 651 4008 sumpsit
676 3940 839 4006 exordium,
860 3941 930 4010 quia
984 3942 1050 3994 rius.
1077 3941 1145 3995 ltem
1168 3939 1320 4009 aposolus
1341 3942 1376 3994 ad
1404 3942 1636 4004 Timotheum:
1661 3951 1708 4004 Om

4 4018 12 4038 ·
82 4027 119 4070 ne
143 4025 179 4067 ue
194 4023 211 4065 a
227 4009 384 4081 prophetis,
409 4022 504 4077 neque
525 4021 542 4062 a
564 4010 683 4075 Christo,
699 4024 735 4065 ne
759 4012 845 4066 acab
865 4025 928 4080 apo-
985 4016 1048 4066 tara
1064 4013 1111 4065 Dei
1127 4010 1206 4072 bona,
1228 4015 1253 4064 et
1267 4010 1338 4064 nibil
1357 4012 1558 4081 rejiciendam
1577 4022 1655 4090 qaod
1676 4037 1710 4074 aa,

84 4027 174 4150 εῑοἹίε,
200 4094 294 4161 necque
307 4078 350 4160 ‘ab
372 4077 535 4148 apostolicis
559 4079 629 4159 viris
646 4025 840 4150 aposufforum
864 4095 927 4137 suc·
986 4098 1048 4136 rum
1063 4086 1167 4136 actione
1180 4082 1346 4151 percipitur.
1360 4083 1581 4145 Sanctmcatw·
1597 4096 1710 4160 enirnp

83 4153 245 4212 cessoribus
273 4161 388 4207 tntnum
421 4149 526 4205 habere
549 4151 679 4230 ¹videtur,
707 4153 778 4222 qnia
805 4153 927 4208 multum
944 4145 967 4200 D
983 4155 1031 4208 Dei
1045 4158 1071 4207 et
1090 4154 1238 4207 orationem
1254 4153 1275 4222 (1
1303 4155 1371 4207 Tim.
1397 4159 1452 4221 ιι).
1479 4159 1520 4214 Ει
1543 4176 1603 4217 ntis
1624 4166 1710 4217 scema

84 4227 228 4294 discrepat
253 4237 269 4277 a
291 4221 374 4303 dtctis
394 4226 421 4274 et
447 4234 464 4301 a
490 4220 582 4286 lactis,
606 4228 634 4277 et
657 4222 742 4278 etiam
769 4238 786 4280 a
818 4224 930 4294 scriptis
984 4224 1172 4293 dimusqnod
1198 4223 1339 4287 tibrtstus,
1363 4226 1416 4293 qui
1437 4235 1489 4284 est
1512 4230 1655 4289 Verbum
1671 4242 1697 4287 et

83 4296 363 4354 istarumomntum.
386 4291 420 4347 Et
445 4291 753 4349 tdeocredendumest
777 4295 930 4351 utsintdc
981 4294 1034 4351 Dei
1059 4293 1396 4361 Patris,adnihilaltud
1428 4300 1520 4355 venit
1549 4304 1582 4358 in
1610 4304 1710 4360 niundt

83 4369 150 4435 illis,
168 4368 202 4423 de
221 4364 330 4434 quibus
345 4361 491 4435 apostolas
509 4363 618 4419 Pontus
639 4365 666 4419 in
684 4365 810 4434 Epistola
829 4380 929 4421 secun·
984 4373 1134 4435 assumpta
1154 4365 1189 4420 dc
1212 4373 1293 4420 utero
1315 4365 1456 4437 Virginis,
1485 4373 1547 4427 nisi
1578 4376 1617 4429 ad
1643 4374 1710 4430 salu

83 4441 120 4496 da
148 4438 184 4494 ad
212 4436 395 4492 Timotheum
424 4432 496 4505 (cap.
530 4434 570 4504 ιι)
609 4437 740 4505 scripsit:
770 4439 831 4490 Erit
859 4438 929 4491 enim
983 4450 1108 4492 ntorum.
1135 4436 1200 4491 llaec
1224 4438 1440 4506 suprascripta
1467 4455 1534 4498 non
1562 4444 1695 4511 tecieset,

84 4516 187 4581 tempus
211 4522 271 4563 cum
299 4521 396 4561 sanam
420 4505 572 4560 doctrinam
595 4522 648 4560 non
671 4508 854 4574 sustinebunt,
883 4507 930 4561 sed
981 4507 1120 4577 jussisset,
1145 4506 1169 4561 si
1192 4517 1265 4562 essct
1276 4506 1420 4576 judicium
1443 4519 1476 4565 et
1503 4514 1667 4571 dantnatio
1688 4531 1710 4570 at

84 4584 121 4640 ad
148 4597 199 4637 aaa
229 4577 367 4634 desideria
391 4577 586 4632 coacervabunt
614 4579 667 4633 sibi
688 4582 833 4645 ntapistros
862 4595 928 4645 ptru-

82 4658 183 4710 rientes
213 4651 327 4706 aumbus
352 4652 378 4705 et
405 4664 423 4703 o
449 4652 620 4704 veritate...
646 4649 772 4703 auditum
795 4654 928 4714 avertent,

83 4726 157 4795 Quia
185 4722 232 4779 isti
255 4736 309 4777 nec
337 4719 412 4776 dicta
440 4720 654 4790 prophetarum,
684 4735 736 4776 nec
764 4721 935 4778 traditiones

83 4794 290 4868 apostolorum,
325 4806 378 4847 nec
409 4804 503 4846 mores
532 4791 662 4847 virorum
694 4793 928 4861 apostolicorum,

82 4867 236 4926 necotiam
262 4861 369 4933 scripta
392 4869 558 4919 sanctorum
563 4902 616 4917 .....
638 4863 764 4918 obedire.
789 4864 847 4933 lpsi
872 4865 930 4919 hae·

83 4940 165 4997 retici
180 4950 279 4994 omnes
294 4935 424 4992 homines
438 4932 524 5005 cujus
527 4973 579 4992 .....
596 4933 666 4991 illud
684 4933 929 4991 consolamentum

84 5012 120 5069 ab
145 5010 188 5067 eis
211 5023 270 5063 non
293 5004 455 5075 acceperint
458 5042 512 5061 .....
542 5012 570 5062 et
597 5006 627 5060 in
652 5005 706 5061 hoc
729 5006 930 5061 contradicunt

82 5082 171 5140 verbo
200 5078 317 5136 Domini
346 5076 435 5133 nostri
462 5077 527 5132 lesu
555 5075 672 5143 Christi,
701 5077 750 5146 qui
755 5115 810 5131 .....
836 5076 928 5131 dixit:

83 5153 174 5214 Nolite
191 5152 330 5220 judicare,
345 5154 370 5204 et
387 5163 439 5203 non
464 5147 674 5216 judicabimini3
693 5148 778 5202 nolite
803 5148 931 5203 condem·

82 5241 159 5292 nare,
188 5228 215 5279 et
237 5238 291 5277 non
313 5220 560 5277 condemnabimini
584 5220 693 5284 (Mattd.
718 5220 778 5291 ιιι).
805 5220 840 5275 Et
868 5219 930 5274 ideo

83 5302 205 5366 possunt
219 5309 279 5350 esse
294 5293 328 5349 de
354 5293 419 5360 illis,
446 5291 480 5347 de
499 5291 606 5361 quibus
629 5289 803 5362 subjunxit:
821 5291 856 5344 In
877 5306 930 5358 quo

78 5366 183 5436 judicio
206 5366 402 5436 judicaveritis
427 5363 637 5432 judicabimini3
664 5368 689 5417 et
717 5364 748 5417 in
775 5377 830 5432 qna
857 5377 929 5415 meu·

83 5452 151 5494 cara
172 5440 260 5492 mensi
282 5438 394 5504 fueritis
417 5439 574 5491 remetietur
591 5434 677 5489 nobb.
702 5434 738 5490 Et
761 5433 831 5504 quia
847 5432 931 5505 judi-

85 5513 207 5566 cantet
232 5508 425 5565 condemnant
452 5505 524 5564 alios
548 5519 647 5563 omnes
676 5504 728 5578 qui
753 5504 788 5560 dc
791 5542 846 5559 .....
871 5517 930 5560 non

17 5595 22 5602 ·
84 5584 165 5640 sunt.
187 5577 389 5638 condemnatio
411 5584 440 5637 et
459 5576 605 5651 judicium
626 5590 715 5638 suum
735 5575 794 5635 Deo
816 5574 930 5636 volente

984 4578 1121 4634 bdelium.
1146 4577 1204 4634 Nee
1206 4618 1260 4632 .....
1284 4579 1403 4646 apostoli
1431 4582 1596 4649 spirituali
1627 4589 1710 4656 sapie

983 4648 1056 4718 buti,
1074 4649 1231 4705 imitatores
1257 4648 1359 4706 Christi
1364 4688 1417 4705 .....
1439 4653 1642 4724 scripsissent
1663 4672 1710 4713 net

983 4721 1099 4777 ederent
1127 4721 1329 4776 comestionem
1358 4720 1456 4776 carnis
1461 4763 1522 4779 .....
1554 4727 1709 4794 ciborum,

984 4801 1048 4848 rent
1076 4806 1137 4848 esse
1167 4790 1330 4847 damnabile
1360 4800 1516 4860 peccatum
1554 4801 1709 4854 manduca

982 4864 1091 4918 Paulus
1110 4863 1144 4917 ad
1164 4863 1307 4918 Ettmanos
1326 4862 1397 4933 (cap.
1415 4877 1480 4929 mv,
1503 4869 1570 4937 xv).
1591 4871 1710 4940 [refirma

982 4937 1014 4988 in
1028 4935 1081 5002 fide
1099 4935 1240 5000 assumite,
1262 4949 1316 4988 non
1343 4936 1372 4987 in
1388 4934 1652 5006 disceptationibus
1667 4959 1710 4996 eur

983 5005 1065 5059 Alius
1087 5020 1158 5058 enim
1181 5005 1267 5060 credit
1291 5005 1457 5059 aranducare
1490 5023 1521 5063 se
1545 5016 1663 5073 omnine
1694 5030 1710 5082 q

983 5077 1108 5145 infirmus
1135 5083 1174 5131 est
1206 5077 1264 5131 olas
1289 5076 1441 5131 manducet.
1469 5078 1500 5133 ls
1523 5084 1577 5145 qut
1610 5085 1710 5138 mande

982 5147 1190 5201 manducantem
1211 5164 1266 5202 non
1287 5152 1415 5215 spemat;
1444 5152 1472 5201 et
1507 5153 1561 5219 qui
1597 5170 1658 5208 non
1692 5171 1710 5208 n

983 5217 1190 5273 manducantem
1210 5235 1263 5274 non
1275 5218 1390 5285 iudicet.
1411 5221 1479 5274 Deus
1495 5225 1574 5277 enim
1590 5226 1677 5281 illum
1691 5244 1709 5281 a

985 5291 1025 5344 Tu
1041 5292 1101 5360 quis
1123 5305 1151 5344 ee
1165 5293 1214 5358 qai
1225 5291 1335 5360 judicas
1354 5291 1476 5345 alienum
1499 5288 1647 5352 sacrem?
1672 5301 1710 5353 Do

983 5366 1049 5428 stat,
1070 5367 1118 5415 aut
1142 5360 1227 5414 cadit.
1251 5360 1342 5417 Stabit
1361 5367 1466 5427 antem;
1490 5370 1661 5433 potensest
1683 5386 1710 5424 ea

983 5436 1103 5487 statuere
1113 5433 1202 5488 illum.
1215 5433 1284 5490 Nam
1295 5432 1486 5503 atiusjudt'aat
1496 5436 1574 5492 mern
1587 5441 1670 5495 inter
1683 5441 1710 5494 at

984 5503 1194 5574 autemjndicat
1213 5519 1318 5561 omnem
1342 5504 1424 5561 diem.
1442 5505 1650 5583 Unusqttt'sque
1670 5528 1710 5568 ent

984 5589 1066 5633 saun
1083 5575 1216 5633 abundat.
1238 5575 1292 5643 Qui
1308 5576 1384 5649 sapit
1399 5575 1473 5634 diem
1492 5580 1616 5641 Dum
1641 5587 1710 5656 sape
