3804 5962
14 188 15 191 ‘
122 207 190 263 tuas
387 205 490 260 aaran
507 203 693 261 nanctum
713 204 787 264 ora.
808 207 899 262 anns
917 205 966 262 ιιι.
982 234 1017 247 -
1030 205 1250 266 rnuotoctca
1269 207 1313 264 m
1330 206 1594 264 pernoscemus.
1801 209 1862 268 tate

37 377 41 389 .
117 327 254 388 stantiam
270 326 451 385 diceretur.»
477 329 616 385 Praeterea
636 329 798 401 philosophi
827 330 963 388 acelden·
978 330 1003 383 A
1017 331 1181 389 uidentibus
1208 333 1337 404 subjecta
1358 339 1410 399 εει,
1433 340 1574 405 tanquam
1591 339 1861 404 sustentamentum,
1899 402 1901 407 ¹

117 416 159 473 tia
172 415 368 473 determinant
385 429 446 473 esse
470 417 635 488 posterioris
659 419 774 491 generis
786 428 814 478 et
833 420 963 477 adventi·
1021 420 1095 477 sicut
1113 428 1181 478 sunt
1197 429 1305 478 caeterae
1334 422 1514 490 substantiae,
1529 421 1654 479 lormam
1668 422 1861 495 potiusquam

117 507 302 563 timnaturae.
320 504 400 561 Unde
415 511 443 561 et
466 506 656 577 Porphyrius,
672 509 824 579 proprium
847 523 965 581 quoque
1018 510 1209 567 substantiam
1238 511 1379 579 nominat,
1408 519 1440 568 ut
1464 513 1526 583 jam
1552 524 1642 582 snpra
1669 511 1861 572 meminimus.

118 593 225 664 ipsum,
240 593 320 663 quod
334 592 365 649 in
379 600 486 650 natura
501 595 607 664 speciei
630 596 749 653 insitum
762 610 823 654 esse
838 596 963 664 videtur,
1019 600 1111 663 Quam
1138 613 1241 656 rursus
1265 600 1502 671 insequentibus
1525 599 1717 657 substantiam
1743 615 1812 672 quae
1830 603 1863 660 sit

119 680 263 752 posterius
278 681 371 752 specie
393 681 563 740 naturaiiter
582 698 644 741 esse
668 685 829 753 confirmat,
854 699 886 742 eo
910 685 964 743 sci·
1018 687 1096 744 ultra
1124 688 1318 745 substantiam
1342 702 1403 745 εεεε
1432 688 1592 758 profitetur,
1607 701 1660 744 uec
1683 689 1803 759 proprie
1824 703 1862 747 se

117 768 184 826 lieet
208 769 286 840 quod
319 769 511 826 substantiam
541 772 647 842 speciei
675 773 794 829 minime
819 774 963 841 conficiat,
1018 774 1147 832 cundum
1175 775 1313 833 usitatam
1338 775 1580 849 significationem
1615 775 1789 833 substantiae
1810 775 1864 834 dici

117 858 194 914 sicut
217 857 431 922 substantiales,
447 858 475 915 id
496 863 539 915 est
559 861 700 929 specificae
716 861 895 918 dilierentiae.
915 863 964 920 hit
1019 864 1213 921 substantiam
1240 864 1285 921 bis
1313 865 1433 922 uerbis:
1458 864 1655 921 «Substantia
1684 865 1715 921 in
1740 864 1790 923 illo
1809 879 1864 925 nou

117 947 196 1006 euim
212 961 220 1003 :
238 967 253 997 κ
275 946 386 1017 Species
409 956 475 1004 aute
500 949 642 1017 subsistit,
673 964 762 1021 quam
795 953 962 1021 proprium;
1018 959 1060 1007 est
1070 964 1137 1008 rere
1156 951 1329 1020 substantia,
1345 952 1395 1009 sed
1416 951 1495 1009 ultra
1509 952 1701 1010 substantiam
1719 961 1781 1022 est;
1800 968 1865 1010 curn

117 1035 267 1107 proprium
292 1048 361 1092 vero
387 1043 484 1107 postea
513 1037 543 1094 lit
569 1039 599 1095 in
627 1039 730 1109 specle.
751 1038 866 1108 Oportet
884 1041 964 1096 enim
1018 1040 1152 1109 dicimus,
1165 1041 1271 1112 inquit,
1287 1063 1299 1091 ι
1313 1042 1398 1109 Deus,
1414 1042 1633 1099 »substantiam
1643 1042 1766 1114 quidem
1779 1041 1867 1115 signi·

117 1123 265 1181 bominem
285 1138 357 1192 esse,
374 1131 407 1181 ut
429 1125 468 1183 sit
490 1126 609 1184 risibile.
628 1147 643 1177 a
658 1127 713 1194 Qui
727 1128 815 1185 etiam
834 1142 899 1184 cum
916 1142 961 1185 ae·
1018 1126 1104 1184 ficare
1119 1129 1263 1194 videmur,
1280 1130 1327 1186 sed
1348 1143 1494 1203 eamque
1515 1130 1552 1187 sit
1566 1129 1642 1187 ultra
1661 1129 1865 1188 substantiam.

117 1211 216 1270 cidens
234 1214 409 1286 generaliter
427 1214 558 1274 deliniret
581 1215 702 1273 dicens:
729 1237 740 1266 ‹
763 1216 903 1273 Accidens
921 1223 964 1273 est
1019 1217 1091 1272 Cum
1108 1230 1177 1273 vero
1188 1240 1201 1265 α
1213 1218 1320 1284 iustus,
1336 1219 1531 1290 »qualitatem
1542 1217 1671 1290 quidem,
1687 1217 1738 1275 sed
1751 1232 1863 1277 nonae·

116 1302 195 1375 quod
210 1300 290 1359 adc'st
304 1309 331 1359 et
351 1302 431 1361 abest
444 1312 548 1376 praeter
561 1304 684 1375 subjecti
704 1305 930 1375 corruptionem,
947 1326 962 1357 a
1018 1304 1199 1374 cidentalem,
1215 1307 1264 1363 sed
1280 1320 1343 1364 eam
1359 1322 1425 1377 quae
1439 1308 1477 1364 sit
1491 1309 1654 1365 substantia
1664 1315 1693 1365 et
1707 1307 1788 1365 ultra
1800 1309 1864 1367 sub·

118 1397 248 1462 patenter
262 1391 360 1449 docuit
374 1407 458 1450 omne
482 1393 615 1451 accidens
642 1394 770 1464 subiecto
790 1401 849 1451 tam
865 1393 963 1450 adesse
1018 1393 1164 1452 amasiam.
1183 1415 1197 1445 u
1226 1395 1297 1453 Item
1322 1409 1390 1452 cnm
1418 1396 1551 1464 dicimus,
1583 1417 1598 1447 «
1627 1396 1765 1469 Magnus,
1781 1416 1797 1448 ι
1823 1397 1865 1455 rel

117 1491 208 1549 quam
222 1479 321 1537 abesse
335 1495 416 1552 posse
431 1489 533 1553 practer
554 1482 766 1553 corruptionem
783 1481 874 1553 ipsius
891 1482 964 1538 snb·
1021 1503 1033 1533 ι
1051 1482 1208 1550 Maximus,
1225 1485 1449 1567 »quantitatem
1469 1485 1588 1557 quidem
1602 1484 1770 1558 significare
1789 1485 1864 1544 vids·

115 1569 194 1640 lecti.
209 1570 245 1624 At
259 1583 329 1628 reru
351 1571 496 1642 quomode
515 1571 685 1643 sapientiam
709 1571 760 1629 Dei
784 1572 814 1628 iu
831 1570 962 1643 ipso,ch
1018 1585 1096 1639 mur,
1110 1573 1236 1630 sedeam
1251 1574 1368 1645 quasit
1397 1574 1460 1645 ipsa
1485 1574 1649 1632 substantia
1671 1575 1739 1632 talis
1753 1574 1865 1647 qualem

117 1657 284 1729 posterioris
304 1660 429 1731 generis,
454 1660 500 1718 rel
515 1660 683 1719 adventitiae
707 1668 821 1718 naturae
834 1660 964 1718 dicemus
1019 1677 1080 1720 esse
1094 1662 1219 1719 dicimus
1233 1663 1312 1720 ultra
1341 1663 1574 1721 substantiam.»
1601 1664 1649 1722 Sic
1662 1679 1733 1736 crgo
1754 1664 1880 1729 Boetius,

117 1759 188 1815 esse,
214 1754 266 1805 aut
285 1761 350 1804 eam
364 1749 392 1805 ei
407 1756 512 1820 preter
526 1750 741 1821 corruptionem
756 1764 837 1820 posse
856 1749 964 1819 abesse,
1020 1752 1111 1807 Deum
1126 1751 1241 1822 proprie
1255 1753 1312 1808 diei
1331 1753 1525 1809 substantiam
1544 1761 1642 1826 negat,
1658 1768 1726 1826 quae
1740 1753 1779 1812 sit
1792 1752 1865 1811 scili·

117 1848 185 1892 cum
207 1835 289 1894 nullo
311 1836 425 1907 penitus
449 1838 533 1896 modo
556 1839 583 1897 ei
599 1838 687 1910 possit
703 1837 826 1895 abesse?
840 1838 964 1896 Omnino
1020 1846 1064 1895 cet
1078 1839 1273 1898 accidentium
1300 1849 1572 1899 sustentamentum.
1596 1844 1640 1898 lta
1658 1850 1686 1900 et
1707 1843 1863 1914 proprieta-

117 1923 195 1980 enim
224 1923 316 1982 Deum
339 1939 453 1984 neccsse
481 1934 523 1985 εει
551 1942 612 1985 εεεε
634 1928 802 1999 sapientem,
831 1941 885 1984 nec
905 1926 965 1985 ullo
1020 1934 1140 1998 tesqua
1166 1927 1219 1996 ipsi
1245 1927 1355 1985 divinae
1383 1929 1555 1986 substantiae
1582 1928 1680 1997 insint,
1708 1929 1866 1988 accidentia

117 2011 203 2070 modo
228 2020 280 2071 aut
307 2028 366 2071 non
388 2029 451 2073 esse
483 2023 585 2089 potest,
605 2023 656 2074 aut
683 2030 743 2074 non
757 2029 818 2074 esse
840 2014 964 2086 sapiens,
1020 2015 1081 2070 sivo
1100 2014 1207 2071 turmas
1231 2016 1403 2072 substantia
1421 2016 1479 2073 dici
1501 2030 1560 2074 non
1574 2017 1868 2085 couvenit;sedtam

118 2108 169 2157 aut
182 2100 312 2175 aliquam
332 2105 478 2177 suscipere
497 2106 724 2177 corruptionem,
749 2113 782 2163 ut
800 2104 826 2163 ει
852 2103 966 2177 aliquid
1020 2103 1153 2160 accidens
1167 2104 1221 2160 hoc
1234 2118 1351 2172 nomen,
1369 2119 1460 2176 quam
1480 2105 1573 2162 torma
1594 2112 1622 2163 ει
1637 2119 1743 2162 norem
1767 2106 1867 2178 praedi·

118 2189 247 2248 accidere
260 2193 358 2263 possit.
376 2193 487 2266 Quippe
502 2209 570 2251 eum
584 2194 723 2252 delinitur
740 2192 874 2251 accidens
887 2191 966 2266 qued
1021 2199 1219 2247 camentorum
1235 2190 1363 2258 nomina,
1378 2205 1445 2262 quae
1470 2191 1517 2248 bis
1531 2191 1646 2249 duobus
1661 2191 1864 2261 includuntur,

88 2338 94 2349 ‚
118 2277 234 2336 adestet
247 2280 329 2338 abest
352 2291 457 2353 praeter
473 2282 595 2352 subjecti
619 2282 842 2352 corruptionem,
868 2290 966 2353 paten·
1020 2279 1137 2351 proprie
1152 2279 1183 2336 in
1197 2279 1284 2336 rcbus
1307 2286 1420 2336 tantum
1442 2280 1546 2338 creatis
1568 2281 1762 2351 accipiuntur.
1787 2281 1866 2339 Unde

118 2369 162 2423 ter
174 2366 311 2425 innuitur
333 2369 466 2426 accidens
493 2383 553 2427 non
583 2370 674 2427 inesse
702 2369 888 2441 corruptibili
912 2371 964 2438 rei,
1021 2375 1048 2424 et
1063 2367 1179 2424 Boetius
1206 2367 1236 2424 in
1262 2368 1361 2425 eodem
1387 2383 1455 2425 cum
1472 2369 1536 2425 ait:
1558 2369 1758 2428 «Substantia
1772 2371 1803 2428 in
1817 2370 1863 2428 illo

119 2468 244 2529 qumque
266 2455 401 2514 videlieet
420 2457 511 2529 pessit
525 2472 583 2515 nou
604 2472 674 2524 esse,
689 2466 740 2516 aut
754 2459 917 2531 corrumpi3
933 2467 966 2518 ut
1020 2469 1080 2513 noo
1104 2461 1147 2512 εει
1167 2469 1235 2513 vere
1263 2456 1436 2526 substantia,
1458 2457 1509 2514 sed
1535 2457 1613 2516 ultra
1631 2459 1862 2529 substantiam,-

119 2544 177 2604 tale
191 2545 238 2614 sit,
252 2558 286 2603 ac
309 2544 334 2601 si
353 2545 395 2603 ita
417 2544 533 2604 dicatur
549 2563 556 2602 :
572 2547 712 2605 Accidens
735 2555 777 2605 cst
791 2547 884 2605 torma
905 2562 968 2606 cor·
1021 2544 1125 2616 adjecit
1146 2545 1264 2601 statim:
1284 2545 1384 2602 altem
1400 2545 1526 2616 qualitas
1540 2555 1569 2604 et
1583 2556 1687 2605 caetera
1708 2562 1778 2620 qum
1803 2562 1865 2607 ere·

119 2633 267 2706 nuptibilis
282 2633 334 2703 rei,
359 2634 421 2692 sine
442 2650 502 2707 qua
522 2635 573 2693 illa
591 2649 637 2693 ros
651 2643 679 2695 ει
696 2650 758 2693 εεεε
776 2644 804 2693 ει
825 2650 884 2694 uon
904 2651 967 2694 esse
1022 2632 1084 2690 nire
1108 2640 1230 2704 queunt,
1251 2633 1306 2690 boc
1318 2641 1360 2690 εει
1375 2648 1441 2705 quaa
1469 2641 1591 2705 possunt
1614 2635 1756 2706 accidere,
1771 2637 1866 2696 utsci·

74 2798 78 2803 Ι
119 2730 211 2795 petest
225 2732 330 2795 practer
350 2725 574 2796 corruptionem,
598 2725 625 2781 id
640 2733 682 2783 est
695 2740 843 2798 egressum
864 2725 966 2783 asub·
1021 2721 1088 2778 licet
1099 2721 1259 2778 accidentia
1273 2722 1420 2791 dicantur,
1436 2721 1467 2778 ιιι
1482 2723 1543 2793 ipso
1558 2717 1625 2780 vere
1645 2736 1704 2780 nou
1722 2731 1804 2781 sunt.
1815 2744 1832 2774 ι

120 2812 237 2881 stantia,
264 2827 355 2887 quam
388 2827 440 2885 per
467 2814 546 2871 illam
574 2813 697 2871 termam
730 2814 871 2872 incurrat.
900 2814 967 2872 'lala
1057 2809 1354 2881 domitaquedlvina
1378 2811 1543 2868 substantia
1570 2810 1730 2883 singularis
1752 2825 1866 2882 prorsus

120 2902 227 2972 quippe
241 2908 284 2958 est
304 2902 384 2973 quod
403 2901 453 2968 ait,
479 2910 583 2973 praeter
605 2902 819 2972 corruptionem
834 2902 965 2973 subjecti,
1023 2905 1050 2955 ει
1064 2897 1152 2956 unica
1170 2897 1216 2963 sit,
1230 2899 1260 2954 in
1274 2912 1334 2970 qua
1354 2905 1411 2956 tres
1436 2913 1565 2971 personae
1587 2900 1760 2966 consistunt,
1784 2900 1824 2958 lta
1836 2906 1867 2956 ut

122 3001 157 3045 ac
184 2987 209 3045 si
242 2990 371 3061 apertius
398 2990 476 3046 dicat
500 2991 579 3062 quod
604 3003 706 3047 earum
743 2990 966 3060 corruptionem,
985 2964 1006 3019 C
1023 3000 1210 3058 unaquaeque
1224 2998 1413 3057 personarum
1434 2987 1473 3043 sit
1486 2987 1585 3044 eadem
1601 2988 1718 3058 penitus
1737 2988 1865 3046 substan·

123 3090 198 3149 quas
221 3078 280 3149 pati
302 3086 393 3149 potest
415 3078 591 3148 subiectum,
608 3079 720 3136 nullam
734 3092 784 3148 per
809 3079 968 3135 adventum
1022 3075 1073 3144 tia,
1085 3088 1152 3147 qua
1171 3082 1213 3130 cst
1228 3081 1257 3131 ει
1277 3075 1378 3143 ειιειε,
1399 3088 1453 3132 nec
1472 3075 1533 3133 ulla
1552 3075 1591 3132 sit
1605 3076 1735 3147 partium
1750 3082 1803 3134 aut
1816 3075 1866 3133 lor·

121 3166 167 3224 vel
187 3181 333 3225 recessum
360 3166 528 3238 hujusmodi
553 3167 651 3224 lormae
684 3167 817 3224 incurrit.
847 3167 887 3224 lte
910 3181 969 3238 quo
1023 3177 1137 3220 marum
1158 3164 1401 3221 diversitasillius
1417 3163 1556 3234 simplicis
1570 3163 1646 3232 boni,
1663 3163 1759 3221 multo
1774 3163 1866 3222 minua

122 3253 193 3311 alibi
208 3253 324 3324 plenius
352 3255 436 3311 nobis
461 3254 662 3312 disserendum
687 3254 757 3312 luit.
781 3254 846 3312 Non
871 3256 969 3328 itaque
1023 3252 1084 3309 baec
1097 3265 1220 3323 persona
1234 3251 1316 3308 aliud
1337 3252 1374 3308 ab
1393 3252 1442 3310 illa
1461 3253 1517 3309 dici
1541 3261 1642 3323 potest,
1659 3265 1751 3325 quam
1770 3250 1866 3311 Socra·

122 3340 266 3411 sapientia
279 3341 308 3398 in
322 3342 380 3398 Deo
400 3341 443 3399 vel
458 3342 659 3400 substantialis
673 3345 700 3400 ei
723 3342 875 3401 formavel
895 3344 968 3401 acci·
1023 3347 1065 3397 tes
1084 3353 1101 3396 a
1119 3339 1246 3403 Platone,
1262 3354 1330 3397 cum
1350 3340 1483 3398 videlicet
1498 3340 1585 3401 trium
1601 3354 1797 3412 personarum
1811 3352 1865 3399 una

122 3427 254 3495 dentalis,
270 3429 327 3486 ime
343 3429 569 3502 sapientiaejus
594 3431 653 3502 ipse
676 3433 753 3489 Deus
766 3440 819 3489 est.
836 3432 914 3489 ldem
934 3433 970 3489 ds
1023 3428 1059 3484 sit
1081 3427 1240 3499 singularis
1266 3428 1405 3496 essentia;
1438 3428 1562 3486 Socratis
1589 3443 1657 3486 vero
1684 3437 1713 3486 et
1743 3429 1866 3488 Platonis

124 3515 251 3588 potentia
261 3517 325 3589 ejus
347 3519 531 3577 sentiendum
545 3529 598 3588 εει,
622 3527 650 3577 ει
673 3520 708 3577 (ιε
724 3521 834 3578 ceteris
850 3534 917 3593 quae
932 3534 970 3578 ex
1023 3530 1082 3574 nou
1109 3517 1148 3574 sit
1171 3516 1270 3574 eadem
1293 3516 1482 3575 essentialiter
1508 3517 1681 3585 substantia,
1701 3518 1753 3575 sed
1781 3518 1866 3591 magia

124 3605 276 3663 nominum
294 3607 434 3665 altinitate
447 3607 546 3668 lormac
559 3622 620 3666 esse
634 3609 771 3669 videntur
782 3610 812 3665 in
827 3609 885 3667 Deo
898 3623 969 3681 que·
1023 3605 1152 3663 discretae
1169 3619 1271 3663 eorum
1293 3606 1474 3675 substantia,
1491 3605 1531 3663 ita
1555 3605 1677 3678 quidem
1691 3613 1725 3663 ut
1749 3607 1812 3665 heb
1826 3619 1865 3664 es·

124 3693 267 3765 quesicut
282 3696 311 3752 ιιι
327 3698 478 3754 ειεειιιιιε.
1024 3695 1116 3751 sentia
1130 3693 1254 3752 Socratis
1264 3708 1322 3751 noa
1345 3695 1383 3750 sit
1408 3694 1458 3750 illa
1480 3694 1618 3752 Platonis.
1634 3697 1668 3752 Δι
1687 3708 1760 3753 vero
1773 3695 1864 3754 eaden

159 3782 210 3840 llis
228 3783 328 3856 itaque
352 3785 517 3843 rationibus
540 3795 617 3857 patet
631 3787 762 3844 divinam
776 3788 969 3844 substantiam
1023 3783 1147 3840 essentia
1161 3797 1228 3856 quaa
1255 3791 1299 3840 est
1327 3782 1430 3850 Patris,
1457 3783 1558 3841 eadem
1580 3783 1699 3855 penitus
1718 3792 1765 3842 εει
1789 3783 1865 3854 Pilii;

124 3872 245 3930 omnino
257 3873 452 3943 individuam,
473 3876 592 3932 omnino
607 3874 759 3934 intormem
774 3890 968 3946 perseverare,
1024 3872 1124 3929 eadem
1137 3872 1223 3929 etiam
1235 3885 1354 3942 prorsus
1369 3879 1412 3929 est
1426 3871 1550 3942 Spiritus
1569 3872 1672 3929 sancti.
1700 3872 1761 3931 Nec
1775 3872 1868 3930 minna

125 3969 214 4034 atque
239 3962 302 4020 ideo
327 3976 391 4019 eam
418 3969 493 4020 recte
522 3964 680 4034 perlectum
708 3965 817 4024 bonum
850 3964 916 4033 dici,
943 3972 972 4022 et
1024 3967 1121 4018 tamen
1136 3961 1219 4018 Pater
1240 3959 1316 4016 alius
1332 3967 1385 4028 est,
1405 3958 1433 4017 id
1455 3968 1497 4017 εει
1519 3960 1652 4019 diuersus
1674 3961 1704 4018 in
1719 3973 1868 4033 personae

125 4052 207 4109 nulla
231 4051 289 4108 alia
318 4065 350 4109 re
370 4052 512 4124 indigens,
538 4052 621 4110 seda
646 4054 739 4123 seipso
763 4052 885 4124 habens,
911 4068 971 4111 non
1025 4048 1094 4106 Filio
1115 4049 1207 4106 sires
1228 4048 1337 4120 Spiritu
1357 4054 1476 4115 sancto;
1492 4061 1605 4105 necnon
1625 4057 1653 4106 ει
1668 4049 1761 4107 Pilius
1781 4049 1870 4121 aspi-

126 4139 245 4197 aliunde
267 4140 346 4211 quod
386 4140 473 4198 babet
505 4141 659 4211 accipiens.
696 4141 842 4199 creatura
874 4152 971 4200 autem
1024 4137 1085 4193 ritu
1098 4143 1297 4206 sanct03cum
1311 4134 1359 4191 btc
1372 4149 1431 4192 non
1445 4135 1482 4191 sit
1503 4135 1562 4205 ille,
1576 4136 1691 4194 licetsit
1706 4137 1781 4195 illud
1795 4135 1871 4210 quod

126 4229 341 4301 quantumlibet
358 4229 450 4298 bonae,
474 4231 659 4302 adjunctione
681 4237 766 4302 egent
788 4230 918 4299 alterins,
933 4245 971 4289 ea
986 4245 1008 4299 p
1025 4224 1082 4280 ille·
1099 4224 1204 4296 Magna
1225 4229 1322 4281 autem
1340 4232 1368 4280 et
1395 4222 1585 4281 subtilissima
1599 4224 1735 4283 discretio
1764 4225 1812 4285 bic
1825 4224 1872 4283 ad·

127 4332 188 4391 qua
201 4319 320 4391 quidem
342 4319 504 4392 indigentia
526 4318 872 4389 imperfectionemjsuam
887 4320 972 4391 proil-
1028 4311 1154 4370 bibenda
1168 4319 1221 4380 est,
1248 4319 1281 4369 ut
1300 4326 1354 4369 nec
1376 4311 1510 4370 identitas
1520 4313 1681 4385 singularis
1693 4314 1872 4382 substantie,

127 4415 235 4466 tentor.
263 4407 393 4466 Virtutes
421 4407 530 4479 quippe
549 4421 615 4478 quac
642 4407 769 4464 animam
798 4407 904 4465 bonam
931 4408 972 4465 la·
1027 4409 1056 4458 et
1069 4400 1221 4458 individua
1234 4400 1331 4459 unitas
1349 4401 1479 4459 essentiae
1497 4402 1702 4471 impedimento
1716 4403 1757 4460 sit
1775 4405 1872 4462 diver-

127 4495 219 4565 ciunt,
248 4496 377 4568 subjecto
404 4496 536 4568 indigent
561 4510 620 4569 quo
647 4504 863 4566 sustententur3
903 4496 974 4567 quia
1028 4489 1105 4546 sitati
1119 4504 1318 4559 personarum,
1334 4498 1363 4548 et
1377 4505 1444 4547 cum
1464 4490 1586 4548 Sabellio
1600 4491 1772 4549 oberrantes
1784 4505 1872 4551 uuan

127 4584 219 4655 pietas
231 4598 362 4643 essenon
377 4586 489 4657 poterit,
506 4587 530 4643 ει
550 4599 609 4642 non
629 4585 734 4643 babeat
752 4584 974 4643 laudamentum
1028 4586 1142 4636 tantum
1158 4579 1345 4648 profiteamur
1366 4593 1528 4649 personam,
1547 4579 1625 4637 sicut
1647 4594 1744 4637 unum
1759 4582 1870 4639 Deum:

128 4671 159 4728 in
175 4686 234 4744 quo
252 4672 299 4730 ειι.
316 4675 381 4746 lpsa
395 4684 492 4732 autem
507 4675 615 4744 anima,
632 4682 665 4732 ut
679 4674 755 4731 bona
767 4675 815 4741 sit,
829 4675 973 4732 virtutum
1028 4682 1081 4724 nec
1096 4667 1248 4724 diversitas
1261 4681 1452 4738 personarum
1467 4669 1672 4738 impedimento
1687 4669 1725 4725 ειι
1743 4668 1872 4742 singula·

129 4761 240 4835 indiget
267 4764 455 4822 ornamentis.
484 4765 523 4822 De
545 4765 601 4821 bac
623 4764 710 4821 etiam
738 4761 914 4819 informitate
940 4775 975 4819 ac
1028 4756 1107 4814 ritati
1120 4756 1301 4825 substantie,
1315 4763 1343 4814 et
1361 4756 1391 4812 in
1410 4756 1522 4814 luteam
1547 4757 1607 4813 Arii
1623 4765 1804 4828 corruentes,
1819 4765 1873 4815 tres

129 4845 294 4906 sinceritate
314 4863 366 4906 seu
389 4848 571 4919 simplicitate
593 4847 699 4904 divinae
716 4847 885 4904 substantiae
904 4847 974 4904 Boe·
1029 4857 1192 4902 asseramus
1207 4845 1284 4914 deos,
1313 4845 1389 4902 sicut
1410 4852 1438 4902 et
1458 4852 1516 4903 tres
1544 4858 1696 4916 personas3
1711 4845 1764 4903 sed
1788 4843 1872 4903 simul

129 4935 188 4994 tius
203 4936 234 4994 in
248 4952 281 4996 eo
296 4951 384 5010 quem
401 4937 437 4994 de
458 4938 596 4994 Trinitate
613 4950 784 5008 componere
805 4936 878 4993 libro
900 4935 975 4992 dici·
1028 4942 1056 4992 et
1070 4947 1148 4990 unus
1163 4933 1281 5004 omnino
1293 4933 1323 4989 in
1333 4933 1536 5004 singularitate
1547 4933 1717 4991 substantiae
1732 4934 1771 4992 sit
1787 4934 1872 5003 nem,

131 5033 190 5093 tur,
206 5025 264 5085 ait:
283 5047 295 5079 a
316 5026 396 5095 Quod
411 5040 469 5084 non
490 5035 532 5084 est
547 5026 601 5083 boc
616 5033 704 5097 atque
716 5025 782 5094 boc,
798 5025 846 5082 sed
861 5033 975 5082 tantum
1029 5031 1057 5080 et
1075 5031 1153 5080 totus
1175 5023 1235 5094 ipse
1262 5021 1298 5079 sit
1321 5023 1351 5079 in
1366 5023 1455 5080 trium
1475 5036 1667 5093 personarum
1691 5022 1871 5082 discretione.

129 5113 249 5184 estboo,
278 5115 501 5184 illudrcreest,
518 5115 547 5174 id
570 5114 646 5187 quod
664 5121 716 5182 est,
738 5115 837 5172 etboc
854 5113 975 5170 lortissi·
1029 5112 1090 5180 Quo
1122 5112 1152 5169 iu
1174 5110 1234 5168 loco
1259 5110 1438 5183 gravissime
1461 5118 1489 5168 et
1507 5111 1685 5168 dillicillimae
1712 5111 1871 5170 dialectice

129 5215 212 5261 mum
237 5205 316 5277 qued
336 5205 416 5264 nullo
444 5206 559 5264 nititur.
588 5203 729 5272 Quocirca
760 5203 814 5260 hoc
839 5209 882 5259 est
908 5216 976 5260 vere
1029 5214 1097 5258 rum
1109 5200 1281 5272 quaestiones
1293 5207 1461 5257 occurrunt.
1481 5200 1517 5256 Ili
1532 5200 1641 5272 quippe
1654 5214 1691 5257 ex
1707 5202 1871 5258 unitatees

130 5304 225 5349 unum
244 5294 275 5351 in
291 5308 350 5366 quo
364 5294 464 5352 nullus
479 5307 628 5362 numerus,
650 5292 764 5350 nullum
791 5292 821 5350 in
843 5305 877 5349 co
895 5290 975 5348 aliud
1030 5289 1128 5346 sentim
1143 5289 1312 5346 Trinitatem
1332 5303 1521 5360 personarum
1541 5291 1734 5362 impugnant:
1763 5305 1800 5348 ac
1812 5300 1870 5347 rur·

131 5387 234 5449 preter
262 5381 290 5439 id
313 5384 393 5454 quod
421 5390 510 5441 est.»
538 5381 593 5447 Qui
616 5383 703 5440 etiam
744 5379 850 5438 ibidem
878 5379 975 5437 statim
1030 5392 1081 5434 sus
1119 5390 1156 5434 ex
1193 5377 1357 5435 diversitate
1397 5390 1589 5448 personarum
1614 5376 1797 5435 identitatem
1831 5388 1871 5433 ει·

134 5461 226 5534 ipsam
241 5467 373 5529 divinem
398 5469 599 5540 substantiam,
616 5469 646 5526 in
662 5483 696 5526 ce
715 5468 793 5541 quod
815 5468 906 5526 nullis
928 5481 973 5526 ac·
1031 5466 1130 5526 seutiae
1158 5479 1329 5539 oppugnare
1367 5465 1510 5525 laborant.
1545 5465 1657 5526 Horum
1690 5466 1794 5540 itaque
1827 5463 1872 5522 ob·
