3804 5962
51 227 99 284 lrl
815 228 929 287 SERMO
949 229 1021 285 vrri.

1748 230 1804 290 ιιι

50 352 194 421 Decieslae,
216 360 244 412 et
264 352 442 412 consortium
472 351 602 412 bdelium
620 353 647 413 el
665 353 802 423 reddunt,
818 363 846 413 et
870 355 900 411 in
915 357 940 411 a
955 354 1033 427 quod
1049 361 1111 413 non·
1120 353 1225 427 puduit
1239 368 1305 413 eum
1320 353 1352 413 in
1369 361 1525 427 conspectu
1543 354 1592 413 Dei
1609 361 1637 414 ιι
1651 353 1740 415 totius
1752 370 1803 414 cu·

51 443 172 500 arbitrio
195 442 261 514 ejus
287 449 456 514 proponunt
482 457 662 516 quocunque
689 444 757 501 vitre
786 445 901 501 tramite

50 532 117 589 relit
144 532 183 588 ad
202 533 294 589 Deum
316 532 490 601 teuderaci
513 533 621 604 quibus
643 534 779 604 operibus
792 533 820 590 id
836 548 900 604 pos-

50 621 84 676 ιιι
95 619 218 692 eligere.
243 621 276 677 lit
300 620 355 677 hoc
371 625 415 677 est
440 621 518 691 quod
540 622 581 677 eis
596 622 736 678 Dominus
756 623 818 680 ait:
840 622 901 678 Sot-

49 711 195 776 circeum,
223 713 249 766 ct
276 711 361 764 sinite
382 709 468 763 obire.
491 709 563 765 Doce
594 710 733 766 Dominus
753 718 900 767 mortuum

50 798 242 868 corporaliter
272 798 449 867 suscitando,
478 797 612 869 discipuli
645 799 816 857 suscitatum
842 800 901 858 ιιι-

50 886 154 953 vendo,
171 885 296 942 multum
317 885 463 942 meliorem
485 895 543 943 tam
570 888 795 960 suscitationem,
812 903 901 960 quam

956 447 1006 503 riae
1023 459 1155 516 supernae
1169 445 1357 502 committere.
1373 445 1520 502 Formidat
1541 446 1704 504 humanum
1725 444 1804 517 lulli·

955 533 1043 600 cium,
1067 533 1119 604 qui
1140 548 1197 589 non
1214 541 1331 590 veretur
1351 533 1493 590 divinum.
1515 536 1553 590 Dc
1576 548 1635 603 quo
1650 532 1805 605 Apostolus

955 623 1019 678 ait:
1047 623 1218 677 horrendum
1239 628 1278 678 est
1302 623 1422 678 incidere
1439 624 1468 677 in
1492 638 1591 677 mortus
1617 625 1666 678 Dei
1687 624 1803 678 ιιιιιιιιι

957 712 1050 783 (ιιιιι.
1068 727 1097 778 ι,
1127 713 1183 779 ιι).
1207 713 1242 768 iit
1268 711 1517 783 persemetipsum
1544 710 1679 768 Veritas:
1703 713 1801 781 Nolite,

955 801 1061 872 inquit,
1090 817 1133 857 cos
1149 803 1242 858 timere
1269 803 1318 871 qui
1344 802 1471 856 occidunt
1490 815 1598 870 corpus,
1619 802 1718 856 auimo
1741 815 1803 856 uero

955 906 1009 945 uon
1026 890 1127 945 hubent
1141 891 1208 960 quid
1220 892 1344 959 (acicam
1367 890 1416 945 sed
1440 893 1532 953 potius
1558 892 1650 945 timete
1670 904 1732 946 cum
1755 891 1804 960 qui

49 974 223 1032 solutionem
247 974 369 1047 justitiae
388 975 470 1031 nobis
495 985 670 1046 proponunt,
696 986 782 1048 prout
814 993 901 1049 expo·
953 983 1191 1050 potestcorpuset
1213 983 1333 1034 ocimum
1352 985 1460 1035 mitte-rc
1475 981 1505 1034 io
1519 980 1672 1048 pelicanum
1693 978 1802 1050 (ιιιιιι.

49 1063 143 1120 nendo
161 1064 305 1134 prosecuti
325 1077 436 1120 sumus.

82 1151 164 1209 Illud
181 1152 271 1209 semel
285 1150 461 1210 miraculum
481 1155 621 1211 Dominus
643 1155 702 1228 egit
723 1157 752 1213 iu
771 1171 901 1229 corpore,

50 1240 128 1312 quod
153 1240 248 1297 multo
273 1241 384 1298 reticius
399 1242 428 1297 in
453 1243 608 1300 animabus
628 1243 827 1314 poenitentium
843 1245 903 1316 agit

50 1330 192 1402 quotidie.
210 1330 343 1387 Reddidit
363 1333 467 1389 Lazaro
483 1333 583 1400 vitam,
604 1334 651 1390 ιιι
677 1347 795 1391 rursum
811 1335 901 1390 mori·

52 1427 116 1477 turo
140 1419 342 1491 temporalem.
365 1420 478 1478 Tribuit
504 1422 710 1493 poenitentibus
733 1425 832 1486 vitam,
853 1423 901 1480 scd

49 1510 110 1565 sine
131 1508 192 1565 tine
210 1521 389 1566 mansuram.
414 1510 487 1567 illud
515 1511 646 1568 mirabile
662 1511 692 1567 iu
704 1512 796 1569 oculis
812 1513 902 1569 bomi-

957 1086 985 1135 ι,
1001 1068 1056 1139 ιιι).

991 1157 1065 1214 Sunt
1080 1157 1185 1213 animan
1200 1157 1301 1223 morbi,
1324 1158 1398 1215 sicut
1421 1163 1449 1214 et
1475 1156 1611 1227 corporis.
1628 1156 1662 1214 Et
1685 1155 1746 1213 idco
1762 1155 1804 1213 tii·

959 1247 1024 1303 viua
1044 1246 1157 1317 pietatis
1180 1246 1305 1303 medicos
1327 1247 1460 1318 utrisque
1491 1245 1628 1302 sanandis
1657 1244 1801 1317 praevidit.

957 1337 1019 1405 lpse
1038 1335 1146 1406 quippe
1166 1336 1305 1392 Dominus
1320 1336 1403 1392 iesus
1423 1350 1453 1391 se
1479 1335 1635 1406 spiritalem
1660 1332 1804 1391 medicum

957 1424 1114 1494 appellans,
1145 1425 1202 1480 ait:
1225 1426 1285 1482 lton
1302 1429 1342 1480 est
1364 1441 1432 1497 opus
1451 1424 1605 1480 uolentibus
1622 1423 1736 1490 medico,
1755 1421 1805 1478 secl

956 1514 1026 1568 mole
1046 1513 1208 1568 habentibus
1221 1514 1330 1581 (Morti.
1349 1529 1390 1581 rx,
1410 1514 1461 1586 li).
1487 1513 1582 1584 liuius
1597 1514 1692 1568 locum
1709 1522 1803 1567 sacer·

50 1612 131 1666 num,
163 1597 214 1654 sed
243 1597 319 1654 istud
345 1600 508 1656 marimum
533 1599 643 1671 judicio
671 1601 808 1658 lldctium.
841 1602 902 1669 Quo
957 1602 1036 1657 dotes
1059 1601 1089 1657 in
1114 1599 1240 1658 Ecclesia
1270 1610 1377 1666 tenent,
1399 1603 1506 1673 quibus
1532 1611 1671 1672 tauquam
1695 1597 1806 1655 anima·

49 1700 117 1743 vero
141 1688 251 1759 majus,
276 1703 310 1745 eo
329 1689 522 1761 appetendum
543 1689 677 1761 amplios.
701 1689 844 1761 Scriptum
860 1699 903 1748 est
919 1704 939 1757 Β
958 1705 1022 1748 rum
1042 1689 1160 1747 medicis
1181 1698 1297 1760 peccata
1328 1691 1455 1748 coutiteri
1479 1691 1625 1753 debemus,
1648 1694 1681 1745 nt
1703 1687 1741 1744 ab
1764 1687 1805 1743 eis

49 1774 103 1832 boc
132 1775 171 1832 de
201 1777 317 1843 Lazaro,
354 1792 412 1834 nou
441 1778 500 1848 ipso
530 1779 647 1847 Lazaro,
676 1780 724 1836 sed
749 1777 822 1854 [nec]
852 1795 903 1851 pro
957 1778 1159 1836 satisiactiouis
1189 1780 1367 1852 cataplasma
1404 1794 1565 1838 sumamus.
1594 1777 1649 1846 Qui
1682 1782 1804 1832 mortem

50 1863 120 1935 ipso,
146 1865 198 1922 sed
226 1866 321 1934 nobis,
346 1873 373 1924 ιι
402 1867 569 1938 pronubis.
596 1869 777 1940 Quemcunque,
807 1869 903 1941 inquit
956 1872 1083 1941 corporis
1106 1873 1194 1941 limet,
1212 1869 1411 1941 qualicunque
1429 1867 1557 1939 corporis
1582 1874 1662 1938 parte
1678 1864 1805 1935 patratur

49 1952 213 2022 Apostolus,
234 1959 338 2025 scripto
361 1961 425 2010 suut
453 1957 490 2011 od
511 1961 632 2012 nostram
660 1958 813 2013 doctrinam
832 1960 903 2013 scri-
957 1968 1160 2032 quantumque
1183 1968 1301 2021 secreta,
1329 1965 1471 2029 quantum
1497 1957 1564 2013 libet
1587 1955 1719 2022 obscena,
1747 1966 1806 2010 me·

49 2047 99 2111 pto
112 2048 183 2097 suot
203 2043 291 2113 (Rom.
308 2059 358 2109 nv,
373 2047 413 2112 ι).
430 2045 520 2101 Semel
534 2046 649 2102 vocavit
662 2046 801 2103 Dominus
818 2048 901 2103 Laza·
956 2049 1019 2105 dico
1035 2050 1174 2118 revelare,
1189 2057 1216 2105 ιι
1232 2048 1267 2103 ad
1289 2047 1453 2104 curandum
1469 2059 1609 2116 exponere
1625 2058 1682 2100 non
1697 2040 1802 2099 differt.

50 2144 127 2198 rum,
150 2139 181 2187 et
202 2133 357 2189 suscitatus
381 2141 424 2191 est
448 2148 465 2190 a
494 2142 583 2190 morte
612 2135 765 2205 corporali.
794 2136 903 2205 sepius
957 2138 1095 2205 Quaelibet
1110 2138 1194 2207 dura,
1216 2136 1351 2209 quaelibet
1371 2147 1469 2205 aspera
1484 2134 1617 2199 sustinet,
1634 2140 1665 2190 ut
1683 2140 1805 2189 mortem

51 2232 101 2274 nos
125 2226 222 2287 vocat,
251 2229 284 2278 ut
308 2222 410 2279 melius
429 2237 617 2295 resurgamus
636 2237 653 2280 a
678 2232 766 2282 morte
788 2225 901 2281 animae.
958 2225 1080 2293 dillerat,
1096 2241 1154 2282 nun
1167 2228 1281 2283 evadat.
1298 2224 1445 2295 Quidquid
1468 2223 1623 2294 pretiosum
1639 2221 1734 2290 habet,
1749 2220 1806 2277 da-

51 2306 143 2365 Semel
164 2308 305 2366 eidixit:
341 2313 409 2367 Veni
433 2314 521 2381 (oros,
555 2320 583 2369 et
613 2312 708 2369 statim
734 2313 838 2384 prodiit
867 2313 903 2370 ad
957 2329 1061 2371 renon
1082 2315 1205 2380 dubitat,
1238 2322 1268 2371 ut
1288 2314 1323 2370 ad
1349 2313 1494 2369 modicum
1515 2310 1806 2368 mortemhanccor·

51 2411 145 2454 uuum
169 2398 285 2455 Domini
314 2408 500 2471 praeceptum.
526 2401 656 2467 Quotidie
684 2416 736 2459 uos
766 2403 904 2460 Dominus
958 2402 1083 2474 poralem
1103 2403 1232 2474 depellat.
1259 2402 1332 2470 Quid
1356 2417 1424 2475 ergo
1454 2416 1504 2471 pro
1533 2407 1623 2456 morta
1646 2396 1808 2454 animala·

53 2500 105 2556 per
127 2485 310 2557 Scripturam
339 2489 443 2546 invitat
471 2490 507 2546 ad
531 2489 749 2556 contessionem,
771 2491 905 2548 hortatur
956 2491 1091 2550 ciendum
1113 2500 1164 2562 cst,
1192 2501 1455 2564 quantumcunque
1482 2490 1518 2546 sit
1539 2488 1722 2560 gravissima,
1745 2485 1806 2542 siue

51 2574 85 2629 ad
107 2576 353 2645 emendationem,
374 2578 515 2647 promittit
538 2580 628 2636 vitam
652 2592 741 2651 quam
764 2580 833 2636 dare
859 2593 905 2651 pa·
958 2595 1064 2654 magno
1079 2582 1187 2648 labore,
1202 2582 1263 2638 sine
1279 2582 1393 2652 magnis
1407 2579 1572 2649 sumptibus
1587 2578 1616 2632 in
1635 2581 1805 2646 perpetuum

51 2671 136 2720 ratus
162 2671 206 2720 est
229 2665 323 2731 nobis,
349 2666 401 2738 qui
421 2674 541 2724 mortem
567 2682 625 2724 non
650 2669 713 2726 vult
737 2669 902 2740 peccatoris.
958 2672 1093 2728 medicari
1121 2678 1221 2741 potest.
1254 2672 1310 2726 Nos
1340 2671 1414 2740 ipsos
1444 2668 1593 2734 Dominus,
1624 2679 1681 2720 non
1707 2670 1806 2719 nostra

51 2752 236 2824 Negligimus
258 2762 420 2823 vocantem,
447 2756 613 2827 spernimus
637 2758 815 2826 invitantem,
839 2772 905 2814 con·
959 2761 1073 2832 quaerit,
1091 2774 1143 2815 ιιι
1167 2750 1396 2830 uostris'indiget
1418 2756 1468 2827 qui
1484 2755 1581 2812 omnia
1597 2752 1718 2824 praehet.
1743 2752 1806 2822 lpse
1849 2785 1851 2788 >

48 2841 207 2898 temnimus
226 2843 446 2912 promittentem.
477 2846 554 2901 luter
581 2847 670 2902 Deum
697 2851 724 2902 ιι
756 2845 904 2906 diabolum
959 2849 1067 2920 quippe
1085 2855 1137 2915 ιιι,
1164 2846 1508 2902 coidiciturzltooorum
1535 2857 1656 2897 meorum
1674 2854 1729 2895 noa
1745 2853 1806 2908 eges

52 2940 198 3003 tanquam
210 2931 287 2988 inter
300 2940 411 3002 patrem
430 2940 458 2989 et
473 2933 582 2991 hostem
601 2934 758 3003 constituti,
778 2936 906 3006 paternis
960 2938 1046 3008 (Psoi.
1063 2951 1113 3004 ιι,
1138 2935 1176 3007 ι).
1201 2935 1286 3006 Apud
1313 2949 1380 2991 eum
1396 2934 1520 3005 quisque
1541 2938 1620 2988 tanto
1636 2929 1728 3001 major
1752 2935 1805 2995 est,

54 3021 213 3078 monitibus
229 3020 266 3076 ad
289 3020 379 3076 vitam
405 3021 521 3078 hostiles
551 3022 745 3093 praeponimus
766 3023 802 3079 ad
829 3038 905 3082 mor·
921 3002 942 3058 (ἶ
959 3033 1068 3099 quanto
1083 3026 1161 3097 apud
1184 3041 1213 3082 se
1237 3039 1286 3096 per
1302 3023 1497 3081 humilitatem
1513 3021 1616 3078 minor.
1642 3020 1733 3076 'i'anto
1748 3031 1808 3074 ma·

53 3119 119 3166 tem.
138 3112 202 3166 Nou
226 3110 397 3177 ignoramus,
426 3110 522 3183 inquit
538 3111 695 3181 apostolus,
716 3114 834 3167 astutius
850 3114 905 3170 Sc·
959 3117 1002 3188 gis
1015 3116 1122 3188 justus,
1140 3123 1250 3186 quanto
1268 3113 1381 3185 proprio
1403 3112 1512 3184 judicio
1528 3110 1619 3182 magis
1639 3121 1717 3166 rcus.
1732 3107 1806 3164 'lan-

53 3203 125 3253 toaae
147 3198 184 3269 (ιι
213 3197 274 3253 Gor.
300 3199 417 3268 rr,-ll);
443 3200 574 3270 astutias,
598 3200 729 3271 inquam,
756 3201 821 3257 illas
842 3202 905 3272 ejus
960 3212 987 3261 to
1002 3204 1127 3275 amptius
1150 3204 1190 3260 ιιι
1205 3210 1302 3259 ιιιιιι
1319 3201 1450 3273 tegimus,
1472 3208 1582 3271 quanto
1601 3198 1649 3253 hic
1664 3210 1698 3254 ιι
1714 3207 1807 3268 prom·

53 3286 211 3353 maximas,
235 3285 344 3357 quibus
368 3300 421 3342 nos
444 3288 480 3343 ad
503 3296 651 3358 peccatum
674 3287 794 3357 inducit,
815 3297 842 3345 ιι
869 3289 905 3345 ιι
960 3293 1036 3363 ptius
1052 3308 1102 3364 per
1116 3293 1321 3350 contessionem
1346 3284 1541 3361 propalamus.
1565 3286 1677 3344 Abhac
1697 3285 1804 3356 itaquo,

53 3375 256 3432 emendatione
272 3375 402 3432 retrahit.
426 3376 577 3433 Peccatum
600 3390 769 3448 suggerens,
792 3378 906 3435 duobus
960 3381 1068 3447 tratres,
1097 3396 1148 3437 nos
1176 3381 1341 3446 retinentes,
1360 3379 1542 3435 attendamus
1569 3376 1647 3448 quod
1666 3373 1806 3444 seriptum

53 3479 103 3520 nos
117 3463 217 3531 exuit,
236 3463 346 3534 quibus
372 3464 412 3520 illi
432 3466 557 3522 maxime
574 3473 664 3536 potest
680 3466 782 3529 resisti,
804 3473 905 3523 tumore
960 3478 1022 3527 cst:
1048 3473 1098 3525 list
1117 3472 1241 3538 contusio
1258 3469 1396 3524 adducens
1423 3469 1549 3538 phuam,
1571 3472 1596 3521 el
1623 3470 1663 3521 cst
1682 3463 1807 3532 contusio

53 3551 162 3610 scilicet
176 3566 213 3608 ac
234 3552 355 3623 pudore.
376 3552 456 3621 Quod
477 3555 553 3610 enim
579 3555 716 3620 vitamus,
739 3563 789 3612 aut
805 3556 906 3613 tiorore
960 3560 1098 3615 adducens
1113 3564 1253 3629 peccorum
1272 3557 1371 3630 (Docti.
1384 3571 1421 3621 ιι,
1450 3556 1507 3625 ιι).
1536 3556 1570 3611 El
1593 3565 1737 3611 rursum:
1758 3552 1808 3607 Ve-

54 3642 201 3712 ouiusque
216 3640 324 3708 damni,
340 3648 392 3699 aut
415 3643 574 3698 reverentia
590 3644 707 3714 pudoris
722 3643 903 3701 dimittimus.
961 3648 1287 3717 nicomacheorum,
1317 3646 1356 3699 ibi
1381 3645 1539 3700 liberaberis
1562 3643 1669 3714 (loreto.
1692 3656 1741 3709 xx,
1767 3638 1805 3709 ι).

55 3730 175 3788 Honesti
190 3730 299 3802 quippe
323 3729 379 3786 viri
398 3731 455 3803 (99)
477 3731 541 3801 plus
562 3746 651 3804 quam
674 3748 771 3790 rerum
800 3743 905 3792 cavent
960 3736 1096 3793 conlusio
1121 3737 1227 3806 quippe
1254 3734 1362 3806 duplex
1383 3742 1424 3790 est
1455 3731 1661 3789 erubescentiae
1690 3728 1807 3787 :altera

54 3821 273 3885 detrimentum,
305 3819 379 3875 sicut
405 3834 582 3877 econverso
610 3820 753 3879 inhonesti
785 3823 904 3880 iaciunt.
962 3824 1079 3896 quidem
1097 3824 1233 3891 salubris,
1256 3838 1321 3879 cum
1337 3823 1535 3879 erubescimus
1556 3834 1607 3876 uos
1623 3819 1720 3889 turpia
1734 3830 1809 3874 com·

54 3909 126 3966 Cum
141 3921 214 3980 ergo
233 3909 354 3964 satanas
373 3909 529 3980 quemlibet
551 3911 587 3966 ad
610 3919 760 3982 peecatum
776 3913 905 3983 impellit,

54 3998 137 4055 tacite
164 3997 219 4052 hoc
240 3994 336 4063 ellicit,
359 3997 382 4053 si
408 3999 505 4069 primo
526 3998 606 4056 illum
633 4000 744 4069 tiruoro,
768 4009 800 4058 ut
829 4001 906 4056 diri-

54 4103 130 4155 mns,
144 4094 174 4143 et
188 4086 300 4158 puriore
324 4087 492 4158 privaverit.
509 4086 581 4145 Dum
601 4097 697 4146 autem
724 4089 751 4145 id
770 4088 905 4157 elieccrit,

53 4177 153 4233 eadent
175 4176 202 4233 ei
226 4175 320 4232 reddit
343 4189 410 4247 quae
435 4176 516 4246 prius
539 4177 669 4245 abstulit,
691 4185 722 4234 ut
746 4179 786 4234 sie
805 4192 907 4235 cuma

964 3913 1074 3970 misisse
1093 3912 1121 3968 iu
1144 3919 1300 3982 conspectu
1321 3911 1369 3966 Dei
1377 3926 1386 3981 3
1413 3909 1503 3965 attera
1521 3907 1643 3972 lethalis,
1667 3919 1734 3962 cum
1749 3917 1809 3961 rua·

962 4004 1006 4076 gis
1023 4000 1152 4058 homines
1167 4014 1255 4072 quam
1280 4001 1372 4057 Deum
1391 4005 1523 4055 verentes
1547 3996 1583 4053 ad
1603 3992 1807 4052 conlcssionem

963 4092 1059 4148 venire
1076 4105 1129 4147 uos
1151 4090 1261 4160 pudet:
1286 4090 1329 4146 vel
1346 4088 1459 4161 quoties
1484 4086 1585 4158 aliqua
1610 4082 1733 4141 humilia
1748 4096 1810 4154 pro

962 4189 1022 4251 pter
1037 4181 1127 4236 Deum
1143 4192 1228 4251 agere
1248 4192 1425 4245 recusamus,
1449 4191 1485 4233 ue
1506 4175 1621 4232 viliores
1643 4171 1721 4244 apud
1736 4169 1809 4229 stul·

54 4264 236 4322 contessione
260 4265 398 4332 retrahat,
416 4272 444 4321 et
467 4265 495 4320 in
521 4275 636 4336 peccato
651 4281 703 4324 suo
722 4269 792 4323 mori
809 4268 903 4324 iaciat.
921 4271 943 4324 D
962 4280 1004 4328 ιιι
1018 4269 1189 4326 habeamur.
1216 4269 1283 4326 llaec
1304 4267 1429 4339 protecto
1452 4263 1581 4322 conlusio
1605 4269 1647 4320 est
1663 4262 1811 4320 adducens

55 4355 134 4412 tuuc
149 4353 175 4410 ei
195 4352 318 4410 latenter
333 4359 469 4410 susurrat
490 4354 633 4411 inanimo
650 4370 656 4410 :
674 4355 761 4412 Leues
775 4365 842 4413 sunt
860 4370 905 4412 sa·

55 4441 192 4507 certiores,
209 4448 237 4497 et
260 4441 463 4499 diitlcillimum
490 4450 531 4499 ιιι
558 4457 737 4514 compescere
763 4444 903 4516 linguam.

57 4529 80 4586 Si
98 4531 158 4587 hoc
186 4529 232 4586 ιιι
254 4530 325 4587 illud
350 4531 458 4588 talibus
482 4531 656 4597 confitearis,
676 4539 817 4590 secretum
846 4548 906 4590 esse

56 4633 110 4676 non
126 4619 256 4690 poterit:
279 4627 387 4676 etcum
408 4620 438 4676 in
461 4612 730 4687 notitiam'venerit,
747 4622 907 4679 imminebit

58 4707 231 4778 periculum,
264 4706 309 4765 vel
333 4708 465 4765 incurres
499 4709 581 4765 lame
617 4709 831 4778 detrimentum,
860 4710 905 4768 vol

59 4795 198 4853 damnum
223 4802 250 4851 te
278 4795 431 4859 sustinere,
456 4794 503 4853 vel
526 4795 664 4852 contundi
680 4810 793 4853 necessu
807 4805 849 4854 ιιι
869 4811 906 4854 ιι

59 4885 175 4942 vilitate.
201 4882 249 4940 Sic
263 4884 365 4941 misem
386 4883 520 4941 diabolus
543 4883 678 4953 illudens,
696 4899 763 4942 cum
788 4899 822 4942 ea
846 4887 906 4956 pri·

61 4986 134 5030 num
158 4971 185 5028 ei
200 4971 361 5042 abstulerit,
380 4985 444 5045 quae
459 4986 510 5044 per
519 4972 675 5044 {peccatum
689 4974 781 5031 vitare
795 4974 907 5046 debuit,

61 5062 154 5119 edem
180 5061 363 5132 postmodum
379 5061 406 5118 ei
432 5061 566 5128 reddidit,
594 5075 644 5132 per
667 5076 735 5135 quae
754 5062 851 5133 ipsum
877 5063 906 5121 in

62 5157 172 5218 peccato
196 5149 325 5206 detincre
345 5151 443 5222 possit.
469 5151 560 5207 'limet
585 5152 718 5221 captivus
740 5152 906 5224 temporale,

63 5251 110 5296 non
123 5237 234 5295 animae
253 5237 408 5296 damnum.
426 5238 578 5297 Erubescit
592 5239 735 5303 homines,
751 5241 908 5299 contemnit

64 5325 157 5386 Deum.
188 5327 280 5385 Pudet
314 5326 369 5385 hoc
396 5328 425 5384 in
455 5328 586 5385 notitiam
617 5328 767 5385 hominum
793 5330 906 5399 venire,

962 4364 1121 4428 peccatum,
1139 4356 1209 4428 quia
1233 4371 1269 4412 ne
1285 4355 1457 4413 vilescamus
1482 4352 1658 4420 hominibus,
1675 4351 1811 4409 vilescere

963 4449 1018 4503 Deo
1037 4446 1222 4503 sustinemus.
1248 4445 1300 4501 llta
1320 4459 1386 4501 vero
1402 4443 1532 4500 conlusio
1547 4455 1647 4498 veram
1664 4441 1747 4497 nobis
1760 4454 1812 4496 ao-

962 4535 1051 4606 quirit
1066 4535 1197 4606 gloriam,
1224 4548 1283 4605 qua
1302 4535 1436 4590 vilescere
1460 4532 1626 4589 bominibus
1648 4543 1706 4586 uon
1730 4527 1811 4585 relu-

962 4626 1068 4695 gimuS,
1093 4631 1124 4680 ut
1149 4623 1263 4694 gloriosi
1287 4624 1342 4679 Deo
1363 4621 1532 4688 ciliciamus,
1549 4628 1576 4677 et
1597 4616 1696 4690 magni
1713 4615 1812 4673 divino

961 4710 1057 4767 verius
1069 4723 1158 4781 quam
1174 4710 1303 4765 humano
1316 4709 1425 4780 judicio
1438 4708 1538 4765 simus.
1562 4706 1604 4762 hu
1620 4706 1695 4760 hanc
1710 4701 1812 4774 utique

961 4799 1145 4869 Babylonem,
1170 4798 1196 4853 id
1230 4806 1273 4853 est
1305 4797 1504 4855 contusionem
1534 4790 1719 4855 laudabilem,
1744 4802 1811 4848 cum

965 4889 1193 4959 pervenerimus,
1223 4894 1255 4944 ut
1278 4887 1313 4943 de
1336 4894 1450 4957 peccato
1474 4883 1581 4941 scilicet
1595 4880 1812 4948 erubescamus,

966 4977 1082 5048 abipso
1109 4976 1204 5033 statim
1231 4975 1431 5041 liberabimur,
1454 4972 1546 5044 parati
1567 4971 1626 5042 iam
1647 4969 1683 5026 ad
1700 4968 1810 5027 contes-

965 5066 1083 5135 sionem,
1100 5071 1128 5121 ct
1147 5063 1319 5136 condignam
1341 5060 1570 5119 satisiactionem.
1589 5057 1669 5116 Unde
1686 5063 1715 5114 ct
1734 5055 1811 5115 Psal-

961 5155 1066 5211 mista:
1086 5155 1221 5210 Delictum
1248 5167 1337 5207 meum
1364 5152 1503 5220 cognitum
1524 5148 1574 5203 tibi
1600 5149 1666 5216 soci,
1692 5150 1718 5203 et
1735 5147 1811 5217 iuiu-

962 5245 1068 5296 stitt'om
1101 5257 1188 5296 mcum
1205 5257 1260 5296 ooo
1288 5240 1427 5296 abscondi.
1451 5239 1527 5294 Dici.
1545 5237 1697 5307 conitebor
1716 5233 1812 5291 odom·

963 5345 1024 5386 sum
1048 5346 1090 5386 me
1114 5330 1262 5400 injustiam
1284 5344 1382 5396 mecm,
1403 5338 1456 5386 etc.
1477 5325 1561 5400 (Psoi.
1590 5340 1669 5396 ruri,
1692 5324 1731 5396 ι).
1761 5322 1812 5382 De·

89 5488 149 5563 (ts)
165 5486 591 5561 supereminemus
610 5488 734 5545 moueret
752 5490 837 5556 roms
849 5488 1053 5545 documentum.
