3804 5962
517 177 718 237 tunoleum
737 176 960 235 edelsinus.
976 206 1010 218 -
1025 176 1090 233 LIB.
1112 176 1160 232 ill.
1633 180 1701 234 iiii

78 308 202 377 identur,
218 314 247 364 et
268 306 330 363 ideo
355 303 541 362 vehementer
562 305 621 361 sint
642 302 797 370 terrentes,
812 303 1013 371 bromtonem
1041 301 1119 373 (Sap.
1149 314 1191 367 rx,
1214 302 1268 373 ii).
1296 299 1377 358 Unde
1400 307 1428 358 et
1447 301 1588 357 Dominus
1607 301 1700 359 blorsi

79 411 134 455 ‚um
144 396 306 466 exprimere
321 393 506 451 andisserere
521 400 640 465 queant,
655 399 800 464 qnantum
857 385 1000 464 quaerenti
1021 389 1123 446 iaciem
1144 390 1208 462 ejus
1239 389 1337 446 videre
1359 389 1520 462 respondit:
1537 391 1596 448 lion
1623 390 1702 446 uida-

79 485 215 558 lligentiae
231 484 330 541 divina
359 482 510 554 inspiratio
528 481 646 540 coniert.
668 481 728 538 Hoc
741 479 802 536 nti·
858 480 898 534 bit
911 494 953 534 me
971 479 1047 535 bema
1061 483 1087 533 ei
1105 479 1175 533 ciaet
1195 477 1296 550 (duod.
1318 493 1422 547 ιιιιιι,
1438 481 1495 549 ab).
1511 480 1576 550 lpsa
1595 480 1702 551 quippe

84 576 126 632 illi
143 573 335 643 attenderant,
357 573 408 644 qui
432 571 628 642 imprudenter
643 569 802 642 magisterii
856 568 932 624 risio
961 567 1127 625 divinitatis
1143 568 1204 638 ipsa
1231 575 1273 624 est
1297 567 1397 625 lutura
1417 568 1572 637 beatitudo,
1593 569 1628 625 de
1643 582 1703 640 qua

79 664 104 721 in
119 663 219 720 divina
243 661 353 733 Pagina
378 660 434 717 sibi
459 667 608 732 arrogant,
629 673 696 716 cum
712 659 803 715 vitam
857 656 926 714 dicit
937 656 1108 728 Apostolus:
1129 658 1207 715 Nune
1225 655 1347 712 uidemus
1368 673 1418 727 per
1428 658 1569 727 specuium
1580 658 1610 712 in
1631 660 1703 713 ani-

79 751 202 818 tendent,
223 757 252 807 et
273 764 339 807 cum
356 749 512 806 carnaliter
529 756 558 807 et
572 763 676 820 spurce
691 747 802 815 vivant,
857 751 958 816 gnate·
976 750 1040 801 tanc
1068 750 1158 801 autem
1180 747 1254 814 sade
1270 747 1422 815 adfaciem
1440 748 1466 816 il
1485 747 1546 804 dor.
1560 761 1622 814 xm,
1640 745 1699 818 li).

79 855 107 899 m
147 839 314 897 diuinorum
349 839 538 911 anigmatnm
583 838 802 911 intelligentiam
857 836 894 892 Et
925 834 1012 892 alibi:
1042 836 1075 892 ln
1109 850 1188 905 quem
1218 835 1375 892 desiderant
1398 836 1490 905 angeli
1503 840 1658 906 prospicere
1674 839 1700 905 (l

79 930 206 998 relatam,
232 936 260 986 et
283 928 408 986 caelestia
435 929 490 985 sibi
519 941 628 986 areana
652 927 804 985 commissa
858 926 928 980 Petr.
943 941 964 994 ι,
995 924 1047 995 li).
1077 925 1130 981 sed
1154 931 1273 981 etcum
1297 924 1409 982 dictum
1433 932 1495 982 est:
1515 927 1637 982 Tatiatur
1652 927 1704 981 im·

79 1019 233 1086 tntiuntur,
260 1017 333 1074 acsi
355 1032 384 1074 se
407 1016 546 1088 templum
560 1016 688 1088 Spiritus
710 1015 804 1072 saneti
858 1017 925 1084 pius
939 1029 972 1068 ne
984 1012 1077 1068 uideat
1094 1015 1213 1082 gloriam
1227 1015 1284 1081 liei,
1301 1014 1355 1070 tale
1371 1021 1423 1081 est,
1438 1028 1473 1071 ue
1488 1014 1611 1071 ridendo
1628 1013 1706 1071 irua-

83 1109 138 1164 ime
165 1104 289 1179 jactanti
315 1108 443 1172 Quorum
472 1105 573 1163 saltem
596 1104 803 1176 impudentiam
860 1109 920 1169 tur,
941 1102 1012 1173 quia
1026 1102 1125 1160 ridere
1149 1102 1206 1158 lrui
1221 1110 1274 1160 est.
1288 1103 1380 1159 lanta
1399 1110 1442 1160 est
1455 1102 1532 1159 enim
1550 1103 1628 1161 illius
1642 1103 1707 1175 glo-

79 1211 95 1252 n
129 1195 360 1253 Christianorum
389 1193 509 1266 gentiles
532 1200 682 1250 conterant
711 1191 805 1264 pbilo·
860 1189 911 1248 rin
933 1191 1092 1261 beatitudo,
1118 1198 1150 1248 nt
1165 1204 1248 1248 nemo
1271 1204 1335 1248 earu
1360 1191 1456 1248 videre
1476 1199 1573 1262 queat,
1598 1193 1650 1264 qui
1664 1193 1707 1250 si-

83 1283 114 1340 ui
133 1297 264 1341 normam
285 1284 334 1339 Dei
350 1297 410 1339 non
425 1283 635 1349 ratiocinando,
650 1281 700 1339 sed
714 1280 807 1353 magis
861 1279 923 1337 mul
945 1293 1004 1336 non
1027 1280 1143 1337 sentiat·
1159 1280 1240 1338 Unde
1264 1287 1291 1337 et
1313 1280 1482 1338 Psalmista:
1499 1282 1636 1352 satiabar,
1660 1282 1704 1338 in·

82 1372 174 1431 vendo
198 1372 406 1443 acquirendam
435 1371 607 1441 censebant3
635 1378 662 1428 et
681 1370 718 1426 ad
741 1383 805 1427 eam
861 1371 936 1440 quit,
977 1385 1039 1426 eam
1068 1374 1228 1440 apportent
1265 1371 1355 1438 gloria
1383 1377 1432 1426 tna
1459 1370 1544 1442 (Psat.
1569 1388 1623 1438 xm,
1650 1373 1704 1444 iti).

79 1475 87 1519 t
108 1460 314 1534 potiusquam
343 1461 439 1518 verbis
460 1460 610 1517 nitendum
630 1472 700 1516 esse.
726 1458 807 1516 Unde
838 1459 943 1515 ‘lunc
968 1459 1086 1530 quidem
1108 1459 1274 1530 implebitur
1296 1460 1374 1531 quod
1400 1461 1463 1531 ipsa
1485 1460 1632 1532 Sapientia
1656 1462 1706 1518 bei

79 1563 98 1620 ι,
113 1559 145 1607 ιι
157 1551 220 1622 jam
238 1549 351 1621 praiati
367 1563 480 1619 sumus,
499 1548 614 1606 nolebat
629 1547 804 1617 immundos,
822 1581 843 1636 B
862 1547 1004 1618 promittit
1021 1547 1138 1606 dicens:
1153 1548 1185 1604 Si
1204 1552 1265 1619 guis
1290 1548 1383 1618 diligit
1400 1565 1451 1619 me,
1477 1549 1638 1618 ditigetara
1652 1552 1707 1607 Pa·

104 1639 315 1711 cupiditatibus
339 1639 452 1696 animos
474 1652 504 1695 se
521 1638 551 1693 in
577 1637 678 1694 divina
693 1635 804 1705 conari,
861 1639 902 1690 tre
911 1651 979 1702 meo,
995 1641 1022 1691 et
1047 1652 1096 1703 ego
1120 1637 1236 1704 diligam
1260 1654 1321 1694 enm
1337 1645 1363 1694 et
1377 1639 1568 1708 ‘maniiestabo
1592 1641 1616 1696 ei
1635 1642 1707 1697 mei-

79 1741 96 1784 n
120 1727 239 1799 quidem
261 1728 298 1783 ab
312 1727 354 1783 eis
382 1739 484 1784 causas
508 1739 606 1783 rerum
629 1724 745 1783 ridebat
760 1726 804 1782 in·
857 1739 940 1795 psam
956 1723 1046 1797 (ioan.
1061 1741 1124 1793 xrr,
1139 1727 1193 1797 ili.
1220 1727 1280 1784 llisi
1294 1729 1417 1786 enimse
1432 1730 1490 1800 ipse
1515 1730 1591 1787 bens
1619 1728 1707 1786 mani·

79 1832 141 1890 {uas
165 1817 281 1873 nonnisi
306 1816 336 1872 in
350 1817 402 1875 liei
416 1815 566 1873 voluntate
581 1828 642 1871 esse
661 1814 806 1880 credebat,
859 1813 951 1882 lestet,
972 1829 1025 1871 nec
1040 1822 1110 1873 tnnc
1133 1823 1240 1873 natura
1261 1824 1360 1875 nostra
1384 1832 1452 1875 enm
1465 1818 1562 1876 ridere
1581 1817 1704 1889 sulsscit;

82 1907 242 1979 purgandae
262 1906 346 1964 bonis
365 1906 496 1963 moribus
515 1905 584 1961 rita
601 1903 734 1961 censebat
758 1903 806 1959 in·
858 1916 913 1959 nec
926 1917 1008 1960 nune
1023 1904 1157 1962 mortales
1172 1905 1252 1961 omni
1265 1906 1404 1976 spurcitia
1430 1914 1613 1977 peccatorum
1629 1907 1705 1978 pleni

79 2011 103 2052 ι.
118 1995 210 2066 Cujus
231 2003 260 2052 et
285 1995 344 2065 ipse
366 2009 426 2052 non
448 1995 598 2050 immemor
620 1991 805 2064 Augustinus
859 1991 1034 2050 ratiunculis
1072 1993 1135 2051 suis
1159 1994 1401 2066 comprehendere
1432 1995 1706 2066 incomprebensibi-

81 2096 114 2151 ι,
136 2083 211 2139 libro
244 2082 337 2153 primo
362 2095 451 2153 super
471 2081 614 2148 Genesim,
636 2086 736 2137 contra
758 2094 803 2136 ea·
858 2081 914 2138 lem
934 2081 1076 2151 nitantur,
1093 2083 1146 2153 qni
1161 2097 1213 2140 nec
1237 2083 1345 2155 seipsos
1359 2099 1412 2142 nec
1437 2085 1705 2157 quantulaecunque

79 2171 347 2239 tlllaniabaeorum,
373 2171 466 2242 ipsam
493 2184 612 2242 quoqne
628 2168 695 2226 aliis
712 2168 805 2240 expli·
858 2177 997 2227 naturam
1040 2180 1181 2229 creaturae
1210 2172 1371 2230 discernere
1402 2175 1513 2232 ratione
1544 2175 1703 2233 sufiiciunt.
1755 2228 1760 2236 .

79 2261 154 2318 erbis
178 2260 233 2317 boe
256 2260 358 2316 modo:
376 2281 390 2309 ι
416 2258 470 2326 Qui
490 2258 578 2315 dicit:
607 2257 702 2325 Quare
730 2258 805 2314 Deus
858 2257 939 2326 Quod
963 2260 1051 2316 etiam
1072 2259 1219 2319 maximus
1248 2261 1294 2319 ille
1322 2262 1495 2332 sapientium
1521 2264 1706 2321 considerans

79 2348 180 2420 mlum]
207 2355 236 2406 et
258 2350 386 2405 terram?
413 2347 644 2419 respondendum
674 2346 715 2403 illi
743 2355 803 2405 est:
860 2348 890 2405 in
915 2349 1082 2407 Ecclesiaste
1111 2350 1261 2421 profitetur
1280 2352 1393 2409 dicens:
1415 2354 1528 2408 cenete
1554 2368 1597 2408 res
1625 2353 1705 2422 disfi-

79 2437 151 2495 tluit.
179 2437 321 2496 Voluntas
344 2436 423 2494 enim
451 2436 500 2492 liei
524 2441 675 2492 causaest
700 2434 763 2492 omli
778 2444 806 2494 et
858 2439 934 2505 cites,
962 2454 1010 2495 nec
1030 2444 1121 2511 potest
1145 2455 1191 2497 eas
1204 2456 1304 2497 amares
1327 2443 1403 2498 bomo
1422 2443 1562 2512 eaplieare
1586 2457 1706 2498 samone

79 2533 94 2583 ι
114 2526 177 2584 ideo
192 2528 285 2598 major
307 2539 396 2598 qnam
412 2524 516 2583 ooelum
530 2531 559 2581 et
579 2532 667 2581 terra.
683 2523 805 2591 Quian·
859 2527 953 2597 (deaii.
973 2543 994 2596 ι,
1020 2530 1058 2597 8).
1090 2529 1169 2586 ldem
1190 2529 1219 2585 in
1242 2530 1355 2588 eodem:
1380 2532 1437 2598 b'go
1463 2532 1639 2588 deensiaetes
1661 2532 1706 2600 sui

79 2615 122 2672 rit:
158 2616 252 2684 Quare
283 2614 398 2673 roluiti
425 2615 521 2685 majus
554 2613 667 2685 aliquid
701 2613 806 2685 qnaerit
858 2632 910 2673 rea
929 2618 1015 2673 lsrael
1037 2618 1067 2672 in
1093 2617 1254 2686 Jerusalem,
1283 2623 1309 2675 ei
1329 2623 1463 2690 proposui
1490 2624 1520 2675 ia
1534 2623 1626 2676 animo
1648 2635 1705 2676 meo

79 2711 102 2761 st
121 2704 334 2762 noluntasliei.
359 2702 548 2760 llibilautem
571 2700 805 2772 majusinreniri
859 2722 981 2776 quarem
1006 2711 1033 2762 et
1060 2708 1226 2776 inuestigare
1259 2711 1397 2778 sapienter
1422 2709 1455 2764 de
1479 2710 1613 2773 omnibus,
1646 2724 1706 2776 aaa

79 2794 119 2850 dc
144 2795 168 2850 si
183 2793 364 2852 voluntatem
387 2793 437 2850 llei
461 2806 545 2849 nosse
569 2793 681 2864 quique
695 2791 803 2849 deside·
858 2799 929 2866 inat
960 2796 1010 2852 sub
1036 2798 1090 2853 sote
1122 2796 1214 2868 (ibid,
1253 2800 1308 2864 ιι).
1337 2799 1425 2854 ltem:
1448 2801 1484 2854 lli
1516 2802 1632 2869 apposni
1660 2813 1706 2854 cor

79 2889 99 2939 tt
119 2883 232 2940 amicus
255 2883 322 2950 Deo,
344 2882 415 2954 quia
437 2883 462 2937 si
476 2881 656 2938 voluntatem
680 2880 806 2939 bominis
822 2879 844 2936 G
859 2900 958 2952 meum,
986 2890 1019 2941 ιιι
1035 2887 1134 2942 aeirem
1152 2889 1317 2954 sapientiam
1343 2891 1369 2942 et
1394 2887 1575 2956 intelligerem
1603 2888 1703 2944 disten·

79 2969 151 3040 ellet,
171 2972 256 3043 eujus
271 2970 383 3028 amicus
399 2984 456 3028 non
475 2978 558 3039 esset,
580 2984 681 3027 omnes
696 2970 804 3041 impru-
860 2974 962 3028 sionem
977 2989 1036 3040 gua
1063 2978 1188 3030 versatur
1204 2979 1237 3029 in
1257 2980 1342 3039 terra,
1362 2979 1389 3030 et
1415 2977 1539 3032 intelteai
1565 2977 1637 3047 qaod
1651 2992 1706 3032 om-

79 3073 87 3114 ι
113 3066 165 3116 ant
184 3058 337 3117 stultitiam
351 3059 524 3116 deriderent.
542 3057 608 3117 Non
622 3064 719 3116 autem
745 3056 804 3113 etti·
860 3063 936 3116 niam
950 3077 1062 3132 mnam
1084 3062 1139 3118 Dei
1159 3064 1264 3119 animm
1279 3065 1368 3134 possit
1389 3066 1514 3121 inuenire
1528 3065 1604 3121 bomo
1618 3069 1704 3121 ratio·
1779 3053 1783 3056 ’

79 3147 160 3206 nicus
178 3148 240 3218 Dei,
258 3149 315 3205 nisi
332 3148 546 3220 purgatissimis
559 3148 701 3218 moribus,
716 3154 743 3204 et
758 3146 806 3203 illo
860 3165 922 3206 aem
948 3166 1040 3206 eoram
1059 3167 1119 3221 gua
1132 3150 1205 3223 pient
1225 3153 1276 3208 snb
1288 3154 1353 3220 sote,
1379 3158 1405 3207 et
1426 3159 1529 3225 guanto
1544 3155 1610 3224 plus
1632 3155 1703 3210 tabo·

79 3236 194 3307 'erepti
220 3237 254 3294 de
278 3251 338 3308 quo
360 3236 430 3294 dicit
452 3236 621 3308 Apostolus:
651 3238 727 3293 Finis
755 3251 805 3291 aa·
860 3242 963 3295 raverit
980 3239 1017 3295 ad
1039 3241 1225 3309 querendam,
1249 3245 1430 3298 tantominus
1453 3245 1582 3307 moeniet,
1598 3246 1705 3300 etiamsi

79 3327 156 3397 nepti
171 3330 211 3380 est
232 3325 353 3381 ebaritas
368 3327 401 3381 de
416 3326 494 3382 corde
510 3342 584 3396 puro
598 3331 624 3384 ei
642 3326 806 3383 conscientia
860 3327 965 3383 dixerit
977 3330 1088 3399 sapiens
1116 3344 1145 3385 se
1159 3345 1249 3396 nosse,
1277 3346 1332 3386 non
1352 3335 1456 3401 poterit
1471 3333 1597 3403 reperire.
1609 3333 1705 3389 Omnia

106 3414 161 3486 ide
175 3430 229 3471 non
255 3418 319 3486 icta
335 3417 360 3483 il
385 3417 453 3470 Tim.
470 3431 489 3485 1,
502 3416 552 3487 5);
571 3438 585 3463 r
613 3428 704 3488 quam
719 3414 766 3472 isti
779 3413 805 3470 si
860 3416 915 3472 brec
930 3421 1034 3473 tentavi
1045 3417 1102 3490 (73)
1112 3421 1142 3473 in
1165 3418 1245 3474 eorde
1262 3434 1330 3488 meo,
1346 3425 1376 3475 at
1400 3422 1506 3476 cumeae
1525 3422 1707 3491 intelligerem

79 3507 109 3574 tt,
130 3519 188 3561 non
203 3512 297 3562 essent
312 3504 478 3561 hereticis
861 3505 956 3576 (docti.
984 3521 1043 3575 rur,
1077 3509 1117 3571 ld,
1142 3511 1191 3577 {73
1220 3523 1257 3577 ιιι,
1285 3511 1320 3579 i).
1349 3510 1385 3565 Et
1409 3510 1502 3567 idem:
1523 3511 1625 3568 daneta
1649 3517 1705 3568 ten·

80 3598 139 3650 tam
164 3593 252 3650 etiam
284 3593 315 3650 in
339 3594 430 3649 Deum
458 3592 650 3650 reverentiam
677 3592 806 3650 Socrates
860 3597 919 3650 taoi
938 3597 968 3649 in
982 3598 1127 3664 sapientia.
1144 3597 1221 3664 bini,
1242 3598 1360 3666 Sapiens
1381 3600 1497 3668 efficiar,
1514 3604 1540 3654 et
1558 3602 1622 3671 ipsa
1647 3600 1705 3656 ton·

79 3681 107 3747 tt,
126 3689 160 3739 ut
183 3682 208 3739 ei
225 3682 356 3740 videlicet
374 3682 472 3738 omnia
495 3689 594 3739 nostra
610 3681 751 3750 tribuerit,
763 3689 804 3739 at·
858 3682 920 3752 gius
943 3686 1053 3739 recessit
1072 3701 1090 3739 ι
1111 3700 1163 3753 me,
1183 3685 1371 3754 multomagis
1388 3695 1520 3753 qnantum
1540 3693 1600 3744 erat
1613 3690 1707 3745 etalio

79 3771 202 3843 nipserit
227 3772 312 3840 bona,
337 3771 464 3828 maxime
490 3784 525 3828 ea
555 3785 621 3843 ιιι
650 3771 686 3827 ad
714 3771 804 3843 perci·
857 3768 1047 3839 mosanditas,
1075 3769 1375 3839 puisinoenieteami
1398 3774 1623 3843 (declinati,
1646 3774 1705 3845 25.)

85 3861 217 3917 veritatis
231 3862 354 3917 attinent
368 3860 578 3929 discretionem,
605 3860 723 3931 ipsemet
738 3874 804 3932 pro·
858 3861 900 3914 Aa
923 3857 948 3914 si
969 3864 1066 3929 aperte
1089 3872 1214 3930 magnus
1229 3859 1277 3916 ille
1299 3860 1413 3930 sapiens
1426 3862 1606 3932 profiteatur,
1630 3876 1659 3919 se
1675 3863 1705 3919 in

104 3950 190 4023 cujas
216 3964 340 4022 persona
367 3950 398 4007 in
425 3949 531 4006 Timaeo
562 3948 688 4006 Platonis
713 3949 804 4007 intro·
859 3947 1108 4006 omnibusrerum
1123 3948 1236 4005 naturis
1261 3949 1469 4022 investigandis
1486 3959 1514 4008 et
1538 3952 1648 4009 ratione
1662 3952 1703 4008 di·

79 4044 102 4096 ιι
116 4052 206 4110 supra
220 4052 339 4111 quoque
364 4037 561 4106 meminimus,
584 4052 699 4096 omnem
721 4037 804 4096 intel·
858 4036 1010 4094 santientis
1026 4036 1246 4095 insufficientem
1272 4047 1362 4109 atoue
1381 4039 1553 4097 imbecillem
1575 4041 1704 4112 reperiri,

79 4141 108 4184 m
131 4138 159 4185 et
174 4129 315 4185 rationem
336 4128 365 4184 in
391 4127 471 4186 omni
487 4128 608 4185 veritate
625 4127 805 4186 discutienda
858 4125 912 4198 qui
935 4125 1017 4197 prius
1030 4126 1067 4184 ad
1090 4125 1144 4182 boa
1158 4141 1188 4183 se
1202 4126 1335 4184 suiticere
1350 4128 1561 4198 arbitrabatur,
1580 4137 1608 4187 ιι
1622 4144 1706 4187 sum-

89 4214 213 4288 simplioi
238 4217 436 4274 obsecratione
462 4217 614 4288 petendam
632 4224 743 4275 censet:
774 4217 804 4275 in
820 4217 844 4277 b
860 4227 908 4270 ma
920 4214 1058 4284 praeditus
1071 4215 1213 4286 sapientia
1224 4216 1387 4274 ridebatur.
1618 4206 1636 4241 χ

98 4312 131 4362 ιιι
157 4319 206 4363 ιιι
235 4320 334 4389 omnes
350 4319 401 4377 pro
425 4305 541 4363 furiosis
566 4311 594 4362 et
623 4304 806 4376 inexpiandis
895 4303 1019 4360 Consule
1037 4304 1124 4361 etiam
1147 4303 1240 4375 ipsam
1261 4304 1448 4376 Sapientiam,
1463 4313 1491 4366 et
1505 4308 1620 4367 attende
1634 4307 1706 4380 qnid

99 4394 152 4466 qui
172 4396 202 4451 in
217 4395 353 4453 omnibus
371 4402 446 4452 reete
460 4394 580 4466 agendis
596 4394 726 4452 divinam
745 4409 810 4457 non
859 4392 894 4450 de
919 4393 973 4450 boc
999 4392 1063 4465 ipsa
1077 4393 1228 4465 consulat3
1254 4394 1343 4464 illam,
1361 4395 1493 4469 inquam,
1512 4412 1611 4470 quaea
1629 4413 1705 4470 quo·

79 4488 96 4538 ιι
120 4496 213 4554 opem.
233 4485 267 4539 ln
287 4491 454 4556 quoaperte
477 4498 506 4541 se
521 4483 594 4541 nibil
609 4497 646 4541 ex
664 4498 694 4541 se
713 4498 803 4555 posse,
859 4478 928 4536 dam
942 4494 1056 4539 summo
1070 4481 1201 4553 sapiente
1228 4481 1386 4554 singularis
1413 4491 1441 4543 et
1455 4485 1583 4543 maxima
1601 4486 1705 4559 predi-

79 4571 178 4629 lirinae
204 4572 341 4630 beneflcio
356 4573 458 4645 gratie
473 4579 657 4646 protestatur.
678 4573 806 4633 audiant
859 4577 950 4635 catur,
966 4577 998 4627 ut
1012 4569 1107 4643 magis
1124 4571 1229 4628 divina
1242 4584 1333 4643 quam
1347 4573 1478 4631 bumana
1495 4575 1640 4643 rideatur,
1656 4575 1706 4634 ubi

83 4661 320 4733 pbilosophorum
344 4661 499 4719 consilium
526 4661 556 4719 bi
573 4663 626 4734 qui
654 4676 684 4719 se
710 4662 805 4734 philo-
859 4657 1010 4716 seilicetin
1024 4659 1098 4717 libro
1124 4659 1275 4731 Sapientia
1292 4662 1432 4733 scriptum
1459 4671 1512 4732 est,
1528 4678 1641 4723 summo
1657 4664 1705 4721 illo

80 4750 261 4823 profitentur.
277 4750 405 4809 audiant
420 4750 573 4823 magistros
591 4763 659 4808 suos
674 4751 725 4823 qni
740 4766 806 4809 con-
860 4745 994 4817 Sapiente
1033 4747 1074 4806 ita
1095 4749 1225 4808 dicente:
1250 4751 1319 4807 liiii
1349 4751 1427 4807 dedit
1460 4755 1532 4809 Dens
1554 4754 1644 4810 dicere
1672 4768 1707 4809 ee

79 4846 94 4896 ,ι
108 4847 231 4909 ιιιιιοι,
260 4847 292 4897 ut
318 4839 343 4897 si
357 4838 487 4897 videlicet
515 4838 639 4911 cupiunt
657 4840 748 4897 ileum
763 4840 807 4896 in·
859 4840 1004 4907 sententie,
1032 4842 1058 4893 at
1079 4853 1242 4908 masamere
1261 4839 1348 4909 digna
1365 4841 1461 4896 iorum
1475 4857 1536 4913 gun
1550 4842 1619 4898 milti
1632 4841 1706 4896 dan-

79 4941 99 4994 ι,
123 4928 213 4986 velint
228 4928 264 4985 ad
287 4928 507 5001 intelligendum
532 4943 562 4986 se
588 4928 806 4987 benevivendo
860 4929 906 4982 tar
908 4965 962 4984 .....
989 4929 1051 4998 lpse
1065 4931 1133 4985 erim
1148 4929 1228 4987 dedit
1256 4930 1324 4986 miii
1350 4931 1446 4987 boram
1461 4949 1521 5003 pue
1543 4934 1706 4989 sontseien·

79 5030 132 5086 are,
160 5026 188 5074 et
203 5017 280 5075 riam
300 5018 490 5075 humanitatis
508 5015 539 5091 [s.
556 5016 807 5090 bumilitatislar-
860 5018 931 5072 dam
952 5031 1056 5084 onam,
1078 5022 1110 5073 at
1137 5021 1223 5075 samm
1250 5019 1456 5089 dispositionem
1470 5022 1543 5078 orbis
1558 5027 1706 5091 terrarum,

79 5120 139 5178 qua
164 5107 225 5164 sola
239 5108 276 5166 ad
289 5107 488 5165 celsitudinem
513 5106 593 5164 illam
612 5107 808 5179 intelligentia
860 5111 886 5161 et
912 5107 1027 5162 virtuter
1046 5107 1245 5174 elementorum,
1262 5110 1377 5164 initium.
1399 5114 1426 5165 et
1451 5115 1707 5169 amsammationem

79 5209 117 5264 ιι,
129 5209 281 5268 nunqnam
296 5196 464 5268 pervenitur
476 5195 610 5267 qnandiu
620 5196 649 5252 in
664 5195 720 5253 bac
731 5210 805 5253 mor·
860 5199 887 5251 et
914 5194 1086 5251 medietatem
1123 5201 1282 5266 temporum,
1313 5199 1536 5257 uicissitudinem
1569 5208 1711 5272 pennata.-

79 5298 113 5341 ne
126 5284 247 5342 vivitur.
263 5284 446 5356 Comuptibile
460 5286 533 5340 enim
559 5299 657 5354 corpas
672 5289 808 5355 aggramt
861 5287 957 5352 times,
973 5289 999 5339 et
1025 5282 1265 5342 consummationes
1290 5290 1413 5357 ipsorum
1429 5289 1500 5362 iil),
1525 5293 1594 5347 anni
1609 5307 1707 5349 anesus

79 5395 91 5442 ,
114 5377 142 5429 et
156 5373 286 5444 deprimit
302 5379 409 5430 terrena
422 5373 588 5430 inhabitatio
601 5388 709 5431 sensnm
720 5374 808 5432 malta
860 5377 886 5429 et
904 5374 1046 5430 stellarum
1061 5374 1264 5446 dispositiones,
1283 5379 1399 5432 namras
1414 5379 1624 5450 antuniana
1637 5386 1707 5452 iras,

79 5485 102 5539 jn
117 5479 192 5539 libro
205 5481 391 5541 Ecclesiastes
403 5479 509 5554 legitur
523 5483 650 5538 tractari.
898 5479 956 5555 ili)
977 5481 1011 5541 ln
1025 5481 1099 5543 libro
1122 5481 1276 5555 sapientie
1307 5487 1528 5545 commutationes
1547 5492 1706 5562 temporum.
