3804 5962
140 203 207 260 1375

403 201 507 257 rsrur
524 200 710 258 nemmem
729 202 804 259 ore.
825 201 915 259 otus
932 203 981 259 m.
995 231 1031 244 -
1045 201 1265 263 resumeret
1284 204 1327 260 nr
1345 203 1611 263 rurnosorurea.
1703 165 1706 168 ’

1885 109 1901 161 i‘l

1816 210 1863 266 {iil
1887 234 1901 280 q

134 331 264 396 etionum,
295 343 356 398 cop.
380 327 504 383 xxxviii
534 342 540 380 :
567 326 667 385 llelius
690 334 749 393 est,
779 326 883 398 inquit,
912 342 985 384 sem·
998 327 1158 399 Apamur3
1175 329 1235 396 sed,
1260 330 1337 400 quod
1360 335 1439 385 certa
1457 327 1526 385 sides
1551 337 1638 396 tenet,
1656 343 1713 386 nec
1741 330 1864 403 ingenito
1889 319 1901 370 ‘l

135 431 186 489 per
199 425 286 474 natus
301 430 390 487 quam
409 415 460 486 qui
473 415 530 487 (31)
556 429 669 485 semper
682 416 821 472 nascitur.
836 417 907 487 quia
930 418 981 487 qui

140 520 251 577 semper
265 505 404 570 nascitur,
420 505 550 560 nondum
563 512 605 561 cst
619 512 706 560 uatus
719 511 746 561 et
766 519 932 576 nunquam,
928 508 984 561 'na-

136 603 183 651 tus
209 602 261 658 est,
293 601 343 649 aut
368 600 456 648 natus
486 593 550 658 erit,
572 593 596 648 si
623 607 734 663 semper
754 594 884 650 nascitur
908 594 980 666 (est;

65 726 69 735 .
136 681 216 738 aliud
236 688 279 737 est
297 681 373 737 enim
397 682 488 747 nasci,
507 680 586 736 aliud
601 689 702 737 natum
718 696 797 750 esse;
812 696 846 737 ac
864 696 914 752 per
928 683 983 739 hoc

135 784 289 842 nunquam
310 771 411 837 Filius,
436 771 459 826 si
475 785 628 842 nunquam
648 779 735 828 natus
752 787 759 840 ;
775 772 839 827 etsi
870 786 982 842 semper

136 861 238 929 Filius,
266 874 378 929 semper
406 859 496 932 igitur
518 868 615 915 uatus.
644 861 718 915 idem
746 861 783 914 od
810 862 982 916 Poscentium

55 981 60 985 -
135 952 257 1006 comitem
272 950 429 1004 ananum:
453 948 526 1016 Quid
538 963 606 1018 ergo
621 949 767 1005 dicimus?
787 950 811 1006 si
838 956 924 1006 nattis
938 958 981 1008 est

136 1037 227 1095 Filius
248 1038 282 1093 de
308 1039 402 1100 Patre,
428 1036 487 1106 jam
510 1036 594 1091 Pater
615 1036 723 1092 destitit
746 1037 873 1108 gignere,
894 1045 932 1105 et,
956 1040 980 1094 si

135 1125 249 1192 destitit,
260 1126 360 1196 empit;
376 1125 401 1181 si
416 1131 512 1180 autem
523 1124 606 1193 coepit
622 1124 812 1194 giguere,tuit
822 1125 980 1197 aliquando

135 1216 196 1273 sine
211 1215 297 1284 Fili03
313 1214 362 1271 sed
378 1227 534 1284 nunquam
550 1213 602 1268 luit
625 1213 687 1268 sine
709 1214 789 1282 Filio,
805 1215 875 1285 quia
891 1214 980 1271 Filius

133 1306 197 1376 ejus
215 1303 356 1373 sapientia
380 1303 443 1373 ejus
465 1309 530 1371 est;
554 1314 624 1371 ergo
644 1315 757 1371 semper
781 1303 876 1374 gignit
899 1305 980 1359 Pater

133 1400 161 1449 et
188 1405 299 1463 semper
321 1391 451 1447 nascitur
479 1389 577 1446 Filius.
606 1389 658 1444 ilic
681 1404 785 1446 rursus
814 1391 976 1447 timendum

1039 424 1148 474 estnec
1163 419 1288 489 gemtus,
1308 418 1357 473 sed
1386 418 1422 473 ab
1451 419 1583 490 utrisque
1610 419 1784 488 procedens,
1812 421 1898 478 seii

1037 515 1105 562 ceta
1125 507 1207 563 Patre
1228 515 1256 562 et
1272 507 1353 563 Ftlto
1377 507 1451 561 idem
1480 508 1573 562 iniit.
1610 509 1631 564 V
1661 510 1703 562 Dc
1738 488 1901 565 Trinitatess

1037 611 1095 666 cop.
1131 598 1202 653 Vll:
1231 596 1312 662 Quod
1340 609 1408 665 ergo
1436 596 1545 653 dicitur
1572 597 1736 666 ingenitus,
1766 598 1820 654 hoe
1840 614 1898 656 u

1035 686 1127 741 tendit
1146 685 1225 755 quod
1240 699 1299 739 non
1315 684 1351 740 sit
1367 683 1478 752 Filius;
1499 685 1548 740 sed
1578 687 1698 756 genitus
1722 693 1752 742 et
1779 686 1870 758 ingeni
1896 688 1901 725 ³

1037 780 1085 829 tus
1104 773 1407 829 commodedicu'ntur
1416 788 1425 842 3
1443 771 1531 829 Filius
1559 777 1656 830 autem
1684 775 1791 832 Latine
1820 775 1870 832 diri·
1898 774 1901 811 ³

1036 870 1093 929 tur,
1119 862 1168 918 sed
1189 861 1298 917 infilius
1320 868 1352 916 ut
1385 861 1499 917 dicatur
1518 875 1575 917 non
1603 861 1735 919 admittit
1752 863 1871 934 loquendi
1899 895 1901 898 ·

1034 950 1220 1007 cousuetudo.
1238 947 1315 1004 Nihil
1334 957 1430 1004 autem
1445 947 1602 1006 intellectui
1627 951 1775 1022 demitur,
1800 953 1822 1008 si
1838 952 1871 1008 di·
1899 951 1901 987 ³

1035 1047 1118 1096 catur
1138 1052 1197 1094 non
1221 1036 1328 1107 Filius3
1353 1036 1599 1112 quemadmodum
1626 1040 1729 1103 etiam,
1757 1041 1785 1096 si
1811 1040 1871 1097 ditt-
1900 1083 1901 1088 .

1034 1136 1084 1185 tur
1110 1141 1168 1183 nou
1192 1126 1319 1197 genitus,
1345 1140 1395 1195 pro
1422 1140 1456 1182 eo
1483 1126 1588 1182 dicitur
1618 1126 1784 1198 ingenitus,
1812 1130 1868 1185 uilil
1900 1131 1901 1160 ³

1034 1213 1113 1269 aliud
1136 1213 1253 1268 dicitur.
1291 1214 1380 1266 item:
1404 1213 1467 1269 Non
1491 1228 1560 1284 ergo
1587 1213 1649 1285 jem
1678 1216 1814 1274 dicemus
1837 1216 1868 1273 ir·
1899 1221 1901 1252 ³

1034 1301 1175 1372 genitum,
1196 1302 1330 1372 quamvis
1359 1301 1457 1357 Latine
1482 1301 1539 1357 dici
1566 1306 1680 1373 possit;
1717 1306 1767 1362 sed
1790 1321 1868 1377 proto
1898 1332 1901 1342 ·

1034 1390 1166 1445 dicamus
1195 1403 1253 1444 non
1278 1389 1419 1459 genitum,
1447 1390 1523 1460 quod
1553 1398 1668 1447 tantum
1699 1393 1797 1463 valet;
1823 1406 1865 1450 uun
1897 1424 1900 1430 ,

134 1489 186 1549 est,
204 1495 240 1537 ne
269 1487 387 1550 putetur
410 1478 576 1548 imperfecta
609 1479 766 1547 generatio,
786 1479 810 1533 si
837 1480 979 1535 nondici-
1032 1491 1101 1548 ergo
1127 1478 1207 1533 aliud
1236 1478 1360 1533 dicimus
1380 1492 1469 1548 quam
1496 1493 1555 1535 non
1586 1481 1705 1537 Filium.
1733 1482 1864 1539 item:ln·

133 1576 315 1626 musnatum
335 1582 405 1632 esse,
426 1567 475 1624 sed
500 1565 587 1621 nasei.
607 1566 1147 1652 compateremecummb·Bgenitus
1175 1580 1260 1636 porro
1296 1566 1365 1636 qnid
1390 1574 1432 1622 est
1457 1568 1511 1622 nisi
1547 1583 1604 1623 non
1636 1569 1775 1639 genitus?
1802 1569 1863 1626 Sicut
1896 1577 1899 1604 ⁵

133 1672 222 1727 secro,
239 1659 270 1713 in
286 1658 331 1714 itis
350 1656 492 1728 angustiis
517 1655 653 1711 humauae
676 1656 856 1724 cogitationis
876 1664 903 1711 et
922 1655 974 1711 lin·
1031 1656 1111 1710 euim
1127 1656 1241 1726 genitus
1257 1669 1314 1710 nou
1339 1655 1375 1709 ad
1404 1669 1433 1710 se
1463 1656 1556 1725 ipsum
1584 1656 1705 1724 dicitur,
1731 1659 1779 1714 sed
1802 1657 1861 1729 qnod
1896 1673 1898 1679 ·

133 1749 373 1818 guae3etpariter
394 1745 598 1815 confugiamus
628 1744 664 1799 ad
689 1744 822 1814 spiritum
847 1745 898 1800 Dei
927 1757 977 1813 per
1031 1758 1068 1800 ex
1088 1743 1171 1799 Patre
1193 1744 1238 1811 sit,
1271 1744 1318 1809 ito,
1345 1757 1411 1798 curn
1438 1743 1544 1799 dicitur
1570 1745 1731 1815 ingenitus,
1758 1745 1859 1803 nuurd
1895 1730 1901 1782 F

134 1835 299 1905 prophetam
316 1833 481 1890 dicentem:
505 1833 710 1889 denuntionem
736 1833 794 1901 ejus
814 1837 876 1898 quis
896 1849 974 1887 enor-
1031 1834 1178 1903 seipsum
1205 1833 1323 1896 dicitur,
1354 1833 1402 1887 sed
1423 1832 1500 1903 quod
1528 1847 1564 1888 ex
1584 1835 1719 1902 genitore
1745 1850 1801 1891 non
1825 1833 1858 1890 sit

132 1922 232 1978 rabit?
261 1925 334 1993 (isui.
362 1925 431 1991 nur).
459 1923 605 1988 Gregorius
630 1936 712 1989 super
736 1921 795 1985 iod,
825 1922 872 1975 lid.
897 1923 977 1978 xxix
1032 1923 1201 1980 ostenditur.
1228 1923 1400 1986 Ambrosius,
1429 1924 1466 1975 lle
1492 1923 1685 1977 incarnatione
1710 1922 1858 1979 dominico:
1900 1951 1901 1954 ¹

132 2011 167 2082 [l,
184 2011 244 2085 917]
264 2029 270 2066 :
288 2011 427 2067 Dominus
453 2012 528 2066 Deus
553 2011 634 2065 lesus
651 2009 792 2073 Christus,
809 2009 882 2065 ineo
899 2009 975 2080 quod
1031 2012 1104 2068 Cum
1132 2012 1244 2067 dudum
1272 2009 1417 2066 audierint
1443 2011 1570 2080 quidam,
1590 2011 1757 2069 dicentibus
1783 2012 1861 2077 uobis,
1897 2007 1900 2045 ³

132 2101 225 2158 virtus
248 2108 275 2156 et
298 2100 347 2156 liei
370 2099 512 2168 sapientia
539 2105 591 2162 est,
617 2098 651 2153 de
665 2097 748 2153 Patre
766 2105 832 2153 aute
848 2106 976 2167 tempora
1031 2100 1133 2155 Filium
1157 2098 1216 2162 Dei,
1245 2098 1296 2166 qui
1324 2105 1479 2166 generatus
1506 2100 1550 2165 sit,
1578 2099 1667 2167 Patri,
1685 2102 1738 2172 qui
1760 2115 1862 2172 genere·

133 2196 286 2254 natusest,
302 2189 347 2244 vel
365 2189 458 2257 potius
477 2187 547 2256 quia
576 2200 629 2241 nee
648 2193 734 2256 coeptt
757 2187 836 2242 nasci
852 2201 906 2242 uec
929 2186 974 2242 de·
1030 2189 1082 2255 vit,
1106 2186 1279 2258 inequalem
1304 2199 1364 2241 esse
1389 2200 1446 2241 nou
1477 2201 1566 2256 posse,
1596 2191 1738 2259 quamvis
1760 2191 1806 2247 ille
1825 2205 1861 2260 ge

133 2278 190 2345 siit,
202 2276 333 2331 dicamus
361 2275 459 2331 verius
474 2287 587 2343 semper
605 2281 701 2329 uatus.
727 2275 788 2330 Non
801 2283 896 2331 autem
913 2289 975 2344 pos·
1030 2285 1148 2334 neratus
1163 2284 1199 2333 sit
1213 2283 1240 2331 et
1255 2276 1308 2330 iste
1336 2278 1524 2345 generaverit,
1552 2279 1622 2348 quia
1650 2281 1798 2350 generatio
1817 2292 1862 2335 nou
1899 2290 1900 2294 ’

133 2378 235 2421 snmus
264 2363 385 2418 dicere:
417 2375 530 2430 semper
553 2362 693 2428 nascitur,
724 2363 976 2441 neuimperlectus
1031 2366 1177 2439 potestatis
1200 2364 1318 2432 est,sed
1340 2372 1474 2434 naturee3
1495 2365 1636 2422 adversus
1663 2368 1861 2439 illamquideu

133 2452 350 2512 essevideatur.
372 2454 492 2506 atvero
514 2457 545 2505 ut
572 2457 698 2506 aeternus
714 2451 857 2522 designari
881 2452 976 2508 valeat
1030 2453 1219 2526 questionem
1241 2466 1341 2507 rocem
1361 2451 1416 2507 sihi
1447 2452 1628 2509 arbitrantur
1650 2453 1859 2511 occluserunt
1900 2484 1901 2491 .

133 2550 161 2600 et
183 2541 335 2613 perlectus,
361 2552 473 2609 semper
500 2538 631 2594 dicamus
656 2547 683 2594 et
708 2547 804 2608 uatus,
832 2547 976 2610 qnatenus
1029 2544 1186 2614 vestigium
1204 2543 1332 2606 vertunt,
1361 2541 1519 2596 mutatione
1554 2543 1699 2598 sermonis
1725 2543 1858 2602 dicentes:

133 2639 160 2688 et
179 2638 267 2686 natus
288 2629 323 2684 ad
345 2628 545 2700 perlectionem
572 2628 724 2696 pertineat,
749 2636 776 2684 et
800 2642 911 2698 semper
939 2629 975 2684 ad
1029 2631 1175 2697 Quomodo
1193 2636 1312 2699 possunt
1341 2629 1488 2699 ingenitus
1512 2638 1539 2685 ot
1556 2632 1671 2701 genitus
1701 2646 1764 2688 esse
1785 2631 1861 2687 unius

133 2720 329 2786 eternitatem,
350 2716 484 2788 quamvis
508 2715 561 2770 ltoc
583 2716 644 2785 ipso
663 2716 740 2786 quod
757 2718 914 2786 perlectum
929 2716 975 2772 di·
1030 2728 1143 2777 naturae
1171 2725 1259 2788 atque
1281 2717 1472 2772 substantia?
1502 2719 1590 2790 Ergo,
1623 2727 1655 2776 ut
1676 2720 1859 2788 respondeam.
1900 2767 1901 2770 ,

133 2810 235 2877 cimus,
253 2808 377 2864 multum
404 2807 440 2862 ab
463 2805 542 2860 illius
562 2806 692 2861 veritatis
719 2808 901 2874 expressione
926 2806 974 2860 de·
1030 2810 1158 2880 primum
1185 2807 1316 2862 omnium
1341 2805 1502 2877 ingenitum
1523 2809 1552 2860 iu
1585 2807 1747 2878 scripturis
1769 2807 1859 2863 divinis
1886 2834 1901 2843 ··

132 2898 268 2964 viamus;
285 2910 344 2967 qua
363 2896 439 2966 quod
455 2894 563 2949 iactum
582 2908 639 2949 uon
660 2901 710 2958 est,
732 2908 784 2949 nec
811 2901 901 2964 potest
919 2871 1013 2950 diciC

1886 2850 1901 2907 Ι,

1030 2910 1174 2967 nusquam
1189 2894 1315 2962 invenio,
1332 2908 1390 2948 non
1411 2893 1476 2964 legi,
1495 2909 1553 2951 nou
1578 2896 1690 2951 audivi.
1709 2896 1798 2967 Cuius
1810 2908 1858 2949 mu·
1886 2914 1899 2967 p

132 2984 351 3057 perfectum;et
374 2992 470 3039 tamen
488 2981 664 3038 infirmitatis
687 2994 791 3038 nostrae
812 2982 909 3056 uerbis
924 2982 976 3036 Do·
1030 2983 1259 3052 nubilitatisltil
1285 2981 1507 3038 sunthomines
1534 2983 1732 3053 istiusmodi,
1762 2983 1856 3054 utili,
1898 2986 1901 3022 f

131 3073 230 3130 minus
245 3072 495 3128 condescendens:
516 3072 617 3135 Estote,
642 3072 746 3141 inquit,
768 3072 895 3140 perfecti,
919 3074 974 3124 sic·
1029 3075 1126 3130 dicant
1149 3085 1201 3127 nos
1225 3084 1367 3139 usurpare
1393 3085 1451 3125 uon
1475 3072 1591 3140 scripta,
1612 3087 1678 3129 cum
1706 3073 1808 3142 scripte
1826 3070 1857 3124 g..
1897 3074 1901 3111 ἰ

131 3167 197 3217 utet
214 3165 389 3218 Puteruester
404 3163 516 3216 celestis
529 3164 665 3231 perfectus
677 3163 717 3214 est
727 3161 836 3229 (Metti.
852 3159 892 3228 v).

563 3250 601 3303 ll.

209 3335 287 3402 Quod
306 3336 379 3391 solus
394 3339 476 3392 Pater
495 3250 607 3392 ἀξοῖεαν
621 3338 772 3404 ingenitus,
788 3341 813 3390 ei
828 3351 891 3390 non.

165 3425 300 3488 isidorus,
331 3427 569 3496 digmologiorum
596 3427 642 3481 lii.
673 3426 706 3480 Vl
730 3442 737 3479 :

1029 3163 1190 3229 camusflet
1220 3159 1274 3229 ipsi
1291 3158 1443 3228 objiciant,
1473 3160 1549 3229 quod
1580 3161 1720 3230 scriptum
1742 3157 1855 3217 nonsit?

1029 3254 1098 3307 item
1126 3254 1266 3316 asserant,
1294 3247 1344 3303 ubi
1381 3248 1544 3317 ingenitum
1572 3249 1686 3305 Patrem
1720 3249 1852 3320 legerunt:
1899 3253 1901 3285 ἓ

1031 3341 1098 3396 item
1120 3338 1242 3394 verbum
1268 3336 1398 3407 ingeniti,
1419 3336 1470 3391 ubi
1499 3335 1644 3407 legerunt,
1667 3337 1854 3392 demonstrent
1887 3339 1901 3421 Ι1

780 3425 863 3480 Pater
894 3425 973 3481 solus
1029 3428 1146 3484 Lectum
1166 3433 1218 3492 est,
1245 3426 1399 3496 inquiuut;
1421 3437 1488 3479 uam
1511 3426 1599 3481 Arius
1620 3426 1696 3481 dixit
1713 3425 1853 3495 ingenitum
1886 3431 1901 3464 ·³

131 3520 246 3567 nonest
275 3513 309 3568 de
329 3513 395 3578 alio,
426 3513 488 3592 ideo
513 3515 590 3571 solus
618 3513 779 3583 appellatur
813 3514 972 3584 ingenitus.
1029 3519 1149 3579 Patrem,
1171 3520 1199 3572 et
1220 3513 1349 3587 genitum
1376 3521 1403 3570 ct
1431 3523 1560 3570 creatum
1589 3515 1706 3579 Filium.
1732 3515 1791 3581 Quo
1810 3525 1852 3567 au·

130 3599 314 3669 Athanasius,
331 3605 369 3656 lte
384 3605 532 3671 Trinitate,
556 3603 603 3658 lib.
629 3604 714 3661 Vlll.
745 3602 887 3658 Nativitas
911 3602 974 3657 Filii
1028 3612 1105 3660 ctore
1128 3611 1227 3659 contra
1262 3601 1418 3673 apostolica
1455 3603 1562 3672 scripta
1594 3604 1772 3659 contendant
1802 3602 1852 3670 pti.
1887 3588 1891 3611 ³

131 3689 181 3745 Dei
201 3697 267 3746 ante
300 3691 475 3763 principium
504 3692 582 3762 apud
613 3694 724 3748 Patrem
752 3699 803 3747 est.
832 3691 974 3746 Confiteor
1028 3695 1052 3747 si
1082 3692 1166 3747 modo
1192 3691 1256 3747 Arii
1275 3705 1304 3747 se
1332 3690 1488 3760 discipulos
1510 3691 1670 3747 fateantur!
1704 3691 1758 3748 Sed
1780 3691 1801 3746 si
1823 3686 1853 3741 illi
1888 3706 1891 3717 ·

131 3790 223 3833 unum
236 3779 434 3837 innascibilem
448 3787 475 3836 et
495 3795 587 3837 uuum
616 3788 727 3836 natum.
754 3780 895 3836 contlteor
920 3780 973 3835 Pa·
1028 3780 1126 3836 dicunt
1142 3781 1219 3849 quod
1247 3778 1335 3834 Arius
1350 3779 1465 3849 justius
1494 3794 1547 3850 ego
1574 3778 1664 3834 debeo
1688 3774 1855 3849 dicerequud
1889 3778 1893 3863 t

131 3869 202 3919 trem
217 3862 440 3934 omnipotentem
457 3865 518 3921 siue
535 3865 626 3932 initio,
643 3866 705 3921 sine
722 3864 786 3931 dne,
808 3866 859 3934 qui
875 3865 974 3919 omnia
1027 3866 1180 3936 Apostolus
1198 3864 1292 3920 dixit:
1315 3864 1428 3918 Patrem
1446 3877 1505 3917 nou
1531 3863 1705 3933 ingenitum,
1727 3864 1823 3919 Filium
1838 3868 1859 3914 et

132 3957 208 4008 tenet
221 3954 380 4009 etanullo
400 3962 522 4021 tenetur,
546 3955 643 4010 omnia
659 3953 801 4024 gubernat
815 3960 843 4008 et
862 3953 974 4009 anullo
1030 3955 1160 4026 genitum
1177 3951 1258 4006 dixit.
1276 3951 1356 4017 Quod
1374 3951 1441 4020 legi,
1466 3964 1524 4006 nou
1552 3965 1636 4021 nego,
1666 3966 1724 4007 rmo
1757 3951 1861 4008 libenter

132 4040 322 4110 gubernatur.
342 4042 404 4098 Non
419 4043 593 4098 diminuitur
607 4043 722 4113 genitus
741 4042 832 4107 abeo,
858 4041 908 4111 qui
932 4050 974 4098 est
1030 4056 1159 4112 usurpo;
1178 4040 1260 4111 quod
1286 4053 1342 4094 non
1362 4037 1427 4109 legi,
1456 4052 1597 4108 usurpare
1613 4053 1673 4095 nou
1695 4041 1796 4097 debeo.
1818 4037 1862 4095 Sed

131 4129 318 4185 innascibilis.
349 4130 472 4200 Spiritus
499 4139 617 4187 sauctus
640 4143 692 4186 uec
715 4136 801 4187 natus
825 4144 876 4185 nec
893 4131 973 4184 iuna·
990 4162 1012 4216 ὓ
1030 4137 1181 4199 usurpent,
1202 4142 1238 4183 ne
1261 4126 1334 4182 forte
1358 4126 1466 4194 dicant,
1492 4128 1562 4197 quia
1582 4127 1714 4197 genitum
1731 4143 1791 4186 nou
1805 4125 1863 4198 legi-

131 4216 292 4286 scibilis;si
309 4226 404 4274 autem
420 4219 521 4275 dixero
550 4227 660 4282 uatum,
680 4219 754 4274 duos
771 4218 844 4274 filios
867 4226 972 4274 statuo.
1029 4232 1096 4273 mus
1115 4219 1238 4283 Patrem,
1267 4216 1329 4271 ideo
1353 4214 1515 4284 ingenitum
1534 4215 1702 4272 existimare
1727 4217 1865 4272 debemus.

129 4307 314 4375 Augustinus,
325 4309 362 4361 Dc
377 4307 530 4362 orthodoaeo
544 4307 618 4377 tide:
639 4307 731 4374 Pater,
745 4307 850 4377 inquil,
870 4306 977 4376 priuci-

130 4394 212 4463 pium
235 4393 359 4461 deitatis,
385 4409 402 4450 a
429 4409 487 4465 qno
508 4395 598 4450 Filius
626 4402 755 4460 retusa
779 4409 836 4465 quo
854 4394 977 4464 Spiritus

130 4489 248 4538 sanctus
262 4496 319 4539 non
340 4489 436 4549 nutus,
453 4483 595 4552 quianon
612 4490 654 4538 est
674 4483 773 4551 Filius,
795 4497 848 4539 nec
865 4481 974 4553 iugeni-

131 4573 189 4635 tus‚
214 4569 284 4639 quia
305 4584 363 4624 non
387 4577 429 4626 est
444 4570 536 4626 Pater.
553 4572 700 4638 Gregorius
714 4573 743 4624 in
765 4574 898 4638 liegistro,
914 4586 974 4639 cup.

129 4658 162 4721 1:
180 4658 319 4729 Spiritum
343 4672 411 4714 vero
433 4666 566 4715 sanctum
593 4674 645 4714 nec
673 4659 801 4729 genitum
827 4674 879 4714 nec
900 4660 977 4729 inge·

130 4747 236 4812 uitem,
269 4747 317 4802 sed
337 4756 523 4815 coeternum,
552 4748 585 4803 de
616 4748 698 4803 Patre
730 4755 757 4803 et
784 4748 854 4802 Filii)
881 4761 974 4817 proce-

130 4834 257 4891 dentem.
278 4836 453 4903 Augustinus
479 4840 509 4890 in
531 4834 723 4901 questionibus
742 4835 776 4889 ub
798 4835 892 4891 Oresio
911 4852 974 4905 pro·

129 4926 228 4993 positis
256 4927 282 4977 et
309 4924 343 4978 od
362 4929 422 4994 ipso
451 4925 557 4992 solutis,
583 4940 643 4993 cop.
660 4925 684 4977 ll
707 4940 715 4982 :
740 4924 879 4994 Spiritum
908 4938 975 4980 san·

130 5019 208 5068 ctum
220 5026 273 5069 uec
285 5013 414 5084 genitum
428 5027 480 5068 nec
491 5014 653 5086 ingenitum
666 5014 820 5070 ddescerta
830 5014 974 5076 declaret:

131 5100 416 5171 quingentenum
430 5102 603 5174 ingenitum,
615 5104 727 5159 Patrem
744 5103 975 5159 ailirmarevide-

1031 4306 1206 4376 intelligitur
1220 4318 1288 4375 ergo
1302 4304 1363 4367 hoo,
1381 4319 1439 4359 uou
1451 4302 1575 4373 legitur;
1590 4304 1639 4359 sed
1659 4319 1715 4360 nec
1736 4305 1866 4375 Spiritum

1030 4402 1161 4450 sanctum
1189 4393 1317 4463 genitum
1340 4392 1405 4463 legi.
1433 4393 1510 4463 Ergo
1538 4400 1565 4447 et
1600 4392 1728 4461 Spiritus
1762 4403 1868 4450 sauctus

1030 4480 1351 4553 ingenitussecundum
1379 4487 1505 4537 nostram
1531 4481 1703 4537 sententiam
1725 4483 1867 4538 nominau-

1031 4570 1155 4626 dusest.

1400 4657 1503 4713 XVlll.

1030 4749 1106 4816 Quod
1143 4754 1244 4804 aeterno
1275 4751 1415 4816 generatio
1443 4747 1507 4800 Filii
1530 4749 1642 4802 rtrrrrcrt'
1669 4748 1712 4802 uel
1746 4753 1814 4804 sciri
1838 4746 1871 4800 tul

1277 4837 1395 4902 intelligi
1408 4838 1504 4904 possit,
1517 4841 1543 4889 ct
1557 4852 1620 4890 uon.

1064 4931 1246 4994 Hieronymus
1293 4940 1375 4994 super
1415 4925 1608 4991 Ecclesiasten,
1652 4940 1685 4981 eo
1724 4925 1787 4982 luco
1819 4937 1871 4994 qun

1030 5015 1157 5071 dieitur:
1173 5015 1238 5079 Quis
1258 5015 1309 5068 sei-t
1331 5011 1446 5081 spiritus
1474 5014 1594 5081 filiorum
1618 5014 1770 5078 hominum,
1795 5017 1821 5069 si
1832 5029 1869 5065 os·

1030 5103 1127 5158 tendat
1143 5106 1286 5156 sursumct
1307 5103 1424 5168 spiritus
1449 5103 1553 5170 pecoris
1577 5101 1723 5157 descendat
1753 5103 1866 5156 ‹lcorsun

131 5187 244 5258 hinrur3
264 5190 311 5246 sin
326 5198 423 5247 autem
447 5191 589 5262 genitum,
605 5192 678 5248 duos
698 5192 771 5250 lilios
785 5191 973 5249 crederetui
1029 5193 1059 5246 in
1090 5190 1216 5246 tenum?
1246 5187 1341 5256 (docti.
1367 5192 1429 5259 ru),
1454 5190 1635 5261 adjicienda:
1660 5192 1728 5261 quis
1755 5189 1865 5248 dillitui·

167 5312 223 5449 qli)
239 5316 323 5371 Cous.
340 5329 397 5370 om.
409 5318 466 5382 qui

236 5385 307 5450 Quia
322 5388 419 5456 gui-
385 5389 557 5444 nuscitur
566 5389 671 5448 desunt
685 5389 762 5461 apud
778 5388 864 5447 Guus.

169 5382 224 5522 (333
238 5457 349 5526 Cous&
364 5457 565 5516 mirabititutis.

1065 5318 1121 5385 (33)
1136 5319 1155 5369 l
1146 5331 1246 5377 ..cus
1239 5315 1316 5370 ubi

1065 5388 1121 5460 (35)
1135 5389 1227 5446 Cous:
1240 5389 1416 5444 contendunt.
1435 5387 1465 5443 Si
1481 5384 1570 5455 medo,
1586 5392 1642 5442 etc.
