3804 5962
109 205 179 261 taes
267 167 275 176 ’

879 200 933 258 SIC
951 199 996 256 ET
1013 199 1095 258 NON.

1795 211 1863 270 1360

108 348 176 405 quae
194 333 230 389 sit
246 329 324 389 ultra
348 329 559 398 substantiam,
572 342 639 386 cum
654 341 723 384 vero
741 327 851 400 justus,
863 328 957 413 quali·
973 322 1128 386 Astantiis
1155 330 1315 387 secundum
1343 328 1508 388 Graecorum
1538 331 1787 398 consuetudinem.
1812 337 1861 398 sle
1879 389 1882 395 ,

107 429 197 479 ιειειιι
221 420 349 493 quidem,
367 418 415 474 sed
433 433 491 475 non
508 417 723 484 accidentalem,
739 417 788 474 sed
811 431 956 487 eamque

108 511 145 568 sit
159 508 322 567 substantia
337 506 413 565 ultra
435 506 639 563 substantiam.
660 506 759 577 Neque
774 507 852 563 enim
876 505 956 562 aliud

106 606 150 656 εει
172 597 250 669 quod
269 604 321 665 εει,
342 596 422 652 aliud
446 595 524 666 quod
546 596 644 666 justus
666 601 718 661 εει,
738 595 787 651 sed
819 594 893 650 idem
914 599 957 649 εει

105 703 169 744 esse
187 689 243 742 Deo
263 685 341 756 qnod
361 684 486 755 justum.
513 684 593 751 ιιειιι,
610 698 678 739 ειιιιι
701 683 809 740 dicitnr
833 696 957 753 magnus

105 776 152 852 rel
168 774 326 836 maximus,
344 771 534 844 quantitatem
549 771 668 843 quidem
691 770 855 844 significare
876 770 956 827 ride-

105 862 325 930 mur,sedeam
341 860 457 931 quaesit
481 859 542 929 ipsa
564 860 727 916 substantia
748 858 823 926 talis,
840 859 956 930 qualem

103 968 167 1011 esse
193 951 322 1008 diximus
346 949 424 1005 ultra
447 947 648 1004 substantiam.
680 949 756 1003 ldem
784 950 813 1003 in
839 949 956 1004 secundo

104 1045 273 1112 topicorum:
292 1037 459 1095 Substantia
486 1044 528 1092 est
553 1037 631 1107 quod
660 1036 796 1092 omnibns
824 1037 955 1092 acciden-

103 1131 184 1187 tibus
213 1126 301 1198 possit
325 1141 386 1183 csse
417 1124 598 1195 subiectum3
620 1124 722 1181 albedo
741 1134 838 1181 antem
866 1124 957 1181 nullis

102 1216 303 1276 accidentibus
329 1213 461 1285 subjecta
489 1228 550 1269 esse
580 1220 670 1284 potest
695 1229 703 1283 ;
732 1211 833 1270 albedo
864 1212 956 1283 igitur

102 1306 269 1365 substantia
296 1318 354 1359 non
382 1310 433 1360 est.
456 1302 630 1371 Attqustt'ttus
653 1304 684 1356 t'rt
699 1303 743 1357 Vll
766 1303 813 1357 tib.
838 1305 878 1356 De
894 1303 955 1356 Tri-

102 1400 201 1463 uitale,
232 1410 293 1464 cop.
322 1393 375 1447 lv:
405 1393 477 1448 Nam
503 1392 527 1447 si
558 1391 612 1447 boc
643 1398 684 1446 est
707 1392 764 1447 Deo
792 1391 955 1463 essequod

102 1486 272 1549 subsistere,
289 1483 329 1538 ita
353 1495 410 1538 non
438 1486 524 1537 erunt
543 1479 671 1536 dicenda
699 1488 755 1536 tres
774 1480 954 1549 substantiae,

1012 417 1089 473 enim
1114 417 1216 474 dicunt
1237 418 1277 475 illi
1301 425 1357 474 tres
1379 418 1559 476 substantias
1587 433 1678 479 unam
1696 425 1860 493 essentiam,

1011 505 1256 576 quemadmodum
1282 522 1334 564 nos
1362 507 1486 564 dicimus
1519 515 1576 565 tres
1602 523 1742 580 personas
1771 526 1862 573 anam

1010 593 1162 651 essentiam
1191 595 1234 653 vel
1259 596 1462 652 substantiam.
1484 599 1563 665 laem,
1582 597 1630 653 tib.
1655 600 1696 655 V:
1712 599 1759 657 Sic
1777 600 1863 661 intei-

1011 682 1136 754 ligamns
1160 685 1260 751 Deum,
1287 692 1432 756 quantum
1454 699 1618 755 possumus,
1641 687 1703 744 sine
1721 687 1862 760 qualitate

1011 770 1131 840 bonum,
1153 771 1217 828 sine
1244 774 1406 843 quantitate
1436 787 1587 845 magnum,
1614 775 1676 832 sino
1701 775 1862 849 indigentia

1011 868 1177 928 creatorem,
1190 861 1252 918 sine
1274 862 1333 920 situ
1350 871 1530 933 presentem,
1554 863 1617 921 sine
1637 864 1740 924 babitu
1761 867 1861 928 omnia

1011 951 1214 1019 continentem,
1231 952 1293 1008 sine
1313 951 1373 1008 loco
1397 952 1506 1023 ubique
1528 960 1631 1023 totum,
1647 953 1711 1012 sine
1734 962 1860 1029 tempore

1010 1038 1228 1109 sempiternum,
1243 1040 1304 1097 sine
1327 1040 1388 1097 ulla
1412 1041 1458 1097 sui
1472 1042 1633 1100 mutatione
1648 1043 1801 1103 mutabilia
1815 1047 1856 1104 la·

1011 1128 1142 1194 cientem,
1153 1127 1284 1201 nihilque
1296 1129 1461 1199 patientem.
1488 1129 1626 1201 Quisquis
1647 1132 1739 1189 Deum
1754 1133 1795 1191 ita
1808 1148 1859 1192 aa·

1011 1215 1092 1287 gitat,
1113 1215 1164 1272 etsi
1181 1218 1309 1274 nondum
1322 1217 1441 1275 omnino
1457 1225 1547 1288 potest
1570 1218 1702 1277 invenire
1718 1219 1790 1292 quid
1809 1220 1858 1292 sit,

1011 1303 1056 1374 pie
1071 1311 1168 1360 tamen
1183 1312 1266 1362 cavet
1279 1312 1423 1376 quantum
1443 1312 1533 1377 potest
1551 1306 1662 1379 aliquid
1676 1308 1712 1366 de
1726 1307 1774 1366 ilio
1789 1323 1859 1369 eea·

1010 1393 1073 1460 tire,
1089 1393 1166 1464 qnod
1182 1408 1240 1449 non
1256 1393 1315 1465 sit;
1334 1401 1485 1452 esttamen
1504 1395 1566 1455 sine
1590 1395 1771 1456 dubitatione
1783 1398 1858 1458 snb-

1011 1481 1126 1549 stantia,
1141 1480 1198 1549 uel,
1212 1483 1236 1539 si
1247 1482 1350 1540 melius
1361 1483 1416 1541 hoo
1429 1483 1602 1555 appellatur,
1616 1485 1752 1555 essentia,
1767 1501 1858 1560 qnam

102 1582 137 1632 ut
163 1588 221 1630 non
247 1571 384 1628 dicantur
418 1576 473 1626 tres
506 1569 662 1638 essentiae,
697 1569 952 1639 quemadmodum,
970 1600 992 1654 Β
1011 1570 1102 1628 Graeci
1124 1570 1217 1626 usiam
1237 1579 1342 1628 vocant
1365 1571 1857 1648 (98).Hierottymttsodliomosum‚

102 1663 176 1735 quia
201 1661 255 1718 boc
279 1667 322 1717 est
343 1660 398 1716 beo
427 1672 487 1715 esse
513 1657 591 1729 quod
618 1671 728 1727 sapere,
744 1657 820 1713 sient
834 1671 890 1714 non
910 1673 952 1715 es·
1008 1663 1047 1716 De
1069 1676 1136 1715 nouo
1162 1663 1270 1716 nominc
1293 1665 1378 1716 trium
1400 1665 1605 1732 hypostasium:
1631 1665 1857 1739 interrogemus,

101 1752 210 1809 sentias
239 1756 306 1815 tres,
327 1748 367 1804 ita
395 1762 453 1803 non
482 1754 538 1803 tres
567 1745 723 1817 sapientias
752 1745 884 1803 dicimus.
909 1747 955 1803 Sic
1009 1749 1080 1821 quid
1104 1749 1265 1819 hypostasis
1301 1764 1383 1821 posse
1417 1751 1596 1810 arbitrentur
1630 1751 1761 1825 intelligi.
1789 1754 1858 1814 Tres

101 1839 180 1899 enim
196 1841 266 1910 qnia
292 1838 346 1894 boc
371 1837 413 1892 illi
440 1844 565 1893 estesse
593 1836 683 1891 Deum
714 1836 791 1904 quod
807 1849 878 1901 esse,
895 1843 953 1892 tam
1008 1853 1145 1910 personas
1169 1839 1356 1897 subsistentes
1378 1840 1480 1911 aiunt;
1504 1841 1711 1912 respondemus
1733 1841 1774 1900 ita
1804 1858 1857 1904 nos

100 1937 160 1986 tres
179 1928 316 1985 essentias
344 1938 432 1998 quam
460 1933 516 1980 tres
540 1925 607 1981 deos
631 1924 689 1981 dici
707 1922 752 1980 ias
776 1938 832 1979 non
847 1931 907 1992 est;
929 1925 953 1982 si
1007 1927 1132 1983 credere.
1148 1926 1212 1983 Non
1233 1927 1339 1984 snliicit
1362 1942 1474 1995 sensus,
1501 1929 1595 2001 ipsum
1618 1944 1724 1989 nomen
1742 1929 1855 2009 efflagi-

100 2027 200 2075 autem
231 2016 311 2072 aliud
335 2024 378 2072 est
402 2015 549 2079 Decesse,
579 2012 658 2069 alind
687 2013 853 2080 subsistere,
878 2013 953 2069 sient
1007 2022 1080 2081 tant,
1097 2013 1168 2085 quia
1193 2016 1289 2071 nescio
1312 2014 1383 2086 qnid
1411 2017 1515 2073 veneni
1539 2017 1569 2073 in
1593 2018 1711 2090 syllabis
1726 2018 1805 2078 latet.
1826 2018 1855 2079 Si

99 2106 184 2163 alind
198 2114 240 2162 est
254 2106 310 2160 Deo
326 2118 396 2170 esse,
417 2102 497 2159 alind
512 2102 625 2158 Patrem
647 2116 707 2157 esse
730 2102 775 2157 vei
796 2101 952 2157 Dominum
1007 2105 1073 2175 quis
1101 2110 1209 2171 autem,
1227 2103 1403 2175 hypostasim
1430 2105 1515 2161 usian
1543 2105 1717 2179 intelligens,
1736 2121 1796 2166 non
1824 2108 1856 2166 in

99 2209 181 2258 asse;
196 2191 365 2265 quodecim
381 2198 433 2259 εει,
450 2191 485 2246 ad
505 2205 535 2246 se
558 2190 676 2256 dicitur,
697 2192 780 2246 Pater
804 2197 900 2246 antem
916 2189 952 2245 ad
1007 2193 1100 2250 tribus
1124 2192 1256 2262 personis
1280 2206 1369 2250 unam
1401 2193 1579 2264 hypostasim
1599 2195 1677 2266 dicit,
1701 2195 1813 2255 alienus
1836 2211 1856 2254 a

100 2283 218 2349 Filium,
230 2289 256 2337 ει
280 2280 419 2336 Dominus
446 2279 482 2335 ad
504 2278 676 2334 servientem
700 2286 861 2335 creaturam
878 2292 952 2347 ;re-
1006 2282 1120 2338 cbristo
1158 2288 1210 2336 est.
1246 2282 1314 2335 ilem
1342 2299 1348 2336 :
1377 2282 1448 2340 Tota
1477 2283 1660 2340 secularium
1693 2282 1855 2344 litterarum

99 2372 189 2431 latire
204 2384 273 2442 ergo
288 2369 428 2436 subsistit,
446 2368 520 2423 sient
535 2367 654 2423 relative
681 2367 774 2438 gignit
788 2368 816 2422 et
831 2366 951 2422 relative
1005 2370 1103 2428 schola
1117 2369 1190 2426 nibil
1217 2367 1299 2426 aliud
1321 2370 1499 2441 hypostasim
1523 2372 1579 2428 nisi
1605 2372 1688 2430 usian
1710 2373 1800 2431 norit.
1820 2375 1856 2431 at

99 2459 280 2517 dominatur.
298 2459 339 2513 lta
356 2459 417 2530 jam
445 2450 607 2513 substantia
622 2469 682 2511 non
706 2455 760 2511 erit
778 2454 949 2523 substantia,
1007 2474 1073 2532 qms
1098 2471 1241 2529 unquam,
1257 2473 1336 2529 rogo,
1360 2473 1409 2516 ore
1430 2459 1570 2532 sacrilego
1593 2463 1650 2518 tres
1677 2461 1855 2522 substantias

99 2549 172 2620 quia
185 2547 339 2605 relativum
354 2547 428 2616 erit;
444 2545 518 2602 sicut
533 2544 610 2601 enim
624 2545 660 2600 ab
679 2559 712 2600 eo
732 2543 809 2614 qnod
835 2550 951 2600 estesse
1006 2548 1199 2620 praedicebiti
1215 2560 1273 2603 una
1291 2555 1333 2603 est
1353 2548 1415 2604 sola
1431 2549 1480 2604 liei
1497 2556 1613 2607 natura.
1635 2549 1772 2623 Quisquis
1786 2551 1852 2623 tria,

98 2637 264 2708 appellatur
290 2635 422 2701 essentia,
443 2635 482 2690 ita
502 2634 538 2690 ab
565 2649 597 2690 eo
620 2633 698 2704 quod
723 2640 765 2689 est
793 2631 950 2689 subsistere
1004 2639 1059 2695 hoc
1074 2644 1115 2694 est
1140 2637 1306 2708 hypostases
1330 2636 1409 2702 dicit,
1434 2644 1491 2693 tres
1515 2645 1636 2696 naturas
1660 2647 1784 2697 conatur
1806 2655 1853 2698 as·

97 2726 291 2784 substantiam
307 2724 442 2781 dicimus.
462 2722 631 2779 absurdum
644 2730 686 2778 est
710 2728 807 2778 antem
827 2729 859 2777 ut
878 2721 948 2778 snb·
1004 2740 1109 2783 serere.
1125 2726 1195 2781 Etsi
1215 2725 1254 2781 ita
1279 2732 1331 2792 est,
1348 2740 1401 2782 cur
1430 2726 1466 2782 ab
1490 2727 1559 2783 Ario
1585 2727 1744 2798 parietibus
1767 2742 1853 2800 sepa-

97 2814 208 2872 stantia
235 2813 355 2870 relative
382 2813 514 2881 dicatum
538 2812 631 2867 omnis
647 2811 724 2867 enim
746 2825 791 2867 res
812 2810 893 2866 adse
909 2810 950 2879 ip·
1004 2829 1115 2881 ramur,
1134 2813 1254 2885 persidia
1268 2813 1416 2884 copularit
1432 2813 1543 2872 Sufficit
1556 2817 1638 2874 nobis
1652 2817 1747 2874 dicere
1761 2830 1852 2875 unam

99 2917 163 2960 sam
183 2903 337 2971 subsistit;
365 2909 475 2972 quanto
499 2901 591 2972 magis
617 2900 715 2957 Deus?
731 2900 759 2956 Si
786 2906 881 2955 tamen
904 2898 947 2953 di·
965 2942 987 3000 c
1004 2903 1196 2963 substantiam
1214 2902 1269 2974 (99(
1298 2910 1354 2959 ιιεε
1378 2917 1514 2974 personas
1536 2905 1686 2976 perlectas,
1715 2906 1850 2978 εεῳιειεε,

99 3007 194 3065 gnum
209 2999 261 3060 est,
277 2999 310 3048 ut
325 2993 402 3047 heus
426 2990 539 3046 dicatur
563 2989 728 3056 subsistere,
745 2989 780 3045 de
801 2989 846 3045 bis
863 2989 949 3044 rebus
1005 2999 1170 3048 coaeternas.
1194 2990 1258 3047 Non
1282 2991 1364 3048 bonae
1387 2993 1561 3063 suspicionis
1581 3002 1632 3062 est,
1650 3008 1718 3052 cnm
1744 2993 1776 3052 in
1803 3010 1849 3054 eo·

98 3089 176 3138 recte
200 3080 382 3151 intelligitur,
399 3079 429 3134 in
455 3079 564 3150 quibus
588 3078 725 3149 subjectis
743 3084 811 3134 sunt
835 3092 869 3133 ea
884 3091 949 3146 quat
1004 3081 1069 3137 dem
1090 3094 1177 3137 sensu
1200 3079 1290 3136 verba
1313 3080 1508 3150 dissentiunt;
1531 3089 1581 3139 aut
1596 3083 1620 3139 si
1640 3090 1750 3141 rectum
1766 3089 1851 3155 puta·

98 3170 131 3226 in
144 3168 242 3241 aliquo
261 3168 389 3238 subjecto
405 3166 460 3236 (96)
485 3181 545 3223 εεεε
564 3166 711 3231 dicuntur,
723 3166 799 3222 sicut
812 3164 890 3222 color
919 3166 948 3221 in
1004 3169 1040 3226 tis
1054 3177 1113 3225 tres
1132 3168 1300 3239 hypostases
1320 3183 1388 3226 cum
1410 3169 1696 3240 interpretationibus
1714 3171 1776 3229 stris
1797 3185 1851 3232 nos

100 3271 233 3328 corpore.
253 3259 338 3310 item:
356 3257 411 3312 lies
428 3254 582 3311 mutabiles
603 3269 697 3324 neque
721 3254 864 3325 simplices
879 3269 948 3325 pro·
1004 3256 1108 3313 debere
1124 3256 1226 3323 dicere,
1244 3270 1303 3312 non
1317 3270 1469 3328 negamus.
1494 3257 1547 3314 Sed
1573 3257 1644 3315 mihi
1667 3257 1782 3327 credite,
1803 3272 1848 3316 re·

99 3348 163 3420 prie
191 3346 330 3402 dicuntur
350 3344 527 3401 substantiae.
556 3343 640 3400 Notas
663 3350 705 3399 est
727 3352 823 3399 autem
843 3343 946 3409 dicere,
1003 3360 1113 3402 nenum
1128 3344 1183 3401 snb
1197 3344 1281 3401 melle
1300 3345 1384 3416 latet3
1405 3345 1596 3418 transfigurat
1614 3361 1644 3404 se
1664 3330 1786 3420 a‘ngelus
1799 3346 1850 3407 Sa·

100 3442 136 3493 ut
157 3435 293 3492 subsistat
307 3443 334 3490 et
354 3433 447 3490 subsit
467 3433 542 3488 Deus
564 3432 685 3488 bonitati
706 3446 776 3499 suae,
794 3439 880 3502 atque
900 3430 949 3486 illa
1003 3441 1080 3490 tante
1095 3433 1125 3488 in
1140 3432 1278 3504 angelum
1302 3432 1384 3491 lueis.
1405 3435 1481 3490 idem
1499 3435 1536 3491 od
1555 3436 1696 3492 eumdem:
1723 3435 1849 3495 Coniun-

97 3524 215 3582 bonitas
238 3538 295 3580 non
317 3522 479 3579 substantia
496 3521 543 3591 sit,
557 3521 601 3577 vei
631 3520 726 3591 potius
749 3521 882 3582 essentia,
895 3534 948 3575 ne·
1003 3523 1103 3580 dentes
1117 3522 1219 3578 Arium
1236 3535 1324 3578 unam
1347 3523 1536 3597 eamdemque
1557 3524 1680 3582 dicimus
1702 3524 1850 3583 Trinitatis

101 3628 162 3685 que
180 3615 239 3683 ipse
255 3613 332 3669 Deus
357 3613 394 3669 sit
417 3612 530 3667 bonitas
547 3624 610 3678 sna,
626 3609 675 3666 sed
700 3608 729 3664 in
752 3608 800 3665 illo
823 3608 859 3664 sit
880 3616 948 3663 tan·
1004 3610 1208 3668 substantiam.
1225 3611 1295 3666 ltem
1310 3611 1483 3681 impietatem
1519 3613 1635 3671 Sabellii
1673 3612 1850 3672 declinantes

100 3717 193 3774 quam
209 3702 388 3773 insubjecto.
406 3701 488 3757 Unde
507 3699 691 3756 manilestnm
714 3706 756 3754 εει
771 3698 861 3752 Deum
877 3695 947 3752 abu·
1005 3706 1062 3756 tres
1090 3712 1227 3770 personas
1250 3713 1398 3769 expressas
1421 3702 1476 3758 sub
1499 3703 1671 3772 proprietate
1698 3701 1850 3774 distingui·

99 3792 164 3850 sive
190 3790 381 3847 substantiam
405 3789 515 3856 vocari,
539 3796 570 3845 ut
596 3787 712 3843 nomine
732 3784 881 3842 usitatiore
904 3786 948 3838 in·
1004 3802 1081 3844 mus.
1113 3790 1149 3843 ht
1173 3791 1238 3858 post
1265 3789 1379 3857 otique:
1395 3789 1459 3846 h'on
1479 3790 1556 3846 enim
1585 3791 1704 3848 nomina
1722 3796 1848 3849 tantum·

101 3879 252 3952 telligatur
265 3879 397 3937 essentia.
415 3879 464 3933 Est
477 3877 555 3933 enim
568 3889 636 3933 vere
653 3875 742 3941 solue,
758 3873 828 3944 quia
840 3872 948 3928 incom-
1005 3876 1099 3945 medo,
1115 3875 1163 3931 sed
1179 3875 1266 3931 etiam
1281 3876 1432 3933 nominum
1447 3868 1645 3948 proprietates,
1663 3879 1692 3935 id
1714 3886 1756 3936 est
1781 3891 1849 3950 per.

99 3967 251 4027 mutabilis
271 3974 322 4034 εει,
340 3967 427 4036 idque
446 3979 532 4022 suum
548 3978 653 4021 nomen
674 3978 735 4020 esse
758 3961 848 4033 hloysi
872 3975 947 4017 nun·
1005 3963 1171 4033 sonasset,
1188 3971 1221 4020 ut
1242 3963 1331 4021 Graeci
1351 3965 1530 4036 exprimunt,
1546 3968 1719 4039 hypostasis,
1737 3966 1791 4025 boc
1808 3973 1850 4026 est

100 4057 196 4125 tiavit,
213 4071 280 4113 cum
295 4056 333 4112 ait
353 4057 451 4126 (huod.
471 4067 510 4125 ιιι,
524 4055 588 4126 til:
606 4057 663 4122 Epo
680 4070 740 4108 sam
756 4053 804 4122 qui
826 4066 906 4114 struat
924 4054 948 4103 et
1005 4051 1203 4110 subsistentias
1231 4052 1410 4110 confitemur.
1436 4056 1505 4109 ltem
1526 4072 1532 4110 :
1561 4058 1663 4126 ltaque
1690 4054 1852 4113 substantia

100 4145 175 4200 dices
191 4145 228 4199 od
243 4160 303 4200 cos:
319 4144 370 4210 Qut
384 4150 423 4200 est
433 4148 508 4200 misit
521 4160 563 4199 me
577 4143 615 4197 od
627 4159 684 4198 cos.
701 4142 753 4197 Sed
769 4148 876 4207 tamen,
888 4139 949 4194 sive
1004 4156 1098 4200 unum
1122 4149 1200 4209 sunt,
1230 4141 1358 4212 personis
1384 4143 1458 4214 (loti)
1489 4158 1523 4200 ac
1553 4143 1719 4202 nominibus
1747 4144 1851 4202 distin·

100 4234 226 4291 essentia
241 4233 355 4290 dicatur
372 4234 449 4304 quod
469 4233 584 4303 proprie
601 4231 715 4298 dicitur,
731 4233 791 4287 sire
809 4230 948 4286 substan·
1005 4238 1149 4303 guuntur.

102 4322 144 4378 tia
159 4322 237 4393 quod
248 4323 379 4390 abusive,
401 4329 560 4392 utrumque
576 4320 611 4376 ad
627 4335 656 4377 se
669 4319 784 4383 dicitur,
800 4332 858 4374 non
875 4287 987 4373 relat·D
1409 4321 1445 4378 x.

103 4411 174 4467 tire.
206 4411 287 4468 Unde
309 4411 363 4467 boc
387 4419 429 4467 est
455 4412 511 4466 Deo
533 4424 593 4466 εεεε
615 4409 693 4480 quod
716 4407 872 4465 subsistere
891 4421 899 4476 ;
925 4413 952 4462 et
1006 4410 1085 4476 Quod
1108 4413 1175 4466 Deus
1197 4411 1269 4465 inter
1292 4412 1384 4466 omnic
1408 4413 1644 4468 connumerandus
1668 4415 1716 4482 sit,
1741 4410 1790 4470 boc
1811 4415 1852 4468 est

103 4501 166 4557 ideo
187 4515 301 4557 summa
324 4500 448 4556 essentia
473 4498 597 4564 trinitas,
619 4513 680 4555 una
703 4498 788 4554 etiam
815 4498 950 4553 substan·
1148 4483 1185 4536 ⁸52
1198 4497 1282 4537 unum
1295 4482 1590 4554 “liiu5d0ae0mm‘bvit
1605 4489 1630 4540 0¹
1644 4499 1710 4540 ²¹⁰st-

103 4591 153 4646 tia.
187 4592 264 4659 ilem,
293 4591 323 4643 itt
360 4589 450 4644 codem
485 4604 545 4658 cop.
584 4587 672 4656 ejusd.
707 4587 775 4641 lto..-
804 4583 952 4656 Loquendi
1042 4587 1145 4642 Potitus
1169 4589 1197 4642 in
1219 4588 1345 4657 Epistola
1364 4591 1511 4658 primcod
1535 4588 1850 4662 Corinthios(xv,i‘l):

103 4691 194 4735 causa
223 4678 257 4733 de
282 4676 490 4743 ineffabilibus,
508 4684 539 4732 ut
559 4675 614 4730 lari
635 4675 734 4745 aliquo
753 4675 836 4730 modo
859 4688 951 4744 pusse-
1008 4698 1022 4727 «
1039 4676 1142 4733 Omnia
1156 4677 1231 4733 enim
1243 4678 1365 4749 subjecit
1379 4679 1433 4735 sub
1448 4680 1653 4752 pedibusejns.
1669 4679 1740 4738 Cum
1755 4685 1853 4737 autem

105 4781 173 4823 mus
188 4766 264 4838 qnod
288 4765 369 4822 ellari
396 4765 479 4821 nullo
501 4764 586 4821 modo
611 4776 773 4834 possumus,
788 4763 896 4820 dictum
912 4769 954 4818 est
1009 4765 1101 4823 dicat:
1127 4765 1223 4822 omnia
1248 4766 1378 4838 subjecta
1402 4775 1471 4824 sunt
1491 4769 1527 4836 ei,
1552 4769 1614 4826 sine
1637 4769 1725 4827 dubio
1752 4774 1855 4840 preter

105 4870 122 4911 a
139 4854 245 4911 nostris
260 4854 366 4911 Grauis
386 4868 446 4911 nna
473 4852 597 4909 essentia
622 4860 676 4908 tres
695 4852 862 4908 snbstantias
876 4852 951 4922 (97);
1009 4870 1076 4913 cum
1096 4856 1149 4927 qui
1163 4855 1287 4927 subjecit
1305 4857 1332 4913 ei
1346 4857 1454 4913 omnia.
1469 4857 1659 4914 »Ambrosius
1674 4861 1712 4915 pc
1723 4859 1853 4915 tamma-

106 4957 123 4998 a
140 4943 250 4999 Latinis
265 4957 325 4999 una
346 4942 470 5000 essentia
487 4941 532 4998 vel
553 4940 715 4997 substantia
735 4949 792 4997 tres
807 4956 953 5012 personae3
1011 4948 1081 5002 tione
1109 4946 1268 5000 Dominicu:
1294 4945 1464 5010 Careamus,
1487 4960 1524 5003 ne
1546 4954 1574 5003 et
1600 4955 1733 5006 nestrum
1764 4946 1855 5005 alicui

105 5032 187 5103 quia,
201 5032 277 5088 sicut
290 5033 350 5102 jam
366 5031 506 5098 diximus,
523 5044 579 5086 non
605 5029 687 5086 aliter
703 5029 731 5084 in
752 5043 882 5086 sermone
905 5032 955 5086 La·
1010 5035 1143 5091 dicatur:
1161 5033 1189 5089 Si
1209 5040 1284 5090 recte
1298 5033 1412 5099 olleras,
1432 5042 1506 5092 recte
1530 5043 1628 5093 autem
1649 5051 1708 5093 non
1730 5036 1855 5104 dividas,

106 5122 168 5179 tino
191 5120 316 5177 essentia
342 5134 432 5191 quam
454 5119 615 5176 substantia
639 5118 708 5174 solet
727 5117 858 5190 intelligi.
875 5119 957 5182 onoc
1012 5123 1148 5194 peccasti,
1164 5123 1278 5193 quiesce
1289 5138 1298 5192 3
1311 5123 1365 5177 boc
1383 5131 1424 5179 est
1439 5124 1460 5179 si
1476 5125 1639 5183 nesciamus
1660 5140 1726 5198 quta
1736 5127 1857 5202 propria

105 5209 184 5266 enim
205 5209 240 5264 de
263 5209 393 5278 personis
412 5207 571 5264 secundum
593 5214 732 5272 nostram,
754 5207 807 5263 boc
829 5206 864 5263 de
887 5207 955 5263 sub·
1011 5211 1170 5268 divinitatis
1200 5211 1465 5283 incarnationisque
1489 5213 1675 5289 distinguere,
1700 5215 1725 5274 si
1748 5223 1858 5274 creato-

144 5335 189 5404 (96
218 5332 446 5401 Coussubjeettt.

145 5405 189 5474 (97
218 5405 302 5461 Cous·
319 5404 496 5459 substantias.

146 5477 190 5545 (98
220 5497 231 5525 ι
246 5474 332 5541 Quom
345 5504 378 5517 -
390 5478 488 5529 socom
500 5494 514 5522 »
530 5474 634 5532 desunt
649 5472 725 5544 apud
739 5473 823 5532 Cous.
919 5477 921 5482 ’

1050 5335 1202 5402 tuillium:
1219 5337 1373 5391 essentiam.

1050 5406 1124 5478 (100)
1139 5407 1235 5463 Cous:
1252 5408 1282 5460 in
1293 5411 1429 5476 personis.
