3804 5962
420 220 603 278 rurestria
626 220 660 277 lrt
680 220 784 278 urlsr.
805 222 908 280 Plutr
929 223 976 278 Ab
999 222 1080 279 ROM.
1097 252 1131 262 —
1152 221 1215 277 tls.
1237 220 1269 278 V.
1422 240 1425 249 ·
1663 226 1715 287 974

79 347 230 406 idebeant.
244 368 259 398 a
279 347 431 421 Origenes:
446 371 456 400 ι
469 351 668 408 Potestautem
688 350 750 408 lieri
766 359 807 421 ut,
825 352 848 405 Α
864 351 911 408 bie
922 352 983 424 jam
998 351 1151 409 detonans
1178 358 1252 417 erat,
1283 363 1371 423 quem
1397 351 1467 408 satis
1484 350 1597 424 laniat,
1627 354 1713 414 lami·

79 445 244 509 otempore
269 438 359 510 pulsis
376 454 413 497 ex
433 439 504 496 urbe
528 440 635 497 tndaeis
663 454 715 511 per
739 454 811 511 prm·
864 442 932 498 liam
947 442 1010 513 eius
1025 440 1189 509 salutando,
1205 447 1232 497 et
1259 438 1346 496 iidem
1373 438 1437 512 ejus
1461 441 1490 498 in
1514 457 1549 500 ea
1570 458 1714 504 commen·

92 527 214 585 Caesaris
236 527 408 585 Corinthum
431 537 583 595 venerunt,
600 543 705 586 rursus
725 530 810 586 edicti
865 531 969 588 danda.
999 530 1168 588 Ambrosius
1189 529 1252 601 (5);
1288 531 1370 586 «Iste
1395 539 1586 604 congregator
1605 534 1712 593 intelli·

79 617 227 674 esaevitia
263 619 385 690 regressi
409 617 607 676 salutarentur
635 633 652 674 a
679 619 806 676 Panion
864 621 944 693 gitur
967 619 1056 678 inissa
1080 620 1204 677 iratrnm
1231 618 1262 676 in
1282 618 1405 678 Christo.
1436 620 1589 690 conantum
1612 639 1710 682 meam.

79 721 153 763 tmen
177 715 295 777 apparet
314 706 479 764 ludaeorum
496 708 608 764 insidiis
625 707 713 765 Paulo
731 707 809 778 perl-
863 709 987 765 Salutate
1011 724 1053 765 cos
1076 711 1125 780 qut
1150 713 1216 765 sunt
1239 725 1283 764 ee.
1314 708 1559 783 Ambrosius(d):
1591 713 1739 779 «Quem,

101 797 268 867 semetipsos
301 796 448 867 objecisse,
479 803 511 854 ut
541 796 588 853 ille
615 797 688 854 liber
712 797 809 854 absce·
863 804 1019 869 cognatum
1054 804 1167 855 tantum
1192 797 1325 869 {appellat
1350 798 1473 856 ostendit
1508 799 1645 879 derorum
1682 801 1713 859 in

79 886 133 953 Qua·
157 902 209 957 pro
232 887 325 941 cadmo
351 901 413 940 mco
436 901 501 940 secas
523 887 637 942 cernuos
653 901 806 957 supposue-
862 885 1012 953 charitate,
1040 901 1098 943 non
1121 894 1218 944 tamen
1241 886 1424 959 vigilantiam
1447 887 1511 961 ejus
1532 890 1674 963 designat.
1697 911 1710 942 ι

79 974 149 1030 cibus
164 990 218 1031 noa
233 991 280 1044 epo
308 976 380 1030 solus
398 979 504 1043 pretias
523 991 574 1043 apa
592 975 640 1030 sed
659 981 694 1043 cl,
720 975 808 1033 idest
861 976 986 1033 Narcissi
1011 976 1101 1043 dama,
1126 979 1175 1047 qui
1197 982 1263 1031 suat
1291 980 1321 1032 ia
1350 978 1473 1034 Domine.
1496 979 1621 1036 Salutate
1641 983 1712 1052 Tep-

79 1064 254 1122 tnservanda
282 1064 365 1121 morti
403 1078 432 1120 se
462 1073 668 1135 opposuerunt.
699 1065 808 1123 cunctae
861 1065 988 1135 planam
1000 1071 1026 1121 et
1047 1067 1215 1137 Trupbescm
1229 1082 1299 1136 qua.
1313 1065 1469 1138 Origenes:
1488 1086 1503 1121 c
1523 1069 1624 1141 Neque
1639 1069 1710 1128 dile·

79 1172 99 1223 r,
123 1168 261 1227 quarum,
286 1152 419 1210 videlicet
456 1154 610 1224 Apostolus
637 1154 808 1225 praedicator
862 1161 921 1210 etos
956 1169 1050 1226 neque
1077 1154 1182 1226 probos
1206 1169 1300 1227 neque
1322 1155 1469 1228 adjutores
1490 1157 1631 1231 nominat,
1660 1160 1711 1218 sed

83 1253 127 1302 tor
142 1242 304 1315 specialiter
316 1243 433 1309 dieitur,
449 1244 624 1299 domesticam
638 1261 731 1299 eorum
752 1247 807 1300 lic-
861 1241 933 1300 forte
947 1243 987 1299 nil
1009 1243 1077 1301 utile
1091 1244 1237 1301 habebant
1263 1244 1292 1300 in
1317 1245 1435 1314 meritis,
1458 1245 1565 1303 idcirco
1588 1262 1635 1306 eos
1649 1248 1710 1307 salo

79 1376 81 1394 .
108 1334 231 1390 Salutate
252 1333 419 1402 Epdenetum
443 1333 571 1388 dilectum
593 1334 662 1388 milri
689 1337 738 1403 qui
756 1338 806 1399 est,
861 1330 944 1388 titulo
982 1331 1163 1389 salutationis
1203 1333 1364 1390 honoravit.
1389 1336 1433 1391 Ea
1461 1336 1587 1393 Narcissi
1618 1337 1707 1396 doma.

78 1431 165 1480 totam
191 1422 320 1492 ipsorum
352 1421 487 1478 lamiliam
504 1423 540 1478 ad
563 1422 647 1478 sidem
676 1421 808 1479 similiter
862 1420 1508 1493 VidenturpluresluisseexNarcissidomo
1526 1425 1707 1497 vellamilia,

79 1525 138 1574 am,
154 1514 313 1581 primitivus
332 1512 406 1566 Aeta
421 1513 449 1564 tn
472 1511 586 1568 cbristo.
604 1512 728 1567 Salutate
747 1514 807 1567 blo-
860 1511 909 1568 sed
939 1525 996 1568 non
1024 1526 1123 1569 omnes
1156 1513 1185 1568 in
1223 1514 1306 1570 domo
1329 1512 1425 1570 luisse.
1455 1515 1625 1575 lmbmsius
1646 1516 1707 1589 (tiz

79 1615 166 1672 aymo
179 1601 233 1670 (08)
251 1616 257 1654 :
280 1621 294 1651 e
313 1599 377 1656 Sive
406 1599 476 1669 qula
492 1600 573 1668 prius
595 1600 724 1657 omnium
741 1614 806 1657 ere·
864 1600 1041 1658 «Narcissus
1056 1601 1104 1658 bic
1119 1601 1166 1658 illo
1181 1609 1308 1673 tempore
1325 1602 1473 1674 presbyter
1486 1604 1594 1663 dicitnr
1608 1606 1707 1675 luisse,

79 1690 206 1747 suetiam
221 1689 291 1761 qnia
305 1703 418 1760 magnae
439 1689 588 1760 dignitatis
613 1697 701 1760 atque
720 1691 805 1747 nobi·
822 1656 843 1710 Β
861 1692 934 1748 sicut
949 1690 1055 1762 legitur
1069 1691 1099 1748 in
1120 1691 1183 1749 aliis
1198 1691 1354 1761 codicibus,
1367 1699 1395 1750 et
1420 1694 1491 1765 qnia
1504 1708 1628 1766 praesens
1649 1709 1708 1754 non

79 1786 144 1847 arat,
173 1786 206 1835 ut
234 1779 394 1835 ostenderet
409 1779 531 1846 ,nobiles
557 1778 644 1836 etiam
668 1780 704 1835 ad
719 1780 805 1837 tidem
860 1787 933 1850 erat,
962 1779 1070 1836 salutat
1100 1788 1213 1836 sanctos
1238 1780 1290 1852 qui
1314 1780 1436 1851 exejus
1461 1791 1554 1840 erant.
1573 1783 1707 1857 llieergo

98 1880 131 1925 ae
161 1881 211 1938 per
240 1867 293 1924 boe
318 1867 454 1925 invitaret
480 1868 589 1939 primos
608 1868 805 1926 Romanorum
859 1868 1010 1926 Narcissus
1027 1868 1175 1939 presbyter
1193 1869 1339 1941 peregrini
1352 1869 1446 1928 oltleio
1461 1870 1638 1943 fungebatur
1655 1886 1707 1930 ex·

79 1971 114 2013 m.
144 1955 208 2022 Ona
228 1956 353 2012 multum,
377 1956 534 2028 Origenes:
565 1978 579 2007 a
606 1959 692 2016 Docet
717 1960 805 2017 etiam
860 1957 1072 2015 hortationibus
1101 1957 1221 2015 firmans
1253 1959 1410 2017 credentes.
1439 1959 1636 2017 laborantia
1655 1963 1707 2019 Da·

90 2047 176 2103 etiam
200 2047 321 2102 seminas
353 2047 484 2103 laborare
498 2061 549 2117 pro
578 2047 720 2106 Ecclesils.
748 2050 805 2106 La-
859 2051 941 2104 mina.
957 2048 1081 2105 Salutate
1098 2050 1212 2116 Rasum
1232 2046 1392 2120 Origenes:
1420 2070 1435 2100 u
1457 2049 1537 2108 llulti
1561 2049 1705 2122 laborant,

79 2149 165 2191 >aum
182 2134 302 2192 docetur
325 2135 551 2192 adolescentulas
576 2135 674 2192 omnia
690 2149 755 2206 quae
770 2135 804 2192 de
859 2139 907 2196 sed
923 2153 980 2195 non
995 2137 1026 2194 ln
1042 2138 1173 2195 Domino.
1192 2159 1203 2187 ι
1233 2137 1402 2195 Ambrosias
1423 2137 1487 2210 (ιιι
1516 2160 1531 2191 «
1562 2141 1620 2198 lias
1646 2154 1706 2199 uno

79 2225 229 2282 mulierum
254 2225 361 2294 scripta
376 2225 552 2282 releruntur.
573 2247 588 2276 a
614 2225 804 2281 labor-avitia
859 2241 908 2286 ore
927 2228 1029 2301 dignas
1056 2227 1181 2285 declarat
1214 2226 1244 2283 in
1275 2226 1399 2295 Christo,
1428 2225 1573 2298 laborant,
1599 2225 1706 2286 scilieet

79 2313 202 2371 Salutate
238 2312 426 2368 Andronicum
468 2320 494 2369 et
535 2316 647 2370 tultam.
683 2314 803 2371 Ambro-
858 2317 1048 2375 ministrando
1068 2316 1183 2373 sanctis.
1207 2317 1272 2383 Quae
1289 2319 1415 2371 multum.
1438 2314 1594 2388 Origenes:
1622 2315 1706 2373 «Vi-

79 2405 100 2472 l)
127 2420 135 2459 :
168 2425 180 2453 ι
211 2402 253 2459 Ad
278 2402 507 2459 exhortationem
529 2403 653 2460 illorum.
684 2424 698 2453 »
726 2405 803 2474 llay-
858 2407 943 2465 detur
971 2407 1019 2464 hic
1046 2405 1138 2478 magis
1159 2404 1273 2463 laudari
1301 2413 1329 2463 et
1356 2405 1387 2463 in
1409 2405 1610 2464 exhortatione
1629 2411 1657 2462 et
1675 2403 1705 2462 in

79 2494 111 2561 ll:
139 2512 154 2542 «
184 2492 346 2558 laborarit,
374 2492 512 2559 cilicium,
539 2493 645 2549 scilieet
668 2494 804 2563 predic-a·
859 2496 1016 2553 ministerio
1039 2502 1219 2563 sanctorum,
1244 2503 1271 2552 et
1291 2494 1517 2566 inpressum,et
1533 2493 1561 2551 in
1581 2500 1706 2568 egestate

79 2579 184 2639 eminis
213 2582 257 2638 sui
290 2595 378 2638 sexus
401 2580 589 2651 impendendo
614 2595 665 2652 per
693 2581 802 2639 domos.
858 2592 975 2656 propter
1000 2584 1157 2651 Christum,
1172 2582 1243 2656 quia
1267 2591 1295 2641 et
1319 2584 1422 2641 domus
1443 2583 1505 2641 suis
1524 2582 1705 2655 relinquebat

101 2670 224 2728 Ecclesia
249 2685 307 2727 non
329 2658 478 2728 'docebant
501 2670 646 2727 mulieres.
664 2692 677 2718 c
694 2672 804 2739 dopna·
858 2673 1182 2747 iugatisetopprobrio
1199 2680 1260 2730 erat
1273 2672 1377 2729 inlidis.
1396 2695 1407 2723 ι
1426 2674 1549 2728 Electum
1565 2675 1595 2728 ia
1609 2673 1705 2728 Domi-

79 2760 216 2818 nbresius
245 2761 304 2830 (l):
335 2778 350 2808 c
385 2761 476 2817 liliam
503 2759 589 2830 jnxta
626 2773 744 2816 carnem
776 2769 804 2818 et
857 2777 905 2831 ao,
926 2767 952 2817 et
970 2769 1092 2818 matrem.
1122 2763 1230 2832 llaymo
1259 2760 1323 2833 (ιιι
1352 2760 1469 2817 «idest
1489 2759 1706 2830 promotumari

79 2849 286 2921 sspiritum.»
310 2850 487 2920 donedpums
514 2864 584 2904 meos
600 2855 648 2916 put
671 2855 736 2905 sunt
757 2865 803 2905 no·
858 2851 1061 2919 sacerdotium,
1087 2851 1156 2922 ejus.
1173 2873 1183 2900 ι
1202 2855 1238 2907 m
1261 2866 1358 2907 meam.
1388 2849 1434 2907 Sic
1455 2850 1536 2921 prius
1561 2849 1617 2924 legi
1640 2862 1705 2908 ma·

79 2953 162 3010 aymo
183 2940 245 3010 (i):
269 2958 283 2991 c
311 2941 360 2995 lstt
387 2947 455 2996 sunt
481 2940 596 2996 exsules
621 2938 714 2996 effecti
736 2953 802 3010 pro·
858 2948 930 2998 trem
943 2941 1006 3011 ejus
1033 2948 1061 2997 et
1075 2948 1196 2997 matrem
1216 2953 1320 3008 meam,
1336 2945 1369 2996 nt
1394 2938 1459 2997 duee
1474 2939 1531 2996 sint
1547 2939 1591 2996 rel
1606 2945 1639 2997 nt
1653 2952 1706 2998 ea·

79 3026 128 3084 edis
156 3027 192 3084 ob
225 3026 346 3099 gratiam
379 3028 439 3095 Dei,
459 3028 534 3085 sieut
552 3035 580 3083 et
604 3027 721 3085 Paulus.
739 3047 753 3081 ι
770 3029 805 3083 ln
821 3020 842 3077 C
859 3031 923 3087 dem
934 3030 969 3088 sit
985 3029 1075 3099 illins,
1087 3029 1195 3087 seilicet
1209 3036 1300 3087 mater
1316 3029 1477 3086 secundum
1489 3041 1616 3097 carnem,
1632 3040 1705 3101 apo·

79 3119 149 3189 equi
163 3122 188 3173 et
202 3121 266 3171 ante
279 3133 321 3172 me
343 3117 468 3184 (uerunt,
490 3116 517 3173 id
546 3123 588 3173 est
603 3116 678 3173 inter
694 3116 805 3188 praedi·
859 3118 1092 3176 stoliseenndum
1109 3118 1279 3176 heneficium
1304 3118 1381 3189 quod
1398 3117 1524 3176 fortassis
1549 3132 1617 3176 eum
1636 3117 1706 3177 olim

102 3206 223 3265 Videtur
245 3207 297 3262 boe
322 3205 382 3262 loeo
408 3205 494 3262 etiam
517 3204 652 3262 laminam
672 3205 805 3276 apostoli·
859 3208 927 3266 alibi
957 3209 1065 3267 desua
1090 3208 1250 3267 substantia
1267 3217 1407 3279 tanquam
1424 3215 1517 3265 mater
1531 3207 1629 3279 aleret,
1658 3207 1705 3266 rel

79 3310 148 3361 aere,
176 3295 231 3352 nisi
257 3296 328 3352 torte
354 3295 442 3352 istum
469 3296 518 3361 oui
541 3295 579 3349 od
606 3295 806 3352 Andronicum
859 3312 911 3369 pro
927 3299 1089 3355 rererentia
1104 3297 1263 3355 sanctitatis
1289 3310 1353 3354 eam
1377 3304 1497 3355 matrem
1530 3310 1615 3355 snam
1638 3293 1706 3355 tlielt

85 3392 113 3442 et
137 3385 318 3457 supradictos
340 3385 417 3441 viros
438 3383 577 3441 violenter
589 3383 756 3441 releramus.
773 3387 806 3440 la
859 3386 917 3455 eni,
932 3387 1039 3445 scilicet
1054 3394 1195 3458 tanquam
1210 3386 1295 3444 matri
1309 3386 1403 3444 honor
1413 3385 1450 3444 sit
1463 3385 1644 3444 delerenrlns.

103 3475 228 3533 Salutate
258 3473 432 3544 ampliatum
455 3473 584 3529 dilectum
602 3473 670 3527 mila
696 3476 726 3528 in
755 3477 807 3529 Do·
894 3477 1072 3545 asyncritum
1104 3482 1129 3531 et
1159 3475 1346 3544 Plrlepoatem,
1381 3477 1517 3541 Hermam,
1546 3474 1705 3547 Petreium,

79 3566 181 3620 ulutate
200 3564 340 3620 Urbanum
361 3563 515 3632 adjutorem
535 3568 659 3618 nostrum
684 3565 714 3617 in
730 3563 806 3621 Clari-
859 3569 885 3620 cl
899 3567 948 3634 qut
974 3581 1034 3620 cum
1063 3567 1102 3620 eis
1129 3570 1192 3620 sunt
1211 3566 1327 3633 [ratres.
1351 3564 1476 3622 Salutate
1491 3564 1662 3634 rotulorum
1680 3570 1707 3620 et

79 3654 185 3725 lacbpa,
203 3653 288 3710 idest
305 3654 333 3710 in
361 3653 415 3709 tiele
431 3652 546 3721 Christi,
576 3661 721 3721 nostrum,
738 3653 804 3721 mei,
858 3652 971 3719 Iuliam,
1003 3654 1120 3711 Nereum
1148 3658 1174 3709 ct
1191 3669 1307 3710 sororem
1329 3652 1398 3722 ejus,
1424 3656 1451 3709 et
1465 3652 1666 3725 Olympiadem,
1681 3656 1708 3710 et

88 3744 283 3802 stallorum:
319 3746 453 3799 dilectum
480 3758 568 3798 meam
596 3743 726 3810 salutate,
753 3741 805 3798 etsi
859 3743 1015 3808 omnesqui
1045 3758 1106 3797 cum
1135 3745 1173 3798 eis
1200 3747 1265 3798 sunt
1301 3746 1419 3799 sanctos.
1451 3741 1554 3800 Solate.
1582 3742 1707 3801 Ambro-

86 3833 259 3906 adjutorem,
275 3834 408 3903 Apeltem.
425 3832 582 3903 Origenes:
612 3832 715 3889 «Puto
730 3832 806 3887 buno
859 3829 920 3887 sius
942 3828 1021 3901 (l0):
1056 3850 1070 3881 o
1094 3831 1150 3887 lios
1178 3831 1264 3887 simul
1289 3831 1406 3899 salutat,
1433 3830 1505 3903 quia
1529 3830 1638 3888 sciebat
1659 3841 1708 3886 ecs

78 3939 87 3980 ι
109 3932 171 3996 post
192 3923 299 3979 multas
315 3921 514 3979 tribulationes
534 3922 670 3978 transisse
692 3921 805 3992 sapien·
859 3933 920 3976 esse
934 3918 1090 3976 concordes
1106 3919 1136 3975 in
1164 3918 1286 3988 christo,
1306 3918 1336 3975 id
1361 3925 1404 3976 est
1431 3919 1529 3976 unitos
1554 3919 1585 3975 ln
1608 3916 1709 3974 amici·

79 4011 137 4069 ideo
165 4012 365 4083 pronuntiavit
384 4011 507 4082 probum
538 4011 698 4068 secundnm
727 4011 804 4081 quod
859 4009 899 4066 tia
927 4006 1098 4077 Christiana,
1129 4022 1181 4065 nee
1205 4007 1303 4065 fideles
1326 4007 1355 4064 in
1371 4005 1514 4065 amicitiis.
1532 4027 1546 4058 ιι
1571 4007 1705 4063 Ηινιιιιηι.

86 4101 150 4158 aliis
172 4101 255 4170 dixit,
276 4101 346 4173 quia
376 4109 513 4172 operatur
534 4101 673 4172 patientta
697 4100 804 4171 proba·
859 4097 1015 4169 Origenes:
1033 4119 1047 4148 κ
1063 4098 1136 4155 Ριιιο
1165 4097 1243 4169 quod
1259 4099 1376 4154 Hermes
1401 4096 1453 4154 iste
1481 4096 1518 4154 sit
1536 4095 1661 4167 scriptor
1673 4094 1707 4152 ll·

81 4189 534 4264 (ltcm.v,t).»tlidemlumest
560 4205 596 4246 no
619 4189 679 4260 ipse
703 4189 805 4261 sitqui
860 4187 927 4244 belli
951 4187 1029 4244 illins
1054 4187 1105 4259 qui
1143 4190 1243 4244 Pastor
1270 4186 1444 4258 appellatur,
1470 4200 1537 4258 quae
1563 4184 1710 4258 scriptura

79 4279 133 4338 bns
156 4280 351 4351 apostolorum
375 4288 565 4351 nuncapatur
590 4279 806 4335 Alexandrinus
861 4277 931 4333 mihi
945 4276 1031 4333 valde
1045 4276 1124 4333 utilis
1147 4275 1271 4338 videtur.
1285 4283 1324 4343 et,
1351 4283 1384 4333 ut
1407 4282 1488 4347 puto,
1514 4275 1653 4333 divinitus
1668 4275 1711 4332 iu·

79 4371 156 4428 ituris
169 4370 311 4427 eruditus.
329 4370 500 4426 Ambrosius
515 4369 569 4440 (3):
592 4369 708 4425 «lluoc
720 4368 804 4439 Apel·
861 4366 978 4436 spirata.
995 4363 1075 4431 Quod
1099 4379 1167 4423 vero
1186 4365 1226 4422 nil
1255 4365 1350 4423 laudis
1377 4363 1503 4436 scripsit,
1518 4364 1579 4435 illa,
1594 4363 1707 4435 opinor,

79 4474 96 4518 u
124 4459 209 4533 qnasi
232 4461 359 4517 amicum
381 4467 431 4516 aut
447 4457 604 4529 prinoipem
618 4459 710 4528 operis
730 4458 808 4515 salu·
861 4463 1014 4522 estcausa,
1036 4453 1106 4525 quia
1133 4454 1250 4512 ridetur
1269 4457 1345 4512 sicut
1368 4455 1513 4526 scriptura
1541 4452 1590 4511 illa
1612 4451 1711 4510 decla·

79 4549 87 4605 1
113 4558 263 4622 pmpterea
289 4550 367 4620 quod
392 4547 598 4606 tentationibus
616 4548 754 4616 probatus
767 4554 811 4604 est
862 4551 916 4612 rat,
931 4551 991 4615 post
1009 4544 1100 4600 multa
1114 4551 1232 4614 peccata
1253 4544 1290 4601 ad
1315 4544 1513 4616 poenitentiam
1528 4543 1617 4601 luisse
1642 4554 1708 4599 eon·

79 4640 127 4697 isto
158 4639 249 4697 tidelis
279 4639 426 4695 inventus.
457 4639 567 4709 Haymo
593 4637 630 4709 (tt
655 4651 661 4692 :
687 4658 702 4687 ι(
728 4636 810 4694 Licet
863 4647 974 4691 versus.
992 4634 1175 4705 intelligatur
1189 4633 1268 4704 qnod
1282 4633 1369 4691 simul
1382 4631 1578 4691 habitaverint
1593 4631 1623 4688 bi
1638 4642 1710 4703 qua·

79 4728 211 4787 ¹iaciant
234 4742 271 4784 ex
298 4729 353 4785 hoe
381 4727 438 4785 duo
461 4727 580 4783 aomina
609 4726 737 4797 propria,
767 4726 810 4782 di·
864 4735 929 4780 ram
954 4722 1089 4780 salutatio
1111 4725 1283 4781 sociataest.
1313 4745 1328 4775 a
1354 4723 1551 4781 Ecclesiastica
1576 4720 1710 4788 ilistorla,

79 4817 132 4875 lta:
154 4818 281 4875 Salutate
302 4817 429 4888 apellem
445 4824 472 4873 et
488 4816 625 4885 Probum,
640 4815 669 4873 in
681 4821 723 4872 est
743 4828 808 4887 pro·
864 4810 913 4868 lib.
931 4827 972 4881 ιιι,
992 4825 1055 4883 cap.
1080 4816 1111 4867 l:
1130 4835 1144 4864 «
1161 4814 1196 4870 Ει
1210 4813 1324 4871 libellus
1346 4812 1521 4885 Hermmqui
1550 4810 1713 4885 appellatur

79 4907 105 4963 ln
120 4907 185 4969 lide,
200 4915 228 4964 et
243 4907 329 4965 laude
343 4907 474 4978 dignum.
493 4925 507 4959 ι
864 4901 1028 4971 Pastoralis,
1045 4902 1131 4974 cuius
1157 4903 1268 4961 Paulus
1286 4904 1315 4960 in
1335 4902 1470 4975 Epistolis
1494 4903 1556 4960 suis
1570 4898 1711 4968 meminit,

79 4998 147 5054 cteta·
186 4998 274 5054 domo.
307 4998 432 5054 salutate
467 4995 658 5052 Herodionem.
680 4994 810 5052 Fortasse
863 4992 1027 5063 aplorimis
1058 5007 1117 5049 uon
1142 5000 1184 5050 est
1207 4999 1350 5064 receptus,
1373 4992 1410 5049 ab
1425 4991 1601 5049 aliisautem
1616 5001 1711 5046 neces·

79 5121 176 5179 introi.
193 5129 261 5179 tom.
285 5122 389 5189 CXVll,
407 5121 460 5178 col.
474 5122 536 5190 501,
553 5122 614 5177 505.
900 5120 938 5192 15)
954 5119 1058 5176 Putrol.
1075 5126 1144 5176 tom.
1160 5118 1246 5189 llVll,
1265 5118 1319 5176 col.
1335 5119 1397 5174 119.

79 5194 175 5250 introi.
193 5200 261 5250 tom.
279 5195 361 5258 llllll,
378 5193 431 5249 eol.
451 5195 509 5247 179.
900 5191 938 5325 ξι)
954 5191 1037 5275 ibid,
1054 5189 1183 5277 001119.

88 5267 193 5322 Pctrcl.
206 5273 273 5323 tom.
286 5265 395 5330 CXVll,
412 5264 463 5320 col.
477 5267 539 5318 505.
911 5264 937 5326 t)
951 5262 1034 5327 lbrd,
1054 5260 1107 5317 eoi.
1123 5263 1133 5315 l
1145 5263 1184 5315 cO.

79 5338 155 5392 nicol.
168 5344 234 5393 tom.
253 5337 337 5392 xvtr.
354 5336 406 5392 eol.
430 5338 491 5390 119.
901 5328 941 5400 (til
956 5332 1018 5387 lbr'd
1033 5373 1040 5397 ,
1053 5330 1106 5388 eol.
1122 5333 1181 5387 teo.

79 5407 151 5464 atrei.
168 5417 236 5464 tom.
254 5408 360 5474 clltltl,
372 5408 425 5464 col.
448 5410 509 5460 505.
914 5403 1045 5473 OlPotrol.
1065 5411 1133 5460 tom.
1148 5403 1252 5471 0111111,
1266 5401 1319 5460 eol.
1339 5404 1401 5459 505.

79 5481 156 5536 atrei.
174 5487 243 5537 tom.
256 5479 347 5547 111111,
363 5478 415 5535 ool.
431 5480 490 5534 tre.
917 5475 957 5546 101
972 5475 1074 5533 Petrei.
1088 5482 1158 5534 tom.
1174 5474 1257 5547 lltlll,
1277 5473 1332 5534 eol.
1351 5476 1410 5534 lth.

79 5551 155 5611 rtrcl.
174 5557 242 5610 tom.
253 5546 359 5620 extu,
373 5549 426 5607 col.
446 5550 506 5605 505.
