3804 5962
764 179 880 238 SEMO
898 183 945 240 xt.
1677 191 1734 248 ets

79 310 147 354 oens
162 297 259 364 luerit,
271 298 449 371 evangelista
464 313 522 357 non
534 300 641 359 dicit.»
665 305 736 359 item
752 303 825 376 llll:
842 304 868 361 A
883 305 1025 377 pontificis
1053 308 1241 378 amputando,
1274 322 1342 367 curn
1363 308 1425 381 lam
1452 309 1548 366 ceteri
1574 309 1604 366 in
1633 312 1733 384 lugam

79 399 115 442 ne
144 385 258 458 aliquid
285 393 363 443 retal
393 387 517 461 intelligi
547 389 626 446 hunc
649 392 798 449 loannem.
816 414 832 444 o
887 395 1005 465 dispersi
1032 406 1135 465 essem,
1172 405 1210 463 et,
1246 397 1414 456 nt.ttarens
1440 398 1537 467 relert,
1568 399 1734 458 adolescens

79 472 120 529 ias
139 473 170 530 in
190 474 295 530 minori
310 475 465 544 breviario,
488 477 589 547 psalm.
613 492 729 535 xxxvi:
751 482 833 537 stu·
887 485 1123 554 comprehensus,
1151 485 1250 544 relicta
1274 486 1404 552 sindone,
1426 487 1525 545 nudus
1547 487 1732 560 profugisset,

79 576 108 618 m
135 562 278 620 iaciebant
292 563 336 620 vel
358 565 439 621 Petro
453 579 520 621 cum
544 567 671 623 dicerent
688 584 694 623 :
709 569 779 624 Nem
806 573 832 623 et
883 573 946 644 jam
961 573 1143 630 tremefactus
1165 575 1298 631 Petrnsa
1318 574 1401 645 longe
1418 575 1572 632 hominnm
1592 578 1732 649 sequeba-

79 650 194 731 lttises3
215 651 259 707 vel
284 651 399 719 laeoho,
419 654 553 725 quicum
578 657 752 722 traderetur,
767 657 830 713 sin·
886 668 945 728 tur,
967 675 984 717 a
1003 676 1061 734 quo
1082 676 1149 719 eum
1165 664 1280 733 penitus
1293 663 1420 734 separari
1436 678 1494 720 non
1510 665 1672 734 patiebatur
1686 667 1729 724 vis

79 739 181 804 elicta,
196 740 294 797 nudus
309 740 433 812 aulugit.
450 741 567 812 »Super
585 744 671 812 nudo,
689 744 745 800 sub
770 743 832 815 ipso
886 750 1016 821 amoris;
1036 751 1106 823 quia
1119 752 1388 823 quantumcunque
1406 754 1436 808 in
1459 753 1590 810 adversis
1612 756 1731 826 trepidet

79 835 133 892 nte,
149 841 215 883 eum
234 841 322 898 super
344 829 493 886 sindonem
510 831 626 888 nullum
647 832 765 890 haberet
785 833 832 889 in·
886 838 1013 895 Ecclesia
1036 853 1086 910 per
1111 842 1226 896 Petrum
1255 841 1425 911 significata,
1449 842 1560 897 etiamsi
1583 842 1684 900 timore
1703 844 1733 902 in

79 923 165 977 itum.
194 915 333 973 Fortassis
360 916 437 973 enim
452 918 489 974 ad
512 919 695 977 Dominicnm
721 921 832 978 dietum
886 927 1034 996 aliquibus
1048 928 1185 985 membris
1212 938 1333 999 cogatur
1354 943 1422 986 enm
1443 929 1479 986 ad
1495 931 1594 986 horam
1615 945 1731 1003 negare,

82 1018 110 1060 m
141 1017 236 1070 suam,
262 1004 307 1061 vel
328 1004 407 1062 aliud
434 1006 637 1064 indumentum
662 1022 713 1081 pro
736 1010 832 1082 gladio
886 1015 1106 1072 tundamentum
1130 1024 1226 1072 tamen
1241 1016 1391 1073 charitatis
1412 1032 1470 1073 non
1489 1019 1557 1074 sinit
1571 1032 1635 1075 eam
1655 1020 1733 1090 peri·

79 1092 240 1159 ‚edederae
261 1093 305 1149 vel
332 1107 383 1164 pro
401 1096 562 1153 mutuando
587 1105 733 1167 posuerat.
750 1097 831 1167 Quod
885 1085 990 1152 elitari,
1015 1101 1101 1143 neca
1128 1087 1238 1144 christo
1258 1102 1377 1158 prorsus
1399 1089 1537 1159 separari.
1559 1088 1641 1158 Quod
1665 1105 1732 1149 vero

79 1194 108 1237 r:
132 1183 288 1236 Tenuerunt
316 1197 480 1252 eunucum,
506 1186 617 1241 caeteris
637 1187 700 1257 jam
722 1187 831 1258 disper.
886 1173 1010 1231 loannes
1044 1174 1131 1233 relert
1168 1174 1257 1232 alium
1287 1176 1462 1248 discipulum
1494 1177 1576 1234 Petro
1599 1180 1732 1250 sequenti

79 1282 135 1326 um
169 1278 336 1340 sequentem
378 1272 540 1329 inventrem
570 1274 672 1338 solnm,
703 1284 833 1346 parentes
886 1262 1033 1320 Christum
1050 1263 1138 1321 luisse
1153 1264 1336 1336 adiunctum,
1353 1266 1488 1337 quamvis
1507 1282 1565 1324 non
1585 1267 1733 1339 exprimat

79 1370 117 1414 ur
139 1371 327 1429 nequaquam
346 1372 394 1415 eos
415 1360 502 1417 ruisse
517 1374 603 1419 ausos
622 1363 740 1435 aggredi
762 1377 831 1434 ψ).
887 1353 953 1423 quis
968 1351 1014 1409 ills
1031 1352 1128 1421 luerit,
1147 1353 1296 1411 humiliter
1312 1361 1406 1412 tamen
1419 1370 1449 1411 se
1465 1356 1579 1413 videtur
1598 1357 1731 1414 innuere.

79 1445 151 1503 dum
167 1447 255 1504 simul
271 1448 374 1504 armati
394 1449 701 1509 bominoasststemm,
886 1440 952 1509 Qui,
969 1447 1001 1498 nt
1017 1442 1117 1498 heatus
1136 1443 1265 1499 meminit
1280 1443 1472 1516 Augustinus,
1498 1445 1605 1502 talibus
1620 1459 1649 1501 se
1665 1460 1733 1503 ver·

79 1549 121 1589 ors
154 1550 227 1603 erpo,
257 1540 283 1591 er
315 1537 449 1602 tribunos,
475 1543 500 1592 et
527 1541 650 1594 ministri
680 1540 830 1608 svamm,
887 1530 932 1586 his
955 1529 1025 1587 solet
1048 1531 1220 1603 significare,
1247 1540 1278 1589 ut
1299 1533 1431 1590 videlieet
1449 1532 1536 1601 dieat,
1560 1534 1633 1589 atius
1649 1535 1732 1590 disci-

79 1623 294 1692 ipretmuemne
321 1627 423 1694 pesum,
445 1626 601 1695 efflarunt
623 1645 694 1696 eum,
724 1635 750 1684 ,p
778 1630 828 1684 od·
848 1600 978 1689 Bpielus.
992 1619 1064 1676 Nam
1077 1629 1106 1677 et
1119 1619 1179 1691 ipse
1192 1620 1281 1689 solus,
1296 1621 1406 1679 ceteris
1425 1622 1487 1694 iam
1503 1622 1649 1692 dispersis,
1673 1637 1733 1680 nna

79 1712 174 1767 interl
196 1714 441 1784 Annomprimom
460 1717 547 1787 (toan,
576 1731 658 1783 spru,
684 1719 737 1789 li).
765 1718 832 1774 pst.
886 1723 953 1765 cum
980 1708 1093 1765 lirimini
1118 1718 1210 1767 matre
1242 1711 1269 1768 ei
1292 1711 1431 1768 crucifixo
1468 1711 1568 1780 astitit,
1593 1712 1669 1768 sient
1697 1726 1732 1769 ae

91 1801 203 1858 cohorti
230 1803 329 1874 gentili
352 1806 717 1874 praeerat.llioiturautem
738 1807 832 1864 tribu·
885 1797 1005 1866 ilsefflel
1032 1799 1156 1856 ¹⁰³¹1¹10⁸
1182 1799 1291 1857 Sssfibll·
1313 1799 1393 1867 Qss0d
1429 1801 1507 1858 enim
1531 1801 1632 1857 Pelius
1664 1800 1730 1873 lssus

79 1904 142 1948 sea
157 1890 260 1959 trihus,
278 1891 322 1947 vel
338 1905 355 1947 a
372 1892 518 1964 tribubus,
542 1894 570 1951 id
593 1904 636 1951 est
657 1895 789 1965 plebibus
803 1902 831 1952 er
885 1884 1032 1942 Christum
1060 1886 1179 1959 diligere
1201 1895 1229 1944 et
1251 1887 1375 1946 loannes
1398 1889 1494 1959 piosa
1523 1889 1635 1946 Christo
1650 1888 1732 1962 diligi

79 1978 153 2035 ibus.
170 1979 239 2036 'ires
253 1980 361 2051 quippe
377 1981 545 2053 hujusmodi
571 1983 703 2053 prelatos
724 1984 832 2042 dicitur
885 1986 953 2030 eum
971 1973 1098 2032 dicitur:
1119 1984 1146 2032 et
1169 1975 1275 2033 dicitur
1291 1978 1427 2049 majorem
1444 1993 1478 2034 eo
1499 1986 1624 2048 tempore
1646 1976 1732 2034 dilec-

79 2081 109 2124 m
127 2068 275 2125 Romanus
286 2068 475 2139 populassent
488 2071 665 2141 prememus,
684 2081 716 2129 up
731 2087 830 2144 quem.
883 2061 990 2118 tionem
1008 2070 1166 2134 utrumqne
1180 2063 1222 2120 illi
1237 2065 1354 2122 decebat
1367 2066 1515 2123 exhihere.

79 2156 140 2212 lum
168 2155 257 2213 duces
282 2156 432 2224 militibus,
449 2157 489 2214 ita
521 2158 565 2215 isti
591 2169 746 2229 praeessent
772 2161 830 2231 ple·
920 2152 1051 2218 P⁰tt²iseae
1071 2168 1135 2222 ergo
1163 2154 1342 2225 idltiwdssvt'l
1364 2158 1456 2211 iesum
1482 2156 1515 2210 de
1540 2155 1684 2227 discipu&
1706 2159 1733 2210 θ*

102 2243 282 2315 ligaverunt
311 2259 378 2301 eum
399 2253 540 2317 tanquam
556 2262 594 2304 ex
615 2249 734 2306 oonsilio
754 2250 832 2308 illius
886 2238 1012 2296 ἆθθῑιῑιῑα
1030 2242 1260 2312 itus-fliSPOndl‘l
1275 2247 1415 2300 Misus:
1429 2249 1486 2313 ¹39⁰
1506 2246 1602 2315 Piliam
1625 2246 1731 2300 uentus

82 2339 168 2389 xerat
183 2347 191 2388 :
206 2335 241 2388 nr
252 2333 344 2388 eucine
357 2339 446 2400 conte,
460 2350 494 2390 ne
513 2336 638 2392 oseetuu
654 2344 745 2406 posset
760 2339 829 2408 epu.
886 2345 946 2386 sum
962 2332 1074 2386 mundo·
1089 2335 1147 2400 Euo
1164 2348 1271 2403 semper
1285 2334 1366 2390 dorni
1378 2337 1409 2389 in
1422 2350 1564 2403 sennense
1580 2338 1606 2389 u
1620 2336 1650 2389 u
1665 2338 1732 2388 rem-

79 2421 88 2476 ι
114 2419 204 2476 caeeil
227 2422 458 2494 nunquidisqut
473 2438 572 2480 aurem
595 2433 653 2482 qam
673 2426 832 2483 011010321.
886 2420 940 2490 plo,
965 2435 1018 2485 quo
1039 2434 1129 2475 omnes
1151 2422 1425 2485 Judaeieoneeniunt,
1450 2428 1475 2477 et
1491 2422 1638 2477 inocculto
1658 2423 1731 2477 locu-

81 2510 203 2567 vincula
223 2511 377 2568 dissolvere
404 2526 461 2569 non
482 2522 584 2582 posset,
611 2515 634 2570 si
651 2515 757 2572 vellell
778 2515 832 2571 Sed
887 2514 929 2562 lus
945 2522 1006 2562 illm
1028 2509 1106 2565 nibil.
1121 2508 1194 2574 Quid
1211 2510 1607 2579 meittlettvdsst?1nlett⁰dss
1626 2526 1669 2565 2⁰⁸
1684 2511 1733 2578 ‘11⁴5

79 2612 105 2655 ‚a
133 2599 256 2655 sustinet
278 2599 443 2669 impiorum,
472 2609 504 2657 ut
537 2603 567 2658 iu
592 2603 832 2673 omnipollentis
886 2597 1036 2652 audierunt
1057 2598 1125 2666 quid
1147 2599 1251 2653 locutus
1266 2615 1328 2653 sum
1341 2602 1419 2670 ipsis.
1436 2603 1503 2655 Eece
1516 2600 1546 2653 bi
1560 2589 1650 2653 sciunt
1673 2613 1733 2664 quae

79 2697 133 2753 tus,
163 2688 281 2743 vincula
309 2688 433 2745 solveret
454 2699 645 2760 peccalorum.
670 2691 791 2764 Ligalur
814 2707 832 2750 a
887 2685 1007 2741 dicerint
1025 2702 1083 2755 epo.
1107 2688 1164 2741 Hoc
1179 2693 1270 2742 entem
1285 2703 1347 2742 euro
1358 2689 1486 2751 dixisset,
1512 2702 1582 2742 unus
1599 2689 1732 2740 assisten-

85 2773 229 2831 Dominus
247 2776 280 2831 ad
298 2775 409 2842 horam,
428 2777 478 2847 qui
497 2777 598 2834 fortem
613 2787 759 2836 armatum
783 2794 832 2837 re.
888 2775 956 2827 tium
985 2774 1173 2830 ministrorum
1192 2774 1269 2830 dedit
1292 2776 1401 2845 elopem
1418 2779 1491 2838 iesu,
1522 2776 1614 2830 dicens
1643 2793 1653 2829 :
1686 2773 1732 2830 Sic

79 2869 86 2920 t
106 2864 272 2933 perenniter
292 2863 439 2921 satanam.
461 2864 583 2923 Vinctus
601 2875 632 2924 ut
655 2868 729 2924 latro
745 2869 830 2925 duci·
848 2887 870 2942 g
886 2863 1032 2932 respondes
1054 2864 1203 2934 pontiflci?
1229 2865 1380 2934 Respondit
1401 2867 1427 2919 ei
1440 2867 1518 2919 iesus
1533 2883 1543 2918 :
1559 2862 1590 2917 Si
1608 2861 1679 2918 mole
1694 2863 1731 2918 lo·

79 2965 190 3008 umano
205 2952 360 3009 destitutus
374 2952 494 3021 anxilio,
517 2955 563 3010 cui
592 2955 763 3027 angelorum
790 2971 834 3013 as·
886 2958 965 3009 cutus
979 2968 1050 3019 sum,
1074 2953 1258 3008 testimonium
1284 2953 1394 3024 perhibe
1419 2953 1454 3008 de
1479 2952 1571 3019 molo;
1600 2952 1625 3005 si
1639 2953 1731 3006 auten

79 3047 103 3096 st
127 3040 295 3097 multitudo.
325 3041 455 3098 Primum
481 3041 638 3099 adducitur
657 3045 693 3100 ad
716 3048 832 3103 Annam
887 3043 960 3108 berre,
978 3041 1482 3115 curmeeaedistlibid.,19etseq.)

79 3129 161 3194 leem,
185 3142 315 3185 socerum
340 3129 467 3200 Caiphae,
482 3133 532 3200 qui
559 3131 689 3189 videlicet
712 3133 833 3204 caiphas
922 3132 1073 3203 Tanquam
1102 3131 1279 3203 superfluam
1302 3139 1330 3189 el
1357 3131 1607 3188 inconvenientem
1631 3127 1733 3186 Domi-

79 3218 287 3285 melitenensi
317 3218 393 3273 itlius
419 3218 512 3291 (ibid,
541 3220 595 3290 13).
623 3220 704 3278 Vices
725 3224 833 3294 quippe
887 3235 942 3277 nus
952 3220 1050 3292 arguit
1066 3221 1480 3292 pontilicisinterrogationem.
1497 3217 1731 3291 Superssuaqui·

79 3307 175 3364 lirersi
194 3308 340 3376 pontitices
358 3307 420 3378 iam
446 3309 513 3365 lacti
527 3310 651 3381 agebant
671 3312 833 3381 perdiver-
886 3309 962 3375 dein,
986 3309 1057 3382 quia
1080 3310 1158 3382 quod
1180 3310 1274 3380 palam
1289 3311 1399 3367 dictum
1427 3309 1532 3375 luerat,
1555 3317 1583 3365 et
1598 3307 1733 3365 omnibus

79 3410 150 3453 mos.
166 3396 296 3452 Primum
316 3397 352 3452 ad
372 3399 484 3454 Annam
502 3398 668 3456 illudendus
682 3400 721 3457 ihi
740 3401 833 3460 addu·
887 3406 998 3466 notum,
1014 3398 1185 3455 documento
1211 3413 1268 3454 non
1288 3406 1361 3470 egel.
1381 3399 1545 3469 incongrua
1570 3409 1647 3464 vero,
1663 3396 1734 3466 quia

87 3484 195 3540 deinde
218 3485 255 3541 ad
281 3486 428 3556 caipham,
453 3489 569 3544 tandem
593 3488 629 3544 ad
646 3487 779 3558 Pilatum,
801 3498 834 3547 ut
886 3501 970 3544 nemo
987 3486 1101 3559 proprio
1122 3488 1368 3545 commendandus
1392 3495 1434 3545 est
1461 3487 1632 3544 testimonio.
1652 3485 1733 3543 Unde

79 3587 88 3629 s
113 3571 218 3630 illusus
244 3573 445 3630 erubescentia
467 3575 702 3640 contunderetur,
728 3578 833 3648 saepius
886 3576 958 3634 bene
981 3577 1120 3633 Dominus
1141 3591 1189 3633 eos
1213 3577 1265 3647 qui
1284 3577 1451 3644 audierunt,
1477 3576 1571 3648 potius
1594 3589 1684 3646 qnam
1699 3589 1729 3631 se

79 3675 112 3719 ts
136 3661 256 3718 deficere
288 3670 449 3733 cogeretur.
479 3664 666 3721 Pontilioihus
693 3673 833 3737 tanquam
885 3678 974 3735 super
1002 3664 1046 3721 his
1065 3673 1160 3723 cenmt
1192 3665 1413 3737 interrogandos
1439 3680 1509 3722 esse.
1545 3668 1601 3721 Hor
1639 3668 1730 3719 cutem

79 3748 156 3807 erilis
176 3750 267 3820 primo
282 3759 484 3820 praesentatur,
502 3759 533 3809 ut
551 3753 588 3808 ab
605 3752 660 3820 his,
674 3753 725 3824 qul
741 3754 833 3826 legem
885 3769 946 3808 eun
961 3754 1087 3819 dixisset,
1103 3768 1174 3809 unm
1197 3755 1329 3809 assistens
1359 3755 1559 3819 ministrorum,
1578 3761 1631 3810 etc.
1652 3752 1732 3808 Tan-

79 3853 213 3912 gnoscere
229 3840 420 3909 testabantur,
436 3843 595 3899 secundum
612 3843 704 3915 legem
721 3843 833 3914 judica·
887 3855 977 3913 quam
992 3849 1170 3911 contemptor
1186 3843 1318 3912 praecepti
1332 3842 1495 3913 pontilicis,
1512 3842 1562 3912 qui
1584 3841 1619 3897 de
1640 3854 1670 3896 se
1693 3838 1730 3895 ad

94 3936 124 3986 et
148 3927 184 3984 ab
200 3927 241 3985 eis
268 3929 406 3999 inciperet
425 3930 544 3999 malitia,
572 3947 621 4002 per
644 3946 717 4001 quos
737 3933 833 4002 potius
886 3929 949 4000 eius
968 3930 1121 3999 imperium
1149 3930 1342 3986 testimonium
1362 3943 1420 3986 non
1435 3929 1522 3998 dedit,
1539 3928 1624 3998 alapa
1643 3926 1731 3984 caedi·

79 4013 263 4072 relrenanda.
302 4016 442 4082 Quamvis
472 4017 596 4089 Caiphae
619 4018 833 4075 administraret
886 4028 944 4076 tur.
963 4020 1156 4074 Testimonium
1169 4018 1280 4088 perhibe
1301 4019 1334 4073 de
1347 4019 1428 4085 molo,
1447 4018 1517 4090 quia
1532 4024 1598 4073 ante
1617 4029 1733 4087 poenam

79 4116 109 4158 ro
130 4103 339 4173 pontilicatum,
368 4120 426 4161 non
445 4105 616 4177 indignatur
641 4117 735 4162 tamen
751 4107 834 4176 prius
886 4107 1016 4165 criminis
1031 4115 1114 4164 testes
1127 4115 1195 4164 sunt
1211 4107 1376 4164 inducendi.
1402 4108 1542 4179 Principes
1567 4113 1660 4162 autem
1685 4121 1735 4162 se-

79 4190 201 4249 itesum
226 4193 261 4248 ad
281 4193 443 4263 pontificem
460 4193 561 4260 alium,
578 4201 610 4250 ut
626 4194 834 4253 tantoliherius
848 4182 872 4237 Ῑ)
888 4197 1027 4254 cerdotum
1050 4203 1075 4254 et
1090 4213 1167 4253 omne
1180 4199 1325 4254 eonsilium
1354 4198 1510 4266 querebant
1535 4197 1640 4265 sanum
1659 4197 1735 4252 testi·

79 4279 168 4336 ¹nrius
186 4280 337 4338 damnaret
355 4294 449 4350 reum,
473 4291 583 4353 quanto
596 4298 664 4339 eum
683 4284 834 4354 conspice·
887 4289 1007 4342 nonium
1033 4293 1128 4342 contra
1148 4290 1251 4357 desunt,
1275 4292 1307 4343 ut
1331 4304 1391 4344 eum
1418 4289 1500 4342 morti
1526 4286 1676 4342 traderent.
1699 4287 1735 4342 Ει

79 4381 104 4425 nt
124 4367 161 4425 ab
187 4370 243 4426 alio
261 4371 441 4438 damnatum,
471 4379 502 4426 ut
521 4370 560 4426 sie
582 4371 612 4427 in
637 4386 686 4428 ore
707 4372 833 4430 duorum
886 4391 941 4431 non
958 4378 1130 4443 inuenerunt,
1155 4392 1215 4432 eum
1236 4378 1316 4434 multi
1349 4379 1419 4446 salsi
1443 4381 1523 4434 testes
1543 4379 1732 4432 decessissent.

79 4470 100 4513 tt
115 4464 204 4514 staret
219 4459 348 4516 verbum.
885 4466 1036 4522 Nouissime
1057 4473 1147 4522 ouum
1173 4473 1304 4523 venerunt
1327 4469 1382 4524 duo
1402 4469 1471 4536 salsi
1486 4473 1575 4533 testes,
1600 4471 1627 4520 el
1653 4465 1733 4520 dice·

79 4545 189 4602 oebotor
209 4553 302 4602 autern
332 4550 425 4603 Jesum
454 4549 548 4605 Simon
574 4552 683 4619 Petrus,
710 4556 736 4606 et
760 4552 832 4607 alius
887 4558 976 4609 runt:
992 4556 1042 4610 Hie
1066 4555 1162 4611 dicit:
1183 4559 1296 4613 Possum
1315 4557 1455 4612 destruere
1477 4556 1606 4626 temptum
1621 4554 1682 4617 Dei,
1707 4556 1733 4607 et

79 4632 146 4689 slus.
163 4635 322 4705 discipulus
348 4642 439 4691 auten
453 4637 501 4691 ille
529 4643 610 4693 notus
625 4643 684 4693 end
694 4641 832 4710 pontiflci.
883 4646 948 4711 post
970 4643 1094 4699 triduum
1124 4645 1289 4716 reedificare
1318 4644 1391 4700 illud
1411 4644 1517 4715 (Mulli.
1543 4658 1615 4700 uvi
1644 4641 1678 4697 59
1707 4648 1737 4697 et

79 4726 167 4780 reicit
192 4741 253 4781 curn
274 4728 338 4782 Jesu
362 4728 393 4782 in
417 4729 521 4782 ornum
543 4730 694 4800 pontificis.
732 4731 833 4786 Petrus
887 4730 968 4802 seq).
994 4730 1144 4804 Tanquam
1172 4735 1350 4791 occasionem
1379 4733 1447 4789 hinc
1475 4738 1631 4801 sumentes,
1656 4729 1735 4802 quod

85 4813 180 4869 stabnt
209 4814 457 4883 edostiumsoris.
473 4819 568 4874 deicit
591 4833 654 4886 erpo
678 4819 833 4891 discipulus
888 4817 1003 4876 dixerat
1014 4821 1097 4879 lesus
1113 4839 1119 4877 ι
1135 4822 1166 4878 Si
1177 4824 1246 4878 mole
1261 4825 1365 4878 brutus
1380 4836 1448 4883 sum,
1472 4822 1656 4875 testimonium
1671 4835 1737 4889 per·

81 4903 134 4969 qui
161 4907 222 4957 mol
246 4909 327 4959 notus
338 4907 478 4975 pontifici,
501 4911 527 4960 el
554 4906 628 4961 dicit
651 4909 782 4974 ostiaria,
807 4914 834 4964 et
886 4904 948 4962 tide
962 4908 996 4964 de
1011 4912 1091 4966 molo.
1111 4911 1208 4968 Falsus
1233 4919 1316 4967 testes
1346 4909 1499 4981 inquirunt
1521 4907 1556 4964 de
1573 4906 1734 4963 maledictis

79 4991 137 5046 ussit
163 4992 275 5046 Petrum
297 4992 390 5062 (ibid,
416 4997 447 5048 td
473 5003 501 5051 et
526 4995 609 5067 seq).
626 4995 727 5052 Ceteri
741 5010 834 5054 evan·
886 4995 960 5067 eius,
978 4999 1027 5069 qui
1041 5012 1125 5055 veros
1140 5000 1346 5057 inducerenon
1361 5004 1492 5070 possunt,
1508 5010 1561 5053 nec
1582 4995 1656 5052 laeta
1671 4994 1736 5067 ojus

79 5078 138 5136 lde
153 5078 215 5137 solo
233 5080 317 5138 Petro
340 5082 481 5147 relerent,
498 5083 576 5155 quod
595 5084 710 5157 alonge
729 5099 832 5156 seque-
887 5098 1020 5157 arguere.
1046 5088 1107 5144 lino
1129 5087 1193 5145 lalsi
1216 5096 1307 5153 testes,
1336 5096 1476 5160 tanquam
1493 5085 1523 5142 in
1544 5098 1593 5142 ore
1608 5084 1735 5143 duorum

79 5168 256 5237 lesum.th
284 5171 362 5228 enim
391 5171 584 5245 propinquior
607 5171 634 5230 ei
657 5173 786 5231 astiterat
803 5173 833 5232 in
887 5172 1026 5231 lalsorum
1049 5177 1152 5232 veritas
1168 5182 1267 5244 staret,
1286 5177 1349 5233 lalsi
1377 5189 1439 5234 esse
1467 5175 1683 5233 convineuntur
1703 5171 1735 5230 in

79 5270 125 5328 ne,
152 5266 182 5315 et
220 5258 403 5318 invindicta
435 5260 601 5328 terrendor,
631 5274 733 5320 aurem
757 5265 833 5322 serni
887 5260 933 5319 his
962 5275 1028 5333 que
1056 5263 1177 5321 homino
1209 5263 1371 5335 imponunt.
1402 5263 1457 5334 Qui
1486 5263 1564 5322 onim
1593 5263 1732 5321 dixerat:

85 5432 176 5506 thid..
189 5435 244 5496 sol.
261 5437 326 5492 ets.
