3804 5962
703 259 754 315 sic
773 259 816 313 ΕΤ
833 257 914 313 NON.
1608 250 1677 308 litto

79 406 134 449 tum
153 392 211 447 Deo
234 391 318 447 Patre
338 388 427 446 Filius
444 385 592 454 adoratur,
613 398 671 441 non
702 395 778 438 rece·
793 382 847 436 Ae
869 379 950 448 coelo,
977 377 1107 435 coelestis.
1132 377 1203 443 Quis
1225 383 1267 433 est
1295 374 1348 433 iste
1380 375 1523 433 coelestisi
1547 374 1597 434 llle
1615 378 1677 434 sine

79 493 210 550 empore,
227 492 284 534 non
311 476 424 535 alienus
453 482 561 532 natura
589 473 633 530 vel
657 485 773 544 genero.
829 468 928 536 dubio,
946 467 998 538 qui
1022 480 1089 524 eum
1109 479 1197 537 quem
1222 465 1352 537 gestabat
1376 463 1591 535 inbaptismate
1608 466 1674 524 lecit

79 569 128 625 tibi
148 581 257 624 novum
271 566 389 623 videtur
407 564 485 636 quod
502 564 646 620 hominem
665 574 774 616 assum·
829 556 946 612 audire:
963 556 1048 610 Filius
1077 570 1150 610 meus
1174 569 1200 610 es
1217 559 1247 608 tu
1257 570 1267 616 ;
1283 570 1331 621 eqo
1345 553 1424 608 leodic
1446 557 1529 623 penui
1550 561 1575 610 te
1589 554 1676 626 (Paci.

79 656 127 714 iris
150 656 228 727 quod
259 668 369 724 semper
385 667 450 709 cum
466 667 498 708 eo
524 659 551 708 et
567 652 596 706 ιι
621 650 683 722 eius
709 662 774 706 con·
830 659 861 712 ιι,
875 647 911 716 7).
926 645 962 701 Et
977 644 1103 716 qualiter
1117 642 1224 699 dicitur
1239 641 1342 698 leodic?
1358 641 1381 698 si
1397 641 1427 698 in
1442 641 1584 713 principio
1599 643 1674 701 ller-

93 746 160 800 ltem
176 759 182 800 :
202 746 236 801 ln
255 742 368 800 Christo
383 743 449 798 iesu
476 741 505 796 in
521 754 579 811 quo
595 747 637 796 est
660 740 736 794 Dens
749 743 776 792 et
831 733 900 790 bum
915 740 977 790 erat
992 734 1070 804 apud
1087 732 1190 801 Deum,
1206 731 1346 803 quianon
1359 731 1435 787 istud
1457 730 1582 788 Verbum
1599 732 1678 804 quod

79 847 179 891 :unus
204 831 233 887 in
254 845 315 887 una
334 844 465 901 persona,
491 838 524 886 ut
553 829 668 901 legatur
687 839 776 897 qnam
831 835 943 892 semper
967 822 1045 892 apud
1073 823 1185 878 Patrem
1209 819 1298 877 luisse
1319 828 1346 877 et
1374 834 1434 877 esse
1449 820 1537 877 lilius
1560 820 1677 878 creden-

79 908 384 978 livinislitterislromo
410 919 467 974 lieo
483 925 642 975 coeternus
659 921 777 985 propter
832 911 901 967 dum
918 918 970 978 est,
987 911 1036 967 sed
1060 911 1155 977 homo,
1181 923 1267 980 quem
1289 911 1365 967 tiens
1390 909 1521 966 Verbum
1541 923 1677 983 suscepe-

81 1009 260 1077 substantiae,
277 1023 311 1065 ae
334 1009 437 1065 deinde
464 1006 574 1062 homini
591 1007 666 1062 Deus
683 1002 776 1058 videa·
832 1007 886 1066 rat,
903 998 1024 1068 audivit,
1042 998 1120 1069 quod
1145 997 1192 1054 hic
1203 997 1281 1053 illius
1297 997 1423 1054 hominis
1436 1011 1488 1069 per
1501 998 1550 1055 liei
1570 997 1676 1057 Filium

81 1114 175 1165 assus,
198 1112 264 1154 cnm
281 1112 334 1153 nec
356 1095 546 1152 immutabilis
564 1093 619 1165 (ll)
643 1091 702 1163 [sit]
727 1090 776 1147 lto·
831 1087 882 1143 liei
897 1095 970 1145 esset
994 1087 1094 1155 Filius,
1123 1088 1153 1142 ιι
1178 1087 1229 1143 Dei
1259 1086 1329 1142 Filio
1355 1094 1546 1156 promeretur.
1561 1088 1678 1145 Amiro-

79 1186 202 1244 assibilis
218 1187 304 1242 Dens.
332 1184 378 1242 Sic
395 1192 491 1240 tamen
515 1183 617 1238 unitus
635 1188 677 1237 est
703 1181 778 1235 Deus
832 1177 889 1231 sius
904 1179 942 1230 lie
965 1177 1142 1231 sacramentis
1169 1176 1216 1230 lib.
1246 1174 1284 1232 Vl
1301 1191 1308 1230 :
1327 1179 1385 1244 Epo
1406 1190 1476 1244 sum,
1502 1177 1609 1248 inquit,
1629 1194 1679 1249 po·

79 1276 126 1345 tri,
143 1283 175 1332 ut
199 1275 312 1333 nullam
327 1274 455 1346 patiatur
474 1271 537 1328 lieri
552 1271 626 1326 inter
645 1270 737 1325 Deum
751 1274 778 1323 et
832 1267 978 1332 nuvious,
994 1264 1089 1331 quide
1117 1265 1179 1319 coeio
1207 1264 1341 1328 descendi,
1360 1274 1414 1322 etc.
1446 1268 1536 1334 (Joou.
1559 1280 1599 1332 vr,
1621 1267 1677 1340 ιι).

117 1366 247 1420 humana
271 1364 405 1433 opinione
442 1361 619 1424 distantiam,
647 1372 683 1413 ne
708 1356 778 1411 torte
832 1354 884 1410 Sed
900 1367 967 1410 caro
987 1367 1046 1409 non
1073 1352 1219 1410 descendit
1234 1354 1268 1409 de
1291 1353 1371 1421 coelo,
1397 1356 1540 1425 quomodo
1562 1357 1679 1415 descen·

79 1448 139 1523 siti)
159 1451 234 1507 alins
249 1451 342 1507 Filius
361 1448 408 1504 liei
423 1456 449 1505 ιι
465 1447 540 1503 ιιιιι
561 1446 637 1502 filius
652 1443 778 1501 hominis
832 1442 875 1498 dit
888 1441 922 1498 de
949 1441 1019 1499 coelo
1034 1442 1119 1512 panis
1142 1442 1238 1504 vivus,
1264 1443 1336 1514 qrtia
1355 1442 1435 1513 idem
1466 1444 1604 1502 Dominus
1626 1461 1678 1505 no·

97 1539 254 1611 praesertim
277 1552 344 1594 cum
371 1537 519 1606 Scriptura
532 1535 574 1591 sic
593 1531 736 1590 connectit
750 1537 777 1587 et
832 1537 889 1586 ster
902 1531 985 1587 lesus
1008 1530 1140 1587 Christus
1155 1545 1272 1587 consors
1295 1538 1378 1587 estet
1400 1531 1562 1590 divinitalis
1576 1541 1604 1590 ιι
1615 1544 1687 1592 cor·'

81 1629 172 1685 Deum
198 1634 226 1682 et
241 1625 396 1691 hominem,
413 1631 445 1679 ut
462 1637 515 1679 nee
531 1623 561 1678 in
584 1629 709 1690 tempure
728 1617 777 1672 ad·
795 1601 817 1657 Β
835 1618 932 1688 ιιιιι;
948 1626 976 1675 ιι
991 1625 1033 1688 ιι,
1058 1618 1110 1690 qui
1126 1619 1230 1688 accipis
1246 1632 1362 1676 carnem
1385 1620 1459 1692 ejus,
1480 1621 1587 1679 divinae
1607 1625 1680 1680 sub-

78 1716 214 1772 rominem
231 1715 298 1786 quis
316 1713 405 1785 (iiia
433 1713 501 1778 Deo,
517 1725 570 1767 nec
594 1710 624 1766 in
647 1707 778 1779 passione
834 1707 947 1763 stantiae
989 1707 1019 1763 in
1051 1707 1098 1764 illo
1124 1707 1307 1778 participaris
1329 1707 1477 1765 alimento.
1504 1710 1679 1780 accusemus

79 1805 135 1861 ›ssit
161 1803 197 1859 ab
228 1800 342 1859 homine
369 1801 541 1856 discernere.
581 1798 671 1866 Unde,
703 1796 727 1853 si
742 1795 777 1852 ad
834 1801 929 1851 contro
956 1797 1148 1864 Maximinum,
1165 1795 1212 1850 iio.
1242 1796 1265 1850 ll
1281 1811 1287 1850 :
1306 1796 1369 1853 Una
1396 1811 1519 1867 persona
1543 1798 1681 1858 estChri-

79 1892 219 1963 respicias,
245 1890 374 1946 invenies
398 1903 510 1959 semper
537 1887 628 1944 lilium
653 1884 779 1944 hominis
834 1891 904 1950 stus,
923 1885 998 1941 lieus
1011 1885 1040 1941 ιι
1064 1884 1158 1940 homo.
1182 1885 1334 1955 Propterea
1352 1886 1430 1956 quod
1454 1887 1559 1944 etiam:
1586 1890 1679 1961 Nemo,

79 1995 91 2036 o
117 1979 186 2050 liei3
208 1978 233 2035 si
256 1979 291 2034 ad
315 1977 489 2047 passionem,
516 1975 645 2032 invenies
666 1985 779 2042 semper
836 1971 944 2043 inquit,
974 1973 1096 2028 escendit
1113 1974 1140 2028 iu
1155 1974 1258 2040 celum,
1278 1975 1335 2029 uisi
1358 1975 1458 2040 quide
1486 1978 1548 2032 ceto
1573 1978 1680 2035 descen-

90 2066 216 2123 hominis
238 2065 371 2121 eumdem
397 2063 501 2120 Filium
527 2063 575 2118 Dei
594 2061 633 2117 ita
660 2060 778 2118 unitum
835 2060 887 2130 dit,
902 2061 990 2117 Filius
1006 2061 1132 2129 dominis,
1154 2064 1201 2127 qui
1224 2066 1264 2116 cst
1284 2063 1312 2116 iu
1327 2063 1401 2119 celo.
1417 2063 1445 2119 Si
1467 2078 1536 2136 ergo
1551 2068 1682 2126 attendas

79 2155 171 2219 luam,
192 2160 336 2224 quantum
352 2152 387 2207 ad
407 2165 503 2207 vocem
521 2149 677 2219 Scriptnrae
692 2148 778 2221 perti·
835 2148 1047 2205 distinctionem
1076 2149 1325 2206 substantiarum:
1353 2150 1443 2208 Filius
1472 2151 1523 2208 Dei
1546 2153 1581 2210 de
1609 2155 1680 2213 ctelo

82 2257 114 2298 ec
128 2242 214 2298 homo
229 2254 245 2296 a
260 2241 316 2296 Deo
331 2239 458 2308 separari
482 2238 511 2294 in
526 2245 652 2307 tempore
665 2251 718 2293 neo
741 2236 779 2292 ab
836 2237 991 2305 descendit,
1006 2245 1034 2293 et
1058 2237 1137 2294 lilius
1163 2238 1288 2294 hominis
1313 2238 1473 2296 crucifixus
1490 2249 1549 2310 est;
1565 2242 1589 2300 si
1615 2243 1680 2300 nni·

79 2332 143 2387 ieus
165 2329 259 2386 valeat
280 2328 308 2385 in
333 2328 473 2398 passione.
495 2326 655 2398 Siquidem,
679 2332 712 2381 ut
727 2325 781 2382 ιιι
835 2328 923 2382 tatem
947 2340 1099 2397 persone:
1126 2330 1151 2381 et
1166 2324 1243 2381 lilius
1263 2326 1388 2383 hominis
1410 2328 1445 2384 de
1466 2329 1537 2386 coelo
1562 2330 1681 2388 descen·

82 2417 258 2489 intelligatis,
280 2417 369 2486 ipsius
394 2416 502 2472 Christi
521 2415 610 2471 verba
623 2414 778 2471 discutite:
836 2414 877 2470 dit
890 2421 918 2470 ιι
934 2414 1026 2472 Filius
1039 2414 1089 2471 liei
1111 2413 1270 2471 crucifixus
1294 2422 1355 2486 est;
1379 2424 1496 2487 propter
1511 2418 1587 2476 hanc
1610 2434 1680 2493 ergo

79 2505 149 2576 quit,
177 2503 299 2558 escendit
322 2505 353 2557 in
369 2503 474 2570 cretum,
498 2503 554 2557 uisi
578 2503 629 2573 qui
641 2500 780 2556 descendit
835 2503 977 2560 unitatem
997 2517 1125 2575 personae
1139 2517 1197 2560 non
1219 2502 1313 2561 solum
1334 2503 1441 2561 Filium
1464 2506 1587 2565 hominis
1607 2509 1682 2566 dixit

80 2595 170 2649 Filius
195 2592 321 2658 hominis,
349 2592 398 2662 qui
414 2595 453 2644 est
479 2593 510 2644 iu
532 2592 594 2645 celo
621 2592 709 2657 (locu.
737 2603 779 2657 m,
836 2590 1015 2648 descendisse
1036 2591 1071 2648 de
1090 2590 1171 2660 coelo,
1196 2592 1245 2649 sed
1266 2606 1329 2649 esse
1349 2592 1424 2648 dixit
1448 2593 1478 2650 in
1506 2596 1586 2666 celo,
1613 2613 1681 2655 cum

94 2681 196 2737 :ldem
222 2681 297 2736 Deus
320 2687 346 2736 et
374 2680 459 2736 homo
481 2678 510 2733 in
529 2691 590 2733 una
618 2676 781 2733 substantia
835 2678 1003 2749 loqueretur
1017 2693 1105 2750 super
1126 2686 1241 2736 terram.
1263 2680 1349 2747 idem,
1372 2680 1419 2736 tio.
1441 2682 1454 2738 Ι
1480 2686 1516 2738 lte
1538 2688 1681 2743 Triuitote

79 2782 121 2827 »na
139 2768 202 2825 sine
228 2768 368 2824 divisione
395 2775 445 2824 aut
460 2766 668 2822 commistione.
690 2766 778 2819 Item:
836 2767 881 2823 Ex
910 2766 1002 2824 lorma
1033 2768 1109 2824 servi
1138 2766 1296 2825 crucifixus
1325 2776 1376 2838 ιιι,
1401 2776 1429 2826 ιι
1458 2777 1554 2829 tamen
1584 2774 1683 2848 gloria

84 2865 180 2915 ιιιιιι
195 2863 237 2913 ιιι
264 2857 341 2912 lieus
369 2862 397 2912 ιι
421 2869 478 2910 ιιι
504 2867 580 2921 ιιιο,
609 2866 781 2924 quanquam
836 2854 977 2914 Dontinus
1003 2855 1163 2913 crucifixus
1186 2863 1241 2912 est.
1261 2855 1340 2913 Talis
1363 2857 1441 2916 enim
1465 2869 1527 2920 erat
1552 2863 1602 2921 illa
1620 2881 1684 2924 sus-

80 2945 239 3002 animatam
269 2944 469 3015 assumpserit.
499 2941 637 3000 Similiter
660 2949 688 2998 ιι
715 2955 783 2998 caro
799 2944 820 2999 C
836 2944 939 3015 ceptio,
977 2959 1043 3015 que
1069 2943 1160 3001 Deum
1202 2943 1348 3002 hominem
1388 2947 1494 3007 iaceret
1527 2958 1555 3009 et
1595 2955 1685 3014 homi·

80 3041 165 3091 ataet
183 3048 240 3090 non
255 3033 395 3101 Verbum,
412 3033 476 3089 licet
500 3030 551 3088 Dei
571 3030 699 3088 Verbum
715 3043 783 3086 caro
837 3046 903 3089 nem
932 3034 1044 3100 ileum;
1087 3031 1165 3102 quod
1196 3039 1293 3089 tamen
1325 3044 1443 3107 propter
1470 3040 1543 3110 qaid
1570 3041 1685 3102 dicatur

79 3138 90 3180 ι
113 3123 197 3180 sitae
219 3122 292 3179 visa.
309 3122 390 3179 linde
413 3122 553 3177 ioannes:
571 3119 648 3185 Quod
665 3117 723 3187 tuit
749 3120 783 3175 ab
837 3120 965 3192 prudens
980 3120 1068 3177 lector
1096 3119 1240 3192 intelligit.
1256 3121 1329 3178 Nam
1358 3138 1423 3181 ecce
1438 3126 1577 3198 diximus,
1602 3133 1684 3204 quia,
1714 3111 1719 3117 ⁵

79 3211 118 3267 :od
140 3212 258 3267 uidimus
278 3226 309 3265 oo
321 3212 511 3280 perspeximus
526 3214 552 3265 et
573 3224 670 3264 moous
683 3213 783 3264 nostrae
838 3210 998 3266 secundum
1018 3209 1096 3281 quod
1116 3211 1258 3280 deusest,
1281 3211 1423 3282 glorificat
1444 3230 1506 3287 nos,
1522 3221 1684 3280 secundum

79 3304 126 3357 unt
149 3299 182 3354 de
207 3299 294 3356 Vecdo
309 3301 384 3366 uitae,
406 3312 473 3354 cum
487 3312 572 3354 nemo
596 3298 688 3355 Deum
713 3297 784 3353 Ver·
839 3299 1007 3370 hocutique
1022 3298 1099 3369 quod
1115 3298 1255 3355 Dominus
1278 3299 1377 3370 gloria
1400 3311 1456 3380 est;
1476 3313 1505 3362 et
1521 3314 1616 3366 tamen
1631 3311 1684 3368 uo-

79 3391 133 3446 lere
158 3396 209 3446 aut
232 3395 355 3444 tractare
377 3386 465 3457 possit
492 3386 637 3454 manibus,
657 3385 714 3442 nisi
735 3398 786 3456 per
839 3388 936 3444 minus
951 3387 1049 3458 glorie
1064 3387 1224 3445 crucifixus
1250 3395 1304 3446 est.
1328 3388 1402 3458 Quia
1420 3401 1496 3451 recte
1522 3396 1631 3455 dicitur
1658 3406 1687 3457 et

79 3485 153 3534 itum
182 3474 236 3532 sibi
267 3474 343 3530 uniti
376 3473 512 3541 hominis,
544 3487 611 3530 cnm
645 3472 785 3530 nimirum
840 3475 1097 3541 licusoruoiiinus,
1115 3490 1174 3533 non
1194 3489 1231 3532 ex
1249 3477 1357 3536 virtute
1378 3480 1550 3555 divinitatis,
1576 3487 1625 3545 sed
1651 3503 1688 3547 ex

79 3565 174 3621 amira
187 3571 231 3620 est
246 3572 279 3620 ut
298 3562 421 3620 discerni
447 3568 584 3633 nequeat.
605 3563 693 3616 Item:
712 3561 787 3617 Hinc
840 3564 1009 3621 infirmitate
1039 3564 1143 3621 carnis.
1171 3564 1247 3620 idem
1275 3571 1370 3624 ooutrc
1407 3572 1561 3632 Faustum:
1588 3577 1687 3648 Ipsum

88 3667 167 3711 unus
190 3652 325 3723 idemque
351 3665 472 3708 manens
493 3650 584 3708 Filius
604 3649 785 3721 unigenitus,
840 3652 1000 3710 Dominum
1024 3653 1133 3723 glorie,
1149 3654 1179 3709 in
1196 3662 1340 3726 quantum
1362 3657 1447 3717 homo
1462 3662 1555 3720 lactus
1569 3673 1622 3732 est,
1638 3666 1688 3722 liei

79 3750 169 3800 iratus
189 3742 218 3798 in
247 3741 379 3812 utrisque
406 3740 520 3796 naturis
549 3739 735 3809 conspicitur,
760 3746 787 3794 et
841 3741 945 3797 Filium
966 3740 1200 3810 praedestinatum
1221 3757 1282 3800 esse
1303 3745 1435 3804 dicimus.
1458 3749 1569 3809 Clamat
1590 3754 1689 3811 doctor
1721 3761 1728 3765 ’

78 3839 89 3890 t
109 3832 264 3904 utriusque
277 3832 446 3889 substantia
470 3837 608 3901 operatur
627 3829 787 3886 secundum
842 3829 973 3901 gentium
1002 3829 1088 3899 (Rom.
1106 3845 1125 3899 r,
1153 3831 1198 3901 ιιι
1223 3831 1276 3902 qui
1302 3832 1395 3890 lactus
1418 3845 1461 3894 est
1477 3839 1503 3895 ei
1526 3843 1690 3898 exsemine

81 3935 172 3993 usque
194 3920 348 3977 essentiam
373 3919 418 3976 vel
445 3918 608 3976 naturalem
629 3917 786 3988 proprieta-
841 3917 932 3974 David
948 3918 1109 3975 secundum
1125 3932 1253 3989 carnem,
1274 3922 1326 3991 qui
1352 3925 1572 3992 predestinatus
1585 3937 1629 3986 est
1643 3930 1690 3985 ri-

79 4025 119 4065 u:
139 4008 309 4065 Emmanuel
330 4009 399 4065 dum
417 4022 495 4064 unus
509 4014 562 4075 est,
581 4013 609 4062 ιι
629 4006 658 4061 ιι
673 4021 705 4062 eo
727 4005 788 4077 ipso
842 4006 899 4063 lius
921 4006 972 4063 Dei
995 4007 1025 4065 in
1048 4006 1165 4075 virtute,
1189 4010 1292 4081 utqui
1315 4009 1433 4071 iuturus
1453 4023 1514 4074 erat
1529 4019 1690 4076 secundum

101 4098 186 4155 idest
201 4099 278 4155 Deus
300 4103 328 4154 et
354 4097 451 4165 homo,
469 4110 535 4166 quae
562 4094 716 4166 utriusque
737 4109 787 4151 na·
842 4109 958 4152 carnem
974 4095 1051 4152 lilius
1066 4096 1168 4165 David,
1196 4105 1268 4155 esset
1297 4102 1448 4160 tamenin
1472 4103 1578 4162 virtute
1600 4107 1692 4165 Filius

79 4193 96 4243 ιι
109 4185 251 4243 veraciter
266 4184 363 4256 gessit,
379 4184 541 4241 secundum
568 4183 690 4240 alludet
709 4182 787 4239 aliud
804 4227 827 4281 D
843 4184 894 4240 Dei
909 4183 1070 4241 secundum
1087 4184 1223 4257 spiritum
1248 4188 1495 4260 sanctificationis,
1515 4195 1587 4266 quia
1605 4203 1694 4254 natus

100 4275 263 4332 seeundum
279 4272 357 4344 quod
381 4273 467 4341 Deus,
488 4286 554 4344 qnae
582 4273 682 4329 divina
710 4278 788 4340 sunt,
844 4281 886 4330 est
901 4274 935 4329 de
948 4271 1058 4344 Spiritu
1075 4282 1173 4332 sancto
1189 4283 1216 4332 ιι
1237 4276 1361 4349 virgine.
1378 4283 1443 4351 lpsa
1464 4262 1506 4340 es't
1523 4282 1572 4340 illa
1591 4283 1692 4342 inelle-

79 4378 104 4421 m
117 4364 195 4434 quod
207 4363 292 4419 homo
309 4361 383 4418 idem
399 4362 469 4431 ipse,
488 4375 553 4432 quoe
568 4361 697 4418 humana
711 4368 789 4418 sunt.
845 4359 941 4416 biliter
953 4358 1028 4416 lacta
1053 4360 1210 4419 hominisa
1237 4365 1293 4420 lieo
1315 4370 1456 4438 susceptio
1476 4370 1645 4444 singularis,
1660 4379 1695 4429 ut

87 4452 163 4509 alius
186 4449 328 4508 miracula
348 4457 484 4520 operatus
505 4458 558 4515 cst,
585 4449 660 4506 alins
688 4463 790 4522 perpe·
847 4447 936 4505 Filius
950 4447 1000 4504 Dei
1020 4456 1047 4507 ιι
1066 4449 1143 4506 iilius
1164 4451 1290 4509 hominis
1314 4455 1696 4526 simu13etiiliushominis

79 4553 192 4596 ,amana
219 4538 424 4611 passionesque
448 4537 605 4606 sustinuit3
634 4538 683 4595 sed
713 4553 792 4596 unus
847 4544 963 4607 propter
977 4544 1144 4607 susceptum
1167 4540 1323 4608 hominem,
1349 4551 1377 4601 et
1396 4547 1485 4605 Filius
1505 4551 1555 4606 liei
1578 4560 1696 4623 propter

96 4624 239 4694 Christus,
265 4623 357 4682 Filius
381 4625 430 4681 Dei
446 4632 533 4695 atque
553 4623 632 4681 illins
656 4624 791 4691 hominis,
847 4626 1049 4696 suscipientem
1065 4628 1157 4684 ileum
1186 4631 1330 4688 veraciter
1349 4641 1377 4689 ιι
1406 4637 1518 4707 proprie
1540 4638 1694 4708 diceretur,

79 4715 156 4773 ivina
179 4714 267 4787 gessit
292 4722 320 4770 et
335 4713 483 4781 humanm
509 4712 654 4783 siquidem
678 4714 792 4785 insepa·
848 4729 884 4770 ne
898 4728 956 4770 non
979 4715 1094 4773 trinitas
1122 4716 1172 4773 sed
1200 4720 1383 4788 quaternitas
1400 4725 1575 4784 crederetur.
1591 4730 1636 4784 iia
1662 4729 1696 4784 ti·

91 4811 179 4874 atque
199 4802 321 4860 indivise
340 4815 510 4859 communes
535 4801 667 4859 Christus
680 4802 791 4859 habuc·
848 4804 894 4858 bro
908 4805 946 4858 lie
962 4804 1032 4859 douo
1057 4812 1288 4875 perseuerantia:
1314 4811 1357 4866 lta
1380 4818 1413 4868 ut
1441 4815 1495 4884 qui
1525 4816 1650 4888 suscepit
1668 4822 1698 4874 ιι

79 4906 135 4950 nes.
152 4892 207 4949 Sed
221 4890 417 4962 intelligendae
441 4898 511 4948 sunt
527 4891 658 4962 ipsorum
673 4901 793 4961 opermn
848 4891 926 4961 quod
941 4892 1066 4962 suscepit
1088 4907 1148 4949 una
1171 4902 1246 4952 esset
1275 4895 1305 4953 in
1320 4898 1459 4957 Trinitato
1478 4915 1611 4972 persona.
1641 4904 1697 4962 Ne·

79 4995 111 5050 ts,
130 4980 445 5052 contemplandumque
466 4989 509 5037 est
528 4994 651 5051 semper,
677 4979 794 5051 adquae
848 4993 906 5050 que
920 4980 998 5036 enim
1028 4980 1144 5038 homine
1165 4991 1314 5054 assumpto
1339 4990 1521 5057 quaternitas
1549 4991 1624 5049 laeta
1643 5003 1697 5063 est,

81 5083 117 5128 ur
143 5069 294 5128 humilitas
308 5069 413 5139 carnis,
434 5069 470 5126 ad
493 5083 559 5140 quae
575 5069 733 5126 inclinatur
749 5068 795 5125 al·
849 5067 898 5123 sed
925 5068 1052 5124 Trinitas
1079 5070 1195 5138 mansit,
1233 5075 1431 5146 assumptione
1457 5077 1508 5135 illa
1546 5079 1700 5140 ineflabili·

79 5159 236 5216 livinitatis.
261 5159 348 5227 idem,
377 5159 410 5213 de
439 5158 622 5214 similitudine
646 5159 737 5213 cumis
770 5163 796 5214 et
850 5164 893 5213 ter
907 5156 1028 5215 iaciente
1051 5172 1180 5229 personae
1204 5162 1296 5220 unius
1319 5163 1349 5220 in
1365 5165 1421 5223 Deo
1445 5176 1473 5225 et
1495 5170 1610 5230 homine
1625 5171 1699 5232 reri·

79 5247 156 5307 Prior
180 5247 266 5305 homo
292 5247 328 5306 de
352 5255 438 5317 terra,
468 5254 619 5316 terrenus;
650 5245 797 5304 secundus
848 5251 948 5302 tatem.

78 5425 104 5482 ic
131 5425 239 5482 lionae.
262 5424 314 5482 Ed.
344 5423 506 5498 Martianay
528 5439 535 5481 :
560 5423 688 5482 initialis.
718 5424 796 5483 (ιι-
890 5423 945 5499 (li)
960 5423 1046 5485 Cous.
1062 5442 1069 5484 :
1086 5428 1204 5499 quidem.

79 5496 113 5554 td.
129 5511 136 5552 ι
150 5497 309 5553 initiabilis.

198 5596 325 5664 Parnon.
348 5594 544 5665 CLXXVIII.
