3804 5962
32 150 35 154 ⁴
130 157 183 212 tot
414 155 517 213 PETRI
533 154 719 213 ABAELARDI
737 155 815 213 OPP.
834 156 924 214 Paris
941 154 1266 216 111.-Tflu0i0Glch
1283 158 1328 214 ET
1346 155 1610 216 afllhosorillca.
1828 159 1876 214 tii

47 349 50 352 ῃ
130 277 195 334 bus.
211 319 220 333 .
237 319 245 335 .
262 318 272 343 ,
290 277 318 335 id
334 283 378 335 est
394 285 528 334 sanctum
549 283 748 349 consequatur
770 275 915 345 ellectum,
943 275 1119 334 uiduulle
1146 285 1303 348 potueruut
1332 277 1420 349 hujus
1454 277 1650 348 impedimenti
1685 290 1751 334 esse
1772 289 1875 345 mutu,

129 381 183 424 uos
196 381 296 423 omnes
310 365 549 423 sauctoseiliciat.
1031 365 1230 424 locumsoilicet
1242 366 1419 437 predicandi
1447 366 1494 423 vel
1522 379 1641 423 causam
1657 365 1794 424 morandi
1817 381 1874 424 om·

164 455 257 511 Habeo
284 470 360 524 erpo.
389 453 464 522 Quia
485 453 618 511 videlicet
633 454 673 510 ita
688 453 839 525 facioque
868 454 975 511 Christi
1030 455 1119 512 nibus
1134 456 1206 512 bene
1221 455 1408 513 confirmatis.
1440 454 1621 527 Origeneszc
1642 453 1766 512 Videtur
1781 454 1873 512 hocin

129 551 198 601 sunt
213 543 380 615 querendo,
407 542 643 613 habeoqratiom,
668 542 736 600 hinc
770 557 821 614 pro
850 544 974 612 Christo,
1031 543 1648 614 AchaiapositisdicereapudCorinthum.
1681 543 1872 615 lnilispania,

129 633 179 689 cui
195 634 224 690 in
247 639 302 690 hoc
315 633 456 701 deservio,
486 635 523 691 ad
540 633 617 704 quod
641 635 735 700 Deum,
752 632 834 690 idest
851 637 976 704 pretium
1032 633 1062 691 in
1087 635 1212 691 transitu
1234 633 1436 691 seeosvidere
1468 633 1617 704 promittit,
1642 634 1728 706 quasi
1754 633 1872 691 innuens

129 719 226 780 divino
239 723 359 795 jndicio,
382 722 407 778 si
419 736 477 777 uon
493 721 632 792 humano,
654 721 720 778 hinc
739 723 869 793 acquiro.
894 720 975 789 Quod
1031 725 1110 794 apud
1125 737 1172 780 eos
1188 724 1237 795 qui
1253 724 1313 795 jam
1329 722 1461 780 conversi
1482 727 1566 779 eraut
1594 737 1651 780 uon
1679 723 1732 780 diu
1745 722 1801 779 sibi
1822 723 1872 779 im·

129 813 247 888 quidem
276 812 397 868 dicendo
423 809 554 881 exemplo
577 823 630 866 suo
645 809 682 865 ad
697 809 832 867 fraterne
847 809 976 867 dilectio·
1031 813 1204 868 morandum
1230 827 1301 877 esse,
1329 814 1404 869 sicut
1432 815 1504 868 etin
1535 812 1652 868 exordio
1675 812 1812 883 Epistole
1831 825 1873 869 ooo

79 923 85 932 ·
128 901 175 960 nis
189 899 413 958 sollicitudinem
428 914 476 957 eos
497 899 679 956 adhortatur.
706 902 766 958 lion
788 903 861 954 euim
881 909 975 957 osten·
1031 900 1061 956 in
1075 901 1223 971 aliquibus
1248 901 1461 958 confirmandos
1487 900 1562 957 dixit
1590 902 1687 971 potius
1702 913 1795 972 quam
1809 915 1870 958 con·

128 989 170 1047 dit
186 989 333 1062 quomodo
354 988 513 1046 sanctificet
526 987 575 1044 vel
604 990 785 1046 commendet
799 989 976 1060 predicatio·
1029 991 1199 1056 vertendum
1222 991 1301 1047 decet
1320 990 1408 1046 etiam
1434 1003 1613 1061 quemquam
1639 990 1749 1046 bonum
1777 990 1872 1048 virum

128 1093 195 1136 nem
211 1093 306 1148 suam,
321 1079 536 1135 dicensseuon
559 1092 733 1149 presumere
757 1078 868 1150 aliquid
884 1079 975 1152 loqui,
1030 1078 1129 1134 minus
1156 1080 1320 1147 promittere
1355 1091 1444 1149 quam
1473 1077 1575 1141 lacero,
1605 1086 1633 1136 ει
1665 1078 1734 1136 boni
1752 1078 1872 1136 doctoris

130 1166 159 1225 id
184 1176 227 1225 εει
254 1169 307 1225 sihi
332 1168 476 1239 imputare
497 1181 548 1239 per
573 1167 754 1238 iactantiam,
772 1181 899 1239 quornm
917 1183 975 1225 non
1030 1174 1110 1224 tanto
1134 1167 1244 1239 gratior
1280 1181 1362 1224 mora
1390 1167 1432 1232 lit,
1470 1175 1498 1224 ει
1525 1167 1653 1238 amplius
1683 1167 1871 1243 desideratur,

128 1256 233 1315 habeat
255 1256 424 1323 ellicaciam,
449 1259 524 1313 sicut
554 1257 778 1326 pseudoapostoli
818 1256 973 1316 iaciebant.
1030 1264 1141 1330 quanto
1160 1257 1275 1314 brevior
1303 1266 1445 1328 speratur.
1476 1255 1618 1313 Prevenit
1635 1255 1676 1311 ita
1692 1255 1768 1325 illos,
1797 1259 1872 1314 utiu

127 1348 337 1404 inobedientia
361 1351 492 1416 pontium,
518 1347 547 1403 id
574 1355 616 1403 est
632 1356 748 1418 propter
777 1347 831 1403 hoc
849 1353 882 1403 ut
908 1348 972 1404 obe·
1027 1347 1158 1403 adventu
1173 1359 1227 1401 suo
1251 1359 1281 1401 se
1296 1351 1467 1415 preparent,
1483 1352 1510 1401 et
1521 1345 1672 1416 dequibus
1699 1345 1806 1402 instrui
1821 1359 1871 1404 ve·

125 1434 266 1494 dientiam
282 1439 357 1494 inter
385 1445 485 1510 gentes
503 1437 629 1503 traham,
643 1436 702 1492 hec
715 1436 814 1502 ellicit,
841 1437 973 1507 inquam,
1028 1433 1083 1492 lint
1110 1433 1296 1505 prevideant.
1326 1433 1411 1504 Spero
1426 1433 1467 1490 nil
1490 1432 1620 1490 videlicet
1636 1446 1674 1489 ex
1695 1434 1805 1505 meipso
1841 1435 1872 1492 do

127 1525 264 1596 iuucrho,
281 1528 366 1584 idest
391 1527 573 1597 perverbum
597 1539 696 1586 suum.
719 1531 745 1580 ct
772 1527 866 1594 sortis,
884 1527 911 1582 id
931 1533 974 1582 est
1030 1537 1076 1581 me
1090 1536 1278 1593 presumens,
1293 1523 1341 1579 sed
1356 1532 1447 1579 totum
1465 1525 1520 1579 lieo
1535 1521 1726 1591 committeus,
1753 1528 1812 1580 eto
1823 1539 1872 1580 uo-

128 1628 180 1685 per
195 1616 346 1673 miracula.
364 1615 435 1680 Que
451 1616 549 1671 statim
570 1614 644 1670 lacta
667 1613 827 1671 subdividit
851 1614 950 1670 dicens
965 1628 972 1670 :
990 1620 1012 1675 Β
1029 1614 1080 1670 his.
1102 1614 1171 1671 llult
1192 1614 1269 1669 euim
1291 1625 1339 1669 eos
1368 1612 1488 1670 comites
1517 1611 1628 1669 itineris
1656 1611 1701 1668 sui
1714 1625 1788 1681 esse,
1812 1620 1870 1671 tum

127 1705 282 1771 iuuirtutc,
299 1705 383 1761 idest
409 1717 459 1774 per
485 1704 642 1775 potentiam
667 1702 737 1758 mihi
770 1702 915 1771 collatam,
938 1704 975 1757 si·
1030 1711 1063 1761 ut
1088 1701 1258 1759 auctoritate
1285 1702 1482 1758 Romanorum
1502 1711 1612 1758 cetere
1638 1707 1740 1774 gentes
1763 1701 1896 1762 lacilius.

126 1807 243 1862 cauum
260 1795 462 1864 predictorum,
494 1791 522 1847 id
548 1801 589 1848 est
610 1791 760 1863 signorum
785 1790 973 1849 mirabilium.
1028 1792 1165 1863 subiectae
1203 1798 1422 1855 convertantur,
1464 1798 1526 1846 tum
1555 1792 1640 1846 etiam
1675 1797 1708 1848 ut
1737 1791 1871 1849 adversus

127 1880 200 1939 Sunt
214 1882 292 1939 enim
306 1881 390 1954 signa
411 1881 544 1953 quedam
569 1880 726 1947 naturalia,
742 1881 778 1937 de
792 1880 902 1951 quibus
915 1894 974 1937 non
1027 1880 1279 1951 pseudoapostolos
1301 1887 1329 1937 ct
1353 1878 1497 1949 quoslibet
1528 1878 1553 1935 ei
1589 1878 1776 1938 detrabentes
1802 1895 1869 1952 pre·

126 1970 282 2040 miramur,
296 1975 371 2027 sicut
386 1969 421 2026 de
438 1969 559 2041 planetis
574 1970 715 2040 scriptum
731 1977 791 2025 est:
811 1970 844 2024 lit
869 1971 926 2024 sint
941 1972 972 2025 iu
1027 1969 1198 2027 dicationem
1215 1969 1279 2040 ejus
1294 1982 1382 2039 quam
1407 1967 1461 2038 ipsi
1488 1968 1633 2025 audierint
1657 1969 1775 2027 valeant
1803 1977 1869 2027 atte-

126 2060 208 2130 sipuo
227 2063 254 2116 ct
278 2066 401 2130 temporo
424 2060 506 2131 (deu.
525 2075 544 2124 r,
565 2057 704 2129 illone
721 2064 903 2115 veroeoutra
921 2072 972 2115 na·
1027 2059 1108 2126 stari,
1124 2066 1153 2114 et
1179 2057 1220 2114 eis
1247 2057 1297 2113 diu
1323 2071 1421 2113 secum
1448 2057 1477 2113 in
1509 2056 1709 2127 predicatione
1744 2060 1872 2116 circum·

127 2156 234 2219 turam,
250 2150 333 2207 idest
349 2149 490 2207 usitatum
506 2154 620 2204 nature
643 2160 764 2204 cursum
790 2146 923 2211 veniunt,
941 2150 974 2203 ιιι
1026 2146 1164 2205 euntibus
1179 2146 1220 2203 sic
1247 2146 1347 2203 saltem
1376 2154 1570 2216 recompenset
1596 2147 1673 2217 quod
1695 2145 1727 2203 in
1749 2148 1872 2205 ιιειιείιιι

125 2237 253 2310 leprosos
264 2241 417 2305 mundare,
435 2238 480 2295 vel
506 2246 636 2293 mortuos
662 2238 811 2304 suscitare,
833 2235 894 2292 haec
909 2249 972 2305 pro·
1026 2250 1075 2294 eos
1098 2235 1215 2294 viderit.
1242 2235 1317 2292 Bene
1350 2235 1422 2291 dicit
1436 2233 1541 2291 deduci
1569 2248 1599 2291 se
1634 2236 1671 2292 ab
1702 2235 1771 2306 illis,
1790 2237 1872 2309 quasi

127 2326 216 2399 digia,
251 2328 279 2382 id
317 2334 360 2383 est
381 2326 572 2382 admiratione
596 2325 685 2395 digna
709 2324 859 2381 dicuntur.
891 2323 972 2381 Unde
1027 2325 1336 2383 tutumseostcndeus
1355 2337 1406 2395 per
1421 2323 1599 2381 conductum
1616 2338 1717 2381 eorum
1732 2339 1800 2396 que
1822 2339 1871 2383 ce

127 2414 290 2487 prodigium
304 2416 387 2485 quasi
407 2412 588 2484 prodendum
605 2413 695 2482 digito
722 2412 839 2469 dicitur.
864 2414 973 2468 Virtute
1027 2415 1094 2473 teris
1114 2417 1265 2486 imperant.
1290 2414 1322 2470 ln
1351 2427 1412 2484 quo
1434 2420 1462 2469 et
1481 2426 1529 2470 eos
1556 2412 1592 2469 de
1616 2424 1766 2470 morasus
1795 2412 1870 2485 auid
1897 2440 1901 2483 t

125 2503 248 2576 Spiritus
276 2504 375 2568 soracti,
402 2501 429 2558 id
445 2507 539 2558 estex
564 2507 700 2570 potestate
717 2516 766 2572 per
781 2501 906 2573 qratiam
921 2499 972 2559 liri
1027 2504 1089 2561 illos
1104 2504 1281 2569 consolatur,
1300 2502 1389 2573 quasi
1408 2501 1439 2559 in
1459 2515 1560 2558 eorum
1579 2501 1700 2559 arbitrio
1714 2486 1792 2560 hanc
1805 2516 1869 2560 cou-
1898 2488 1900 2515 '

126 2593 199 2652 mihi
219 2593 333 2660 collata,
359 2591 396 2648 ad
425 2589 616 2647 differentiam
641 2590 748 2647 scilicet
761 2591 971 2648 miraculorum
1026 2594 1158 2650 stituens.
1175 2593 1206 2650 si
1221 2592 1307 2648 uobis.
1333 2592 1486 2662 llaymoz·
1506 2591 1577 2647 Frui
1602 2599 1645 2648 εει
1678 2591 1792 2663 aliquid
1806 2605 1867 2650 cum

124 2682 306 2750 antichristi,
322 2697 373 2739 seu
390 2675 553 2752 magorum.
570 2679 723 2752 Origenes:
741 2701 756 2731 e
772 2679 971 2753 Siguaappel-
1026 2682 1214 2740 delectatione
1237 2681 1390 2753 possidere,
1406 2687 1434 2737 ει
1462 2681 1595 2752 amplecti
1611 2689 1638 2738 et
1663 2682 1774 2751 videre,
1788 2688 1817 2739 et
1830 2689 1868 2739 ιι·
1898 2740 1901 2764 Ι

125 2773 233 2841 lentur,
262 2773 292 2829 in
320 2772 429 2843 quibus
446 2784 514 2827 cum
538 2770 574 2826 sit
589 2769 701 2840 aliquid
717 2770 848 2826 mirabile
864 2769 972 2825 indica·
1027 2773 1111 2830 tende
1131 2771 1208 2843 quod
1224 2784 1291 2827 com
1320 2770 1437 2841 proprie
1452 2770 1502 2826 liei
1515 2769 1574 2826 lrui
1589 2770 1636 2840 sit,
1651 2777 1684 2827 ut
1697 2769 1801 2827 beatus
1814 2783 1867 2827 mc·
1901 2781 1902 2788 ¹

125 2869 173 2920 tur
187 2876 304 2935 quoque
320 2859 431 2931 aliquid
455 2858 605 2925 luturum;
631 2858 761 2930 prodigia
776 2859 884 2914 veroin
900 2856 971 2929 qui·
1025 2861 1111 2917 minit
1132 2860 1326 2932 Augustinus,
1343 2859 1390 2915 bic
1412 2873 1469 2916 uon
1497 2859 1565 2915 dicit
1600 2859 1657 2916 lrui
1691 2858 1868 2929 simpliciter,

122 2950 179 3011 bus
209 2950 407 3008 tantummodo
433 2947 568 3004 mirabile
580 2946 693 3018 aliquid
708 2947 880 3003 ostenditur.
895 2945 970 3003 Scri·
986 2964 1009 3024 ς
1025 2950 1074 3007 sed
1089 2949 1147 3006 lrui
1163 2961 1200 3005 ex
1226 2955 1316 3019 parte,
1341 2948 1416 3004 siout
1429 2956 1457 3005 ει
1483 2947 1519 3005 ad
1534 2947 1728 3005 Philemonem
1748 2963 1815 3005 cum
1828 2948 1867 3005 di·

43 3093 49 3108 ,
124 3050 212 3112 ptura
226 3040 374 3097 interdum
389 3037 509 3093 abusive
535 3042 563 3092 ει
591 3035 726 3105 prodigia
741 3049 794 3106 pro
817 3036 919 3106 siguis,
943 3040 971 3091 et
1026 3046 1113 3107 cerel,
1135 3040 1219 3107 (ruer
1243 3043 1279 3104 tc,
1307 3037 1444 3108 adjunxit
1468 3037 1563 3093 statim
1586 3038 1617 3093 iu
1647 3040 1783 3107 Domiuo;
1816 3037 1868 3094 lieo

124 3130 276 3202 siguapro
304 3123 442 3199 prodigiis
469 3124 589 3195 ponit.»
620 3121 708 3194 Siqua
722 3131 750 3180 et
770 3125 902 3195 prodigia
919 3137 970 3194 pro
1025 3129 1131 3199 quippe
1158 3125 1278 3183 omnino
1304 3125 1442 3195 lruimur,
1472 3127 1544 3183 dum
1573 3126 1654 3183 illum
1685 3133 1804 3198 propter
1838 3139 1866 3183 ιε

125 3231 185 3276 uuo
200 3217 385 3288 accipiuntur
409 3214 465 3270 hoc
490 3213 562 3280 loco,
578 3213 665 3267 itaut
679 3213 812 3283 gloriam,
837 3214 970 3283 iuquam,
1025 3224 1138 3275 tautum
1153 3216 1283 3273 obtinere
1291 3216 1437 3287 cupimus,
1454 3216 1586 3287 proximo
1606 3229 1674 3273 vero
1694 3215 1822 3274 lruimur
1833 3227 1867 3273 ex

125 3308 216 3365 habeo
235 3306 312 3377 apud
331 3305 432 3370 boum,
455 3308 567 3358 tantum
590 3301 697 3357 scilicet
720 3300 756 3357 de
780 3300 877 3357 labore
897 3314 969 3369 meo,
1025 3315 1117 3381 parte,
1140 3305 1211 3362 dum
1233 3296 1482 3377 siceum'propter
1504 3304 1655 3362 utilitatem
1688 3304 1783 3376 ipsius
1820 3317 1865 3377 per

124 3403 158 3454 ut
172 3399 262 3452 totam
279 3393 358 3449 illam
383 3399 491 3447 terram
513 3389 548 3444 ab
576 3390 727 3445 Jerusalem
740 3389 878 3460 usquead
901 3390 973 3461 lily·
1025 3408 1152 3452 amorem
1175 3394 1390 3465 amplectimur,
1422 3403 1454 3451 ut
1471 3400 1567 3450 tamen
1610 3392 1700 3465 huius
1727 3392 1866 3451 truitionis

124 3487 214 3540 mcum
239 3482 398 3553 repleverim
424 3479 627 3550 praedicatione
648 3479 810 3550 Evangelii,
823 3487 855 3536 ut
870 3479 972 3535 videli-
1025 3483 1122 3553 linem,
1148 3485 1238 3541 idest
1264 3483 1418 3540 flualcmet
1445 3497 1611 3554 supremam
1625 3497 1744 3540 oausam
1770 3483 1801 3541 in
1816 3481 1866 3538 beo

124 3573 308 3635 cetostendat
324 3570 446 3642 dignum
468 3581 497 3625 se
519 3567 688 3624 aliomanis
716 3566 861 3636 exaudiri,
886 3568 971 3638 quia
1024 3587 1174 3645 ponamus.
1192 3572 1299 3629 Partim
1330 3573 1439 3645 quippe
1461 3572 1614 3643 proximus
1639 3573 1669 3629 in
1697 3585 1789 3630 causa
1817 3576 1864 3640 esi,

125 3671 209 3724 tolet
237 3661 325 3720 tantis
352 3659 389 3716 sit
416 3656 584 3713 exauditus.
628 3656 782 3727 llaymo:‹
821 3657 970 3727 illyricum
1025 3661 1073 3717 sod
1098 3673 1187 3717 causa
1216 3660 1292 3717 Deus
1315 3674 1453 3732 suprema
1484 3669 1536 3719 est.
1582 3662 1625 3718 Ex
1663 3669 1744 3732 parte
1773 3661 1867 3733 itaque

124 3752 275 3829 provincia
295 3758 337 3806 est
362 3747 428 3804 linis
446 3746 521 3803 Asiae
546 3745 579 3801 ad
606 3745 782 3816 principium
810 3747 969 3817 Europe.»
1026 3748 1152 3806 lruimur
1168 3750 1309 3820 proximo,
1337 3752 1387 3806 sed
1404 3763 1441 3807 cx
1465 3757 1523 3807 toto
1548 3750 1676 3807 lruimur
1703 3751 1773 3819 lieo,
1801 3748 1867 3823 quis

124 3845 169 3904 sio
193 3847 295 3908 cutem,
321 3837 430 3894 scilieet
446 3836 534 3892 verbo
560 3843 588 3891 ει
615 3834 697 3891 lactis
709 3845 736 3892 et
746 3837 854 3893 virtute
869 3835 969 3906 siguo·
1026 3837 1086 3909 ipsc
1102 3838 1248 3897 lruitionis
1262 3853 1323 3896 sue
1339 3848 1397 3896 tota
1420 3846 1463 3897 est
1492 3853 1590 3908 eausa,
1621 3841 1777 3912 proximus
1804 3851 1867 3897 voro

124 3933 236 3992 rumiu
252 3931 296 3986 his
311 3927 389 3990 locis,
414 3924 465 3982 ubi
496 3925 578 3995 prius
604 3922 641 3980 de
661 3923 774 3982 cbristo
796 3925 836 3982 nil
852 3938 970 3982 ommno
1024 3941 1083 3984 uon
1099 3934 1158 3984 tota
1174 3943 1233 3985 sue
1253 3927 1401 3986 lroitiouis
1425 3932 1458 3985 ut
1473 3928 1602 3985 diximus
1626 3937 1785 3998 causaest,
1804 3941 1868 3987 cum

124 4020 256 4082 auditum
284 4018 388 4082 iuerat,
427 4022 461 4070 ιιι
485 4013 617 4070 videlicet
645 4028 702 4069 non
731 4014 767 4071 sit
790 4013 922 4071 mirable
945 4013 970 4071 si
1024 4015 1061 4072 sit
1076 4019 1206 4087 superior
1235 4017 1319 4085 lieus,
1337 4031 1404 4072 cum
1432 4016 1613 4074 videlicetde
1637 4020 1770 4089 proximo
1799 4031 1867 4091 quo

124 4110 203 4183 apud
231 4121 282 4164 vos
308 4109 369 4176 jam
394 4102 540 4161 Christum
560 4101 705 4159 eoolessos
731 4101 893 4172 predicatio
907 4116 970 4159 mea
1025 4114 1223 4176 quopropter
1251 4107 1340 4162 ileum
1367 4106 1536 4178 cogitemus.
1552 4107 1713 4179 Notaquod
1723 4107 1794 4166 dicit
1808 4121 1869 4180 pro·

125 4200 222 4258 locum
246 4194 360 4261 habeat,
385 4207 419 4247 ue
444 4205 535 4260 super,
564 4191 634 4247 acsi
649 4191 756 4247 diceret
775 4181 1009 4250 :llocscilioetli
1026 4192 1111 4251 ficisci
1136 4208 1257 4265 coepero,
1281 4194 1353 4266 quia
1370 4209 1437 4252 cum
1458 4195 1494 4251 ad
1521 4196 1666 4253 Romanos
1687 4206 1807 4268 propter
1830 4196 1868 4268 ip

124 4287 196 4345 mihi
211 4284 406 4354 contingente,
422 4289 455 4336 ut
470 4279 527 4334 nisi
538 4277 692 4335 editicium
716 4278 779 4337 fidei
801 4281 970 4338 collocarem
1025 4297 1071 4340 sos
1092 4282 1198 4354 veniat,
1226 4297 1284 4340 non
1310 4284 1502 4354 sihiimputat
1528 4285 1668 4355 prolicisci
1702 4285 1739 4342 ad
1768 4285 1869 4357 Hispa·

125 4389 212 4448 super
248 4371 369 4430 aliomm
406 4368 636 4440 predicationem
664 4368 972 4442 macedoniumque
1025 4373 1115 4440 uiam,
1131 4372 1187 4428 nisi
1203 4387 1269 4429 cum
1285 4373 1321 4429 ab
1345 4373 1415 4444 ipsis
1438 4374 1597 4442 recesserit,
1626 4376 1744 4445 quando
1768 4375 1868 4433 uideli-

125 4464 212 4538 quasi
239 4474 310 4520 mee
337 4456 548 4530 predicationis
573 4455 796 4514 tundamentum
824 4467 907 4516 esset.
938 4461 971 4516 lu
1025 4470 1069 4517 cet
1107 4468 1223 4532 propter
1263 4461 1406 4533 ilispauos
1438 4471 1529 4520 totum
1551 4465 1650 4536 egerit.
1688 4465 1724 4521 Et
1755 4464 1870 4522 attende

125 4570 184 4629 quo
210 4549 358 4610 difficilius
382 4546 507 4603 ostendit
531 4546 608 4618 quod
637 4545 675 4602 ibi
705 4545 872 4618 lecitquam
892 4548 971 4621 quod
1025 4551 1185 4621 quodcum
1213 4551 1293 4620 dicit,
1320 4551 1440 4609 sivobis
1464 4552 1602 4621 primum,
1633 4553 1737 4611 iterum
1768 4566 1870 4612 eorum

125 4642 203 4715 apud
227 4642 370 4699 Romanos
387 4636 479 4693 lacere
507 4635 597 4705 cupit.
620 4633 760 4706 Scriptum
782 4643 823 4692 est
846 4636 970 4704 inlsaia,
1025 4638 1251 4697 benevolentiam
1278 4645 1384 4712 captat,
1400 4641 1484 4713 quasi
1499 4641 1693 4699 necessarium
1722 4642 1870 4716 sibiludi·

124 4733 211 4792 idest
225 4740 257 4789 ut
280 4742 390 4800 perure
417 4725 597 4796 contingeret
625 4725 700 4795 quod
722 4738 773 4793 per
799 4725 882 4782 illum
904 4741 971 4798 pro·
1025 4734 1147 4795 cet,nec
1165 4744 1194 4786 se
1222 4730 1306 4788 aliter
1329 4731 1364 4787 de
1392 4731 1528 4803 ilispanis
1567 4732 1662 4789 lacere
1692 4745 1784 4803 posse,
1813 4730 1869 4790 nisi

126 4824 278 4897 phetatum
289 4824 332 4875 est
358 4816 392 4871 de
405 4832 446 4882 eo,
461 4814 489 4870 id
511 4821 554 4871 est
579 4813 705 4880 christo,
719 4814 850 4870 uidciuut
863 4816 971 4875 scilicet
1024 4816 1107 4889 prius
1121 4832 1170 4874 eos
1183 4818 1289 4876 visitet.

125 4907 320 4983 intelligendo.
338 4903 419 4972 Quod
437 4904 534 4960 statim
548 4915 696 4972 exponens
715 4910 770 4960 ait:
786 4905 822 4958 lit
836 4906 894 4973 qui,
915 4914 970 4963 etc.
1060 4907 1137 4963 Nune
1164 4923 1236 4975 erqo.
1264 4908 1337 4976 Quia
1363 4909 1497 4967 videlicet
1527 4911 1573 4968 his
1600 4911 1724 4969 ulterius
1744 4925 1805 4970 non
1820 4911 1868 4970 ha·

161 5001 284 5069 Propter
302 4994 387 5066 quod,
412 4991 484 5065 quia
512 4989 643 5047 videlicet
656 4991 692 5047 ad
709 5000 748 5048 tot
765 4993 972 5066 penitusigna-
1024 4993 1077 5053 beo
1093 4997 1199 5066 locum,
1224 5015 1306 5066 nuuc,
1327 4999 1406 5056 idest
1433 5010 1589 5072 antequam
1616 5002 1733 5059 veniam
1755 5001 1793 5058 ad
1807 5014 1868 5069 voa,

125 5109 174 5155 roo
189 5088 372 5148 intendebam
400 5081 619 5140 convertendos.
646 5081 826 5152 impediebar,
844 5092 973 5156 utpseu·
1024 5085 1135 5142 cumin
1160 5088 1294 5158 gentibus
1318 5089 1479 5158 specialiter
1502 5089 1694 5159 apostolatum
1744 5087 1868 5160 accepte

124 5178 358 5256 doapostolorom
384 5177 546 5231 commenta
569 5169 706 5226 excludat
735 5171 893 5230 dicentium
904 5188 971 5231 eum
1025 5188 1103 5232 sem:
1117 5175 1195 5233 Unde
1209 5178 1872 5250 etsoluslioetorqentiumappetlatur.lium·

129 5273 166 5332 ad
181 5271 252 5329 tales
267 5266 311 5324 vel
322 5270 416 5322 tantos
430 5262 565 5320 accedere
594 5273 652 5316 non
673 5259 788 5330 audere,
805 5265 834 5319 et
845 5263 971 5321 maxime
1025 5270 1083 5320 tam
1100 5265 1186 5322 etiam
1201 5266 1236 5322 de
1261 5268 1368 5325 iudeis
1393 5269 1541 5327 conversis
1571 5268 1675 5326 habeat
1704 5281 1809 5326 curam
1827 5280 1871 5325 oe

80 5386 83 5393 ¹
126 5358 326 5437 presentibus,
355 5351 400 5411 vel
425 5357 458 5410 ut
487 5364 518 5409 se
534 5348 701 5408 rationabili
728 5363 818 5408 cauea
841 5360 972 5425 excuset,
1024 5353 1126 5424 tondit,
1156 5355 1235 5427 quod
1264 5357 1332 5415 alibi
1360 5357 1424 5415 ait:
1453 5358 1610 5415 sollicitudo
1632 5362 1753 5415 omniun
1780 5358 1871 5416 Eoelc·

120 5450 276 5527 pluremum
297 5445 376 5515 uicit,
393 5439 423 5500 id
451 5444 495 5499 εει
521 5439 649 5501 maxime
679 5438 752 5511 quia
774 5447 802 5501 et
816 5439 882 5501 alie
899 5455 971 5503 non·
1028 5444 1133 5502 riorum
1152 5443 1197 5518 (il
1223 5444 1283 5504 dor.
1309 5459 1352 5520 xv,
1373 5446 1432 5520 ιι).
1452 5448 1534 5514 Quod
1560 5447 1648 5508 etiam
1671 5446 1800 5510 tortuosis
1834 5446 1872 5509 ad
