3804 5962
97 196 151 258 313
392 193 493 253 emm
512 195 702 255 temetum
715 197 792 255 OPP.
814 198 903 256 PARS
921 198 957 254 11.
977 225 1012 242 -
1030 196 1212 256 SERMONES
1231 199 1275 256 ET
1294 197 1417 256 OPUSC.
1437 197 1554 255 ASOEP.
1798 195 1851 251 tsi

96 320 157 382 sola
178 319 343 388 ridebatur,
365 333 459 392 annm
480 319 541 378 sola
557 328 640 378 esset.
656 321 730 378 Nam
754 321 944 394 quamadmo-
961 323 986 377 Α
1002 321 1059 380 tius
1083 336 1176 394 qnam
1195 322 1225 379 in
1251 321 1322 380 viris
1347 321 1463 389 dicitur,
1489 320 1559 392 quia
1583 318 1644 377 haec
1666 317 1730 391 eius
1754 317 1850 390 gratia

97 411 167 469 dum
182 409 252 474 sola,
269 409 319 466 oni
337 415 378 467 tot
397 409 463 467 libri
482 408 624 477 adessent,
639 417 680 467 tot
702 410 882 483 archangeli,
906 417 948 468 tot
1001 410 1153 484 virginalis
1178 411 1314 485 propositi
1338 411 1368 468 in
1403 408 1519 466 leminis
1548 409 1674 465 maxime
1705 421 1756 479 per
1783 406 1847 478 eius

97 498 262 572 propheta?
284 499 413 570 Denique
437 506 465 556 et
496 497 609 555 Gabriel
633 512 697 556 eam
726 500 872 573 virginem
898 500 948 558 ubi
1002 500 1191 559 imitationem
1218 499 1438 572 multiplicanda
1464 498 1568 567 iuerat,
1593 498 1667 555 sicut
1687 504 1714 554 et
1730 496 1849 553 Psalmi-

96 589 220 647 revisere
245 587 352 643 solebat
381 587 502 654 invonit,
531 595 558 644 et
585 588 721 661 angelum
747 589 837 645 bieria
852 589 946 661 'quasi
1002 599 1046 647 sta
1083 598 1169 648 antea
1198 589 1382 663 praedixerat,
1417 588 1515 645 dicens
1544 603 1551 641 ε
1576 589 1677 643 astitit
1712 588 1808 654 recissa
1834 602 1852 639 c

95 677 193 734 virum
208 677 300 747 specio
322 683 432 732 mutata
448 675 617 747 trepidavit,
635 678 718 749 quasi
743 692 800 734 non
820 677 949 750 incogni-
980 693 983 699 ’
1002 680 1110 736 destris
1124 683 1189 748 tuis,
1212 687 1266 737 etc.
1294 680 1379 748 (Psoi.
1403 691 1484 745 nutv,
1502 677 1555 747 lo).
1578 675 1613 733 iit
1629 688 1747 732 rursum
1764 691 1770 729 :
1788 674 1848 729 Ad-

99 772 165 822 tum
187 765 286 821 audito
305 764 420 820 nomine
442 765 616 834 recognovit.
643 766 685 821 lta
710 765 894 838 peregrinata
907 771 950 822 est
1003 769 1135 826 docentur
1152 773 1212 839 regi
1226 771 1346 836 virgines
1364 771 1427 838 post
1454 781 1522 834 eam,
1548 765 1720 823 adducenter
1743 765 1773 818 ta
1789 768 1852 817 tem-

99 853 131 910 in
154 854 228 921 viro,
255 869 321 926 quae
354 868 411 911 non
441 861 483 910 est
505 854 688 926 peregrinata
717 854 746 912 in
776 855 888 926 angeio,
917 861 950 911 nt
1000 860 1078 929 plum
1096 860 1168 926 regis
1182 857 1281 929 (lota,
1298 856 1351 928 ts).
1365 856 1430 912 Post
1444 869 1518 923 eam,
1536 854 1641 925 inquit,
1667 852 1851 910 adducentur

100 956 240 1015 agnoscas
261 956 345 1000 aures
370 942 527 1016 religiosas,
557 943 656 1001 oculos
684 944 874 1000 verecundas.
899 944 950 1000 Ite-
1003 947 1034 1004 in
1070 946 1206 1019 templum
1243 945 1328 1017 regis,
1360 944 1431 1016 quia
1460 957 1510 1015 per
1544 941 1732 999 imitationem
1762 940 1852 1012 hujus

100 1032 191 1105 nique
205 1032 329 1090 salutata
343 1033 498 1101 obmutuit,
513 1039 541 1090 et
556 1032 698 1104 appellata
719 1033 875 1104 respondit.
896 1032 950 1090 Sed
1002 1050 1123 1094 summa
1149 1036 1265 1108 reginae,
1291 1033 1418 1106 virgines
1447 1033 1607 1090 innumera
1629 1033 1657 1088 in
1672 1045 1775 1088 rerum
1802 1029 1852 1086 Dei

101 1136 167 1194 (11¹ae
185 1121 280 1193 l)rimo
295 1122 471 1179 “inflaverat
497 1120 612 1189 ellectu,
637 1128 735 1193 Ρθὸῑθὸ
750 1120 881 1192 dromi-iil
899 1120 949 1178 Ob·
1003 1126 1144 1196 templum
1176 1131 1245 1182 sunl
1275 1122 1485 1181 consecranda.
1522 1122 1585 1189 Oua
1620 1137 1680 1176 cam
1719 1120 1852 1187 audisset,

102 1209 237 1282 sequium
254 1210 321 1283 iit).
338 1231 352 1261 α
375 1211 447 1267 Ecce
462 1210 591 1267 studium
616 1224 675 1267 non
691 1217 749 1267 tam
772 1210 950 1282 desponsatae
1002 1210 1117 1272 turbata
1131 1219 1172 1270 est
1197 1214 1272 1286 (Luc.
1290 1229 1310 1282 1,
1329 1212 1386 1282 Μ).
1413 1212 1456 1268 nd
1470 1210 1559 1269 verba
1574 1209 1727 1281 loquentis,
1744 1217 1772 1265 et
1787 1221 1853 1263 ma·

102 1313 191 1372 qnam
204 1300 337 1372 virginis,
353 1314 411 1356 non
430 1314 459 1357 se
478 1300 515 1357 ad
528 1299 653 1371 ,nuptias
677 1300 876 1370 praeparantis,
901 1299 951 1357 sed
1005 1319 1062 1377 gno
1076 1303 1218 1375 praeconio
1238 1303 1332 1361 laudis
1355 1316 1418 1359 eam
1443 1300 1597 1358 salutantis
1613 1299 1728 1356 turbata
1743 1312 1853 1354 memo-

104 1390 161 1446 000
183 1389 298 1459 llssssilsss
316 1389 465 1460 V³⁰²111183
487 1403 546 1445 110ss
568 1388 646 1447 culis
667 1388 776 1457 saculi,
798 1389 847 1446 sed
862 1403 951 1446 sacrae
1005 1403 1088 1452 ratur
1101 1408 1172 1462 esse,
1192 1407 1251 1450 non
1266 1407 1334 1449 oum
1359 1390 1410 1463 qui
1435 1389 1757 1462 loquebaturaspicere.
1774 1388 1854 1444 Fixis

104 1492 224 1549 prorsus
247 1478 365 1537 intenta
380 1478 493 1536 lectioni
508 1493 566 1536 non
589 1479 686 1549 sponsi
702 1478 859 1550 querentis
878 1477 951 1535 sola·
1005 1483 1111 1555 quippe
1132 1482 1222 1540 oculis
1248 1483 1277 1538 in
1304 1480 1433 1548 lectione,
1450 1479 1494 1536 vel
1514 1487 1597 1536 terrm
1621 1479 1717 1535 aidris
1733 1478 1762 1534 in
1787 1491 1854 1532 ora-

104 1567 188 1635 ῐὶῦΰῑ,
204 1575 237 1624 nt
250 1567 428 1640 colloquium
450 1575 610 1625 meterem?
626 1567 799 1640 angelicum·
820 1567 950 1624 Attendi·
1005 1574 1091 1642 tione,
1109 1586 1167 1644 quo
1192 1572 1308 1628 animus
1335 1568 1501 1627 intendebat
1524 1575 1583 1624 tota
1606 1568 1854 1637 inmensamque

105 1662 142 1726 ⁸0,
159 1655 299 1728 Virginei,
325 1671 391 1729 ‘111ae
415 1670 474 1714 11011
500 1657 608 1725 virum,
634 1656 684 1713 sed
711 1656 801 1712 Deum
827 1655 953 1729 elegistis
1006 1660 1163 1719 immobilis
1191 1660 1333 1727 haerebat3
1358 1673 1411 1716 nec
1436 1658 1600 1714 humanum
1627 1656 1749 1713 curabat
1774 1669 1854 1726 aspe-

106 1759 256 1815 sponsum,
283 1753 311 1802 el
334 1759 423 1803 8³0?ae
455 1746 577 1802 mimam
601 1743 784 1815 limitationis
811 1759 829 1801 ὃ
861 1745 953 1802 Maria
1006 1759 1095 1821 ctum,
1119 1766 1185 1823 quae
1208 1756 1322 1807 tantum
1348 1746 1513 1804 intendebat
1536 1745 1678 1802 divinum.
1704 1744 1784 1802 Unde
1801 1758 1853 1800 au-

103 1833 274 1904 sumpsistis.
293 1835 467 1905 Desponsata
491 1833 541 1891 illa
570 1833 691 1901 homini,
716 1849 774 1891 non
808 1834 952 1891 hominem
1007 1848 1064 1899 tem
1079 1838 1216 1897 turbarat
1230 1836 1358 1894 niversts
1378 1836 1509 1909 edatque
1524 1835 1677 1892 decausis.
1693 1835 1767 1891 rum
1783 1833 1854 1904 quta

105 1922 136 1980 in
161 1922 286 1994 publico,
318 1922 367 1979 sed
391 1923 482 1980 Deum
511 1923 659 1994 quaerebat
686 1923 716 1980 in
748 1931 865 1981 secreto.
889 1923 952 1981 Nou
1007 1929 1063 1987 viri
1083 1929 1258 1986 consortium
1274 1925 1412 1998 rugiebat,
1433 1924 1579 1996 tumquia
1596 1924 1708 1981 lectioni
1725 1922 1770 1979 vel
1786 1937 1852 1979 ora-

106 2012 204 2070 oculos
226 2011 411 2084 retorquebat
437 2012 472 2069 ad
501 2012 655 2082 mundum,
686 2011 735 2069 sed
761 2013 890 2083 erigebat
916 2013 953 2069 ad
1007 2018 1078 2076 tioni
1094 2025 1181 2074 totam
1205 2029 1321 2088 operam
1345 2014 1535 2085 impendebat,
1557 2028 1684 2084 quarum
1703 2011 1855 2068 assiduita-

107 2101 221 2158 caelum.
238 2100 300 2158 Non
315 2099 434 2158 canticis
448 2101 618 2171 nuptiarum
635 2114 720 2158 aures
734 2101 888 2172 praebebat,
904 2101 953 2159 sed
1008 2115 1064 2165 tem
1091 2105 1241 2178 prepedirt
1257 2102 1385 2177 graviter
1405 2103 1575 2160 sustinebat.
1598 2103 1638 2157 Et
1652 2101 1800 2170 cogitabat,
1816 2099 1856 2156 in·

108 2201 199 2246 sacre
218 2188 468 2261 lectionispabulo
483 2196 607 2247 mentem
622 2188 776 2248 reficiebat.
792 2191 837 2246 Ex
852 2190 954 2262 qnali-
1008 2196 1081 2268 quit,
1108 2195 1199 2267 qualis
1235 2199 1303 2249 esset
1342 2195 1397 2248 istc
1424 2193 1555 2247 salutatio
1590 2191 1694 2263 (ibid).
1726 2190 1769 2246 Ex
1798 2202 1857 2260 qua

109 2276 953 2350 quidumestquamsitverum,quoddiximus,nunanam
1007 2285 1139 2342 videlicet
1163 2282 1320 2340 intentione
1355 2281 1519 2353 procederet
1552 2288 1653 2337 utrum
1683 2277 1858 2335 adulationis

108 2365 171 2438 ejus
184 2367 314 2424 animum
327 2367 364 2424 ad
379 2366 495 2438 nuptias
510 2367 675 2425 declinasse.
687 2367 881 2438 quianullum
896 2383 955 2426 cer·
1007 2376 1098 2432 verba
1112 2372 1175 2431 haec
1189 2379 1293 2442 essent,
1309 2386 1347 2428 an
1364 2371 1494 2428 veritatis
1509 2385 1515 2424 :
1533 2384 1593 2442 qua
1614 2369 1780 2436 temeritate,
1798 2383 1856 2439 quo

109 2464 171 2514 lum
186 2462 228 2513 θεῖ
241 2470 343 2513 curam
355 2470 419 2514 0³1ss
434 2455 600 2527 suscepisse·
613 2456 730 2514 Undeet
744 2457 781 2514 ab
796 2457 898 2530 angelo
908 2472 953 2515 sa·
1009 2465 1091 2522 aditu
1117 2462 1163 2520 ilie
1179 2461 1305 2520 cubiculi
1329 2461 1374 2517 sui
1395 2468 1536 2516 secretum
1560 2459 1723 2530 inquietare
1749 2471 1857 2528 presu-

108 2546 211 2615 intata,
227 2546 312 2618 cujus
321 2546 381 2603 vita
395 2559 453 2603 non
467 2545 592 2603 carnalis
603 2550 675 2617 erat,
691 2546 739 2604 sed
754 2546 893 2619 angelica,
905 2561 955 2605 an·
1009 2552 1122 2619 mereti
1136 2551 1228 2620 Quam
1243 2551 1283 2607 ita
1298 2549 1461 2621 perturbari
1476 2548 1597 2620 angelus
1612 2562 1669 2604 non
1685 2546 1830 2618 perierens
1847 2562 1854 2600 ε

108 2636 171 2694 dire
185 2636 313 2693 meruit:
334 2636 402 2704 Aee,
422 2637 515 2704 grotta
527 2636 610 2706 plena
624 2633 701 2707 (Luc.
717 2651 737 2705 r,
752 2638 809 2708 28).
825 2636 954 2694 Gratiam
1009 2645 1049 2701 Ne
1074 2645 1180 2705 timeas,
1198 2639 1302 2711 inquil,
1327 2640 1418 2695 diaria
1446 2637 1547 2708 (loidi.
1574 2636 1637 2692 Non
1665 2635 1782 2706 quidem
1798 2634 1856 2690 ait:

108 2725 233 2783 dicimus
259 2724 349 2798 gratis
367 2725 474 2795 datam,
491 2726 545 2782 boc
567 2732 609 2782 est
627 2725 799 2783 beneficium
821 2726 955 2783 divinum
1009 2734 1048 2789 tte
1062 2729 1239 2804 perturberis
1249 2743 1258 2799 ;
1275 2726 1324 2784 sed
1342 2742 1348 2782 :
1365 2727 1406 2783 Ne
1428 2727 1518 2781 nimia
1536 2725 1728 2782 sollicitudine
1749 2723 1860 2796 affliga-

107 2828 197 2887 snpra
218 2815 320 2871 meista
346 2813 493 2872 fflllalflffl·
522 2814 603 2872 Unde
617 2820 645 2871 θῑ
664 2814 836 2886 apostolus:
854 2816 884 2872 Si
907 2830 956 2870 aa·
1009 2820 1050 2879 ris
1066 2835 1074 2875 t
1091 2833 1126 2875 ne
1141 2823 1192 2875 aul
1213 2821 1241 2873 te
1263 2816 1390 2873 obtinere
1411 2815 1542 2884 desperes
1568 2814 1646 2886 quoti
1671 2813 1787 2882 vovisti,
1809 2820 1861 2870 aut

110 2905 446 2975 comcommendabat
468 2919 521 2959 non
544 2919 578 2958 ee
593 2905 696 2973 prata.
712 2905 846 2974 alioqum
861 2906 955 2973 oratio
1009 2916 1150 2980 tanquam
1176 2919 1226 2963 rea
1256 2903 1440 2962 meledictum
1467 2904 1600 2960 incurras
1628 2901 1708 2975 legis.
1743 2903 1779 2958 Et
1807 2901 1861 2957 noc

106 2993 168 3068 jam
190 3009 245 3049 aaa
272 2997 339 3048 esset
366 2995 460 3061 gratio
485 2992 572 3064 (Rom.
607 3007 643 3060 rr,
679 2991 718 3063 a),
741 2991 858 3049 Constat
887 3006 955 3049 vero
972 2974 993 3032 (ἶ
1010 2995 1127 3069 quidem
1143 2994 1203 3052 loca
1223 3007 1316 3065 quum
1341 2992 1402 3048 ait:
1428 2995 1527 3060 Μανία,
1547 2992 1673 3063 primum
1694 3005 1756 3048 eam
1776 2998 1861 3047 vocat

74 3127 80 3137 .
108 3095 351 3154 unumquemque
391 3080 517 3137 iidelinm
553 3079 685 3137 nonnihil
720 3080 820 3152 gratiae
852 3088 956 3152 prater
1010 3099 1048 3143 ex
1063 3083 1242 3157 nominabat
1265 3081 1349 3153 quasi
1371 3081 1541 3138 familiarem
1565 3082 1620 3138 sibi
1635 3081 1737 3152 majori
1753 3079 1860 3137 relevet

108 3171 212 3229 merita
233 3184 286 3227 sua
308 3169 443 3226 collatum
464 3168 579 3227 habero.
597 3169 695 3227 Mariae
709 3183 778 3226 vero
792 3184 851 3226 non
864 3169 956 3240 parti·
1010 3172 1214 3231 consolatione.
1240 3170 1299 3229 Cur
1321 3176 1418 3228 autem
1439 3185 1497 3227 non
1517 3170 1554 3226 sit
1568 3170 1594 3227 ei
1618 3169 1791 3235 timendum,
1807 3168 1863 3224 hoo

109 3258 213 3329 cipatio
241 3258 351 3329 gratiae,
383 3257 432 3315 sed
468 3257 616 3328 plenitudo
650 3259 814 3321 ascribitur,
842 3265 957 3315 tanturn
1010 3268 1053 3318 est
1077 3260 1111 3316 de
1133 3259 1267 3330 petitione
1299 3272 1353 3315 sua
1382 3257 1585 3325 differendum,
1611 3257 1737 3314 annectit
1766 3270 1860 3328 quum

109 3347 134 3405 ei
149 3346 272 3403 conierri
286 3346 510 3415 demonstretur,
529 3354 672 3418 qnantum
689 3348 825 3405 bumana
844 3350 957 3404 nature
1011 3351 1074 3406 ait:
1094 3350 1229 3404 invenisti
1257 3349 1378 3415 gratiam
1405 3347 1482 3417 apud
1504 3350 1596 3402 Deam.
1626 3347 1684 3402 Hoc
1707 3353 1748 3403 est
1772 3359 1862 3417 supra

110 3435 272 3492 infirmitati
287 3435 473 3505 promittitur.
490 3435 572 3504 Quod
592 3437 709 3508 quidem
723 3435 848 3508 qualiter
866 3437 956 3506 tieret,
1011 3438 1108 3496 omnia
1123 3439 1225 3494 merita
1238 3435 1279 3493 illi
1299 3443 1382 3508 grata
1398 3436 1472 3492 iacta
1487 3451 1528 3505 es,
1545 3443 1632 3506 atquc
1645 3443 1772 3506 accepta.

109 3523 132 3583 si
148 3524 208 3597 jam
231 3524 261 3583 iu
276 3537 446 3581 consensum
468 3524 592 3581 carnalis
613 3524 852 3596 eoncupiscentia
868 3529 959 3583 tracia
1047 3527 1194 3596 Quomodo
1218 3534 1314 3583 autem
1339 3534 1398 3582 tam
1422 3524 1492 3598 legis
1518 3525 1701 3582 meledictum
1725 3525 1822 3590 evitet,
1836 3523 1861 3580 si

109 3614 218 3683 inisset,
235 3613 318 3672 nulla
331 3613 406 3670 ratio
420 3614 515 3672 babet.
532 3613 613 3671 Unde
628 3622 724 3672 autem
735 3615 958 3686 amplitudinem
1012 3618 1096 3689 virgo
1112 3623 1289 3688 permaneat,
1314 3629 1401 3687 quam
1428 3615 1563 3685 propositi
1586 3614 1631 3671 sui
1657 3621 1755 3670 votum
1770 3612 1864 3670 incor-

110 3704 211 3776 gratire
227 3703 330 3773 adepta
349 3701 396 3772 sit,
410 3703 590 3762 subintertur
611 3717 703 3774 quum
724 3704 831 3762 dieitur
847 3721 854 3760 :
871 3707 960 3760 Domi·
1011 3715 1099 3778 rupta
1120 3705 1270 3770 custodiat,
1295 3712 1424 3774 patenter
1448 3703 1566 3775 exponit
1589 3702 1686 3760 dicens
1710 3716 1772 3758 eam
1788 3699 1863 3771 pari·

109 3811 162 3852 mas
185 3799 281 3851 tecum.
298 3794 417 3862 Tecum,
440 3794 545 3866 inquit,
571 3794 773 3866 potiusquam
796 3794 825 3850 in
851 3802 886 3851 te.
904 3794 959 3862 Qui
1012 3806 1055 3855 ter
1069 3805 1128 3853 tam
1146 3809 1207 3852 esse
1230 3793 1390 3864 parituram
1413 3807 1500 3864 quam
1526 3792 1667 3864 virginem
1692 3804 1862 3861 permansu-

109 3886 186 3942 enim
201 3884 312 3955 ubique
328 3898 378 3955 per
391 3883 572 3954 praesentiam
586 3883 745 3941 divinitatis
756 3883 817 3955 jam
832 3897 862 3940 so
875 3883 960 3940 unire
1011 3901 1085 3944 ram.
1111 3885 1286 3952 Parituram,
1302 3884 1433 3954 inquam,
1450 3897 1507 3939 non
1525 3881 1616 3938 solum
1642 3880 1798 3948 hominem,
1815 3893 1863 3935 ve·

110 3974 277 4045 disponebat
299 3972 379 4030 carni
403 3972 526 4044 virginis
547 3987 597 4044 per
613 3972 837 4043 assumptionem
855 3971 959 4028 huma·
1013 3988 1078 4032 rum
1105 3972 1191 4031 etiam
1216 3973 1366 4028 bominum
1385 3971 1573 4039 saluatorem,
1607 3971 1661 4027 hoo
1689 3977 1730 4026 est
1752 3963 1862 4033 lesum,

111 4063 226 4133 nitatis3
247 4071 280 4120 ut
292 4070 397 4128 lecum,
414 4062 469 4118 boc
481 4069 524 4118 est
542 4075 608 4118 cum
622 4074 708 4118 carne
731 4069 782 4119 tua
802 4074 892 4118 unum
909 4060 959 4117 liat
1012 4063 1103 4135 (iuius
1117 4063 1234 4134 quidem
1251 4060 1375 4132 virginei
1392 4068 1612 4131 partusquanta
1637 4057 1861 4125 sitexoellentia,

111 4152 141 4208 in
157 4165 288 4223 persona.
311 4151 455 4207 Benedicta
478 4156 511 4206 ta
534 4155 563 4205 in
579 4149 747 4206 mulieribus.
768 4149 907 4221 Nunquid
931 4160 959 4210 et
1013 4152 1162 4226 diligenter
1187 4150 1329 4217 describit,
1357 4151 1472 4207 dicens:
1496 4153 1547 4206 iiic
1569 4155 1620 4206 erit
1642 4163 1756 4218 magnas
1771 4152 1797 4203 et
1816 4147 1862 4202 rt·

110 4239 140 4295 in
162 4239 240 4296 viros
256 4254 313 4296 non
337 4238 479 4297 redundat
495 4239 655 4297 benedictio
671 4239 791 4297 biariaei
817 4237 957 4311 Nunquid
974 4267 997 4324 n
1015 4243 1069 4297 lius
1091 4241 1216 4296 Attlsimi
1247 4239 1398 4294 uocabitur.
1431 4242 1471 4294 nc
1503 4239 1525 4294 si
1556 4246 1651 4309 aperte
1675 4237 1783 4293 dicat:
1813 4236 1862 4290 nt·

111 4335 139 4385 et
160 4327 222 4399 ipsa
240 4327 274 4385 de
303 4328 411 4386 semine
431 4327 564 4395 Abrabae,
589 4337 617 4385 et
645 4328 797 4400 perillam
825 4327 957 4385 Christus
1013 4330 1147 4388 tandein
1172 4329 1225 4384 hac
1248 4328 1308 4399 ipso
1334 4326 1588 4397 incomparabilem
1614 4326 1747 4398 gratiam,
1763 4324 1862 4395 singu·

112 4416 271 4483 descendit,
287 4417 315 4474 in
330 4430 388 4489 auo
407 4416 539 4474 videlicet
552 4417 659 4473 semine
678 4418 808 4474 omnium
828 4418 957 4490 gentium
1011 4419 1101 4476 larem
1117 4416 1238 4489 gloriam
1261 4423 1352 4481 tuam,
1375 4415 1440 4472 vide
1457 4415 1551 4486 ipsum
1576 4415 1691 4487 quilici
1712 4414 1802 4471 Filius
1818 4412 1862 4470 di·

112 4505 274 4564 benedictio
297 4506 391 4564 tuerat
425 4503 585 4578 promissa?
616 4506 689 4572 Quid
712 4514 765 4576 est,
791 4521 900 4579 quaeso,
927 4507 959 4564 in
1012 4516 1096 4565 catur
1120 4514 1147 4563 et
1176 4512 1254 4561 tuus.
1284 4506 1321 4559 Et
1349 4504 1428 4559 dabit
1448 4505 1491 4559 itit
1519 4508 1650 4560 Dominus
1683 4507 1754 4560 Dens
1773 4502 1863 4558 sedem

112 4594 294 4663 mulieribus,
313 4601 341 4651 et
361 4609 420 4651 non
443 4596 537 4668 magis
559 4595 589 4652 in
614 4595 749 4653 omnibus
767 4594 838 4653 viris
853 4595 960 4667 pariter
1014 4595 1204 4665 Daoidpctrts
1228 4593 1297 4662 ejas,
1324 4592 1378 4649 hoc
1400 4601 1441 4650 est
1457 4593 1485 4669 id
1501 4593 1530 4649 in
1545 4608 1578 4650 eo
1600 4593 1727 4665 perficiet
1740 4592 1817 4664 quod
1833 4592 1863 4647 in

112 4698 146 4741 aa
167 4683 363 4742 mulieribus?
386 4683 452 4741 ilaec
476 4685 580 4743 iterum
608 4685 682 4754 dico,
710 4684 848 4756 virgines,
869 4687 960 4741 atten-
1013 4688 1079 4752 typo
1101 4679 1164 4750 ejus
1190 4677 1278 4733 David
1308 4677 1481 4748 promissam
1505 4687 1558 4745 est,
1591 4678 1665 4734 sieut
1689 4684 1717 4734 et
1746 4677 1864 4748 ipsemet

110 4773 178 4843 dite,
195 4780 223 4830 et
237 4773 267 4830 in
283 4787 336 4831 ros
359 4772 519 4844 specialiter
543 4774 626 4830 istam
651 4773 875 4831 benedictionem
899 4773 960 4830 iia-
1015 4768 1172 4841 prolitetur,
1188 4766 1308 4824 dicens:
1328 4768 1426 4822 taraci
1444 4767 1535 4823 Dactd
1557 4781 1632 4823 servo
1648 4783 1714 4835 meo,
1736 4782 1820 4836 osque
1835 4767 1864 4819 tn

113 4863 164 4919 ria
193 4862 359 4920 redundare
387 4861 519 4935 gaudete.
556 4863 665 4920 Paucos
691 4862 805 4934 iauippe
829 4861 961 4918 virorum
1014 4864 1144 4915 electum
1181 4856 1344 4928 praeparato
1383 4861 1506 4913 sanctem
1539 4861 1626 4912 team.
1660 4859 1695 4912 Et
1726 4855 1864 4924 edificabo

112 4950 282 5021 reperimus,
305 4951 356 5024 qui
372 4951 402 5008 in
424 4952 532 5009 virtute
545 4950 721 5023 virginitatis
734 4950 880 5008 Christum
895 4949 961 5006 imi·
1015 4951 1045 5004 in
1072 4948 1245 5018 permotione
1272 4950 1299 5001 et
1335 4948 1532 5015 penaottonem
1561 4946 1653 5001 sedem
1679 4951 1753 5001 tuom
1777 4944 1861 5015 (Psoi.

112 5041 221 5096 lentur.
239 5040 342 5097 linitas
359 5055 497 5112 sequaces
518 5041 580 5099 hae
601 5040 699 5098 liariae
714 5040 822 5112 gratias
836 5039 867 5096 in
881 5037 963 5095 vobis
1015 5051 1155 5102 cxxxvru,
1180 5036 1219 5106 i).
1248 5036 1357 5092 Domus
1384 5033 1481 5100 Jacob,
1512 5035 1539 5089 in
1558 5048 1618 5105 qua
1642 5039 1818 5106 regnaturus
1833 5032 1864 5087 in

113 5126 212 5194 habet,
236 5141 364 5197 quarum
380 5136 461 5187 tanto
486 5129 580 5187 virtus
602 5128 721 5201 gratior,
743 5134 852 5199 quanto
874 5140 963 5183 sexus
1016 5132 1157 5183 aeteruum
1182 5123 1368 5194 promittitur,
1400 5121 1526 5179 Ecclesia
1553 5131 1594 5179 est
1625 5123 1766 5194 gentiam,
1797 5135 1864 5191 aaa

109 5215 266 5272 intirmior.
299 5216 400 5274 Virtus
432 5219 584 5290 qnippein
611 5216 779 5274 inlirmitate
805 5213 961 5286 perficitur.
1014 5221 1143 5282 tempore
1161 5212 1384 5282 preteritorum,
1409 5217 1437 5268 et
1464 5210 1557 5282 gratia
1581 5211 1711 5282 priorum
1736 5210 1864 5282 Synago·

117 5303 190 5371 Quid
212 5313 255 5362 est
279 5313 378 5362 autem
399 5306 568 5377 benedictio,
584 5305 875 5377 nisidlvineegratiae
892 5303 965 5361 mul·
1019 5315 1085 5374 gam
1107 5301 1315 5371 supplantavit,
1343 5307 1371 5359 et
1404 5299 1631 5357 benedictionem
1657 5301 1683 5358 ai
1708 5300 1864 5373 subripuit.

113 5390 279 5461 tiplicatiol
294 5393 445 5453 Benedicta
459 5396 549 5468 igitur
570 5395 661 5453 liaris
679 5394 709 5454 in
733 5394 905 5453 mulieribus
919 5405 966 5464 po
1021 5390 1119 5451 Finem
1133 5389 1188 5447 boc
1202 5403 1327 5462 regnum
1350 5402 1408 5446 nan
1426 5387 1539 5461 accipit,
1555 5388 1626 5461 quia
1648 5402 1702 5446 nec
1723 5404 1790 5447 cum
1804 5389 1867 5447 vita

151 5515 208 5588 (77)
224 5518 370 5589 ambros,
393 5522 431 5577 lle
457 5518 586 5589 circata.
612 5517 662 5578 lib.
685 5533 716 5587 a,
732 5530 794 5589 cap.
809 5521 838 5586 a,
858 5531 888 5574 n.
905 5519 949 5586 ill,
969 5515 1131 5588 recrearis
1145 5520 1166 5574 t.
1182 5512 1258 5573 xlii.
