3804 5962
724 185 778 242 stu
798 185 841 240 ET
859 182 943 241 NON.
1624 181 1692 236 {382

78 313 219 371 eritbeus
232 313 374 381 Christus,
389 319 416 370 et
432 327 490 368 non
514 312 608 369 omnis
631 323 721 368 causa
740 323 790 381 per
805 312 829 364 A
1247 305 1328 361 xxti

77 417 98 460 u
112 410 247 459 nostrum
266 403 366 458 lesum
381 401 539 459 Christum.
897 397 975 464 Quod
992 398 1066 451 sotus
1084 396 1168 449 Filius
1184 411 1218 450 eu
1233 391 1388 449 substantia
1409 393 1497 448 Patris
1520 407 1574 447 non
1588 393 1636 459 sit,

345 508 400 564 χχ
1227 489 1252 538 et
1268 487 1372 538 contro.

879 578 1059 644 Hieronymus
1086 574 1134 628 lib.
1160 574 1190 626 ll
1223 572 1262 626 ad
1283 570 1485 628 l’ammoeliium
1522 573 1548 624 et
1577 570 1689 624 Mareel-

77 604 179 673 primus
197 601 319 670 psalmus
336 598 369 652 de
390 597 496 653 Christo
516 599 552 652 sit
567 593 751 666 accipiendus,

316 673 341 723 et
353 685 417 723 non.
844 666 899 719 tam
913 679 924 714 :
944 663 1050 720 Contra
1065 667 1262 718 accusatorem
1277 660 1406 715 detonsio
1421 674 1428 712 τ
1451 658 1542 715 mulla
1558 658 1589 713 in
1608 657 1692 715 libris

79 777 157 832 pmus
178 763 209 814 in
231 760 336 827 mojori
360 757 495 811 breviario
514 755 549 818 (ll
566 768 630 825 app.
649 768 676 824 p.
706 755 789 822 litt:
845 752 960 811 Eusebii
984 751 1121 808 scandala
1145 749 1332 819 reperiuntur
1345 756 1373 804 et
1400 747 1589 818 apertissimae
1617 745 1692 803 blas·

77 856 267 920 tpeceatornm
286 863 339 902 non
363 847 435 901 stetit
456 844 541 913 (Psal.
559 844 589 914 ι).
617 843 679 900 Non
697 843 787 899 dixit:
846 841 977 912 phemiae.
994 840 1068 896 llicit
1085 839 1188 895 Filium
1202 837 1294 893 Patris
1318 837 1520 904 ministerium,
1549 835 1690 906 Spiritum

78 939 205 1008 bulavit;
230 937 284 992 boc
314 937 421 1007 uaippo
441 931 617 1005 impossibile
631 940 693 1001 est;
721 932 791 1002 quia
845 938 977 988 sanetum
993 943 1051 984 non
1078 927 1112 983 de
1126 927 1225 983 eadem
1245 926 1337 982 Patris
1366 924 1491 995 ruitque
1514 924 1689 980 substantia.

78 1028 366 1098 bsquopeccatonon
388 1022 475 1089 stetit,
504 1023 558 1077 boc
581 1027 697 1076 estnon
727 1033 792 1089 per·
846 1020 1007 1075 ambronas
1020 1017 1057 1071 lib
1086 1015 1131 1074 tv
1159 1016 1192 1070 de
1216 1017 1360 1081 trinitate,
1379 1029 1440 1083 cap.
1459 1015 1497 1068 V:
1520 1015 1636 1067 trevento
1650 1019 1690 1067 est

78 1123 86 1170 t
102 1115 131 1170 in
150 1113 263 1180 delicto,
279 1112 328 1167 sed
344 1125 395 1182 per
411 1109 610 1181 poenitentiam
635 1108 670 1164 ad
692 1108 790 1165 melio·
845 1111 876 1163 in
896 1114 973 1162 utero
988 1105 1087 1160 tabms
1108 1104 1141 1158 de
1156 1104 1264 1174 Spiritu
1278 1101 1451 1174 sanetottt).
1467 1101 1550 1166 Quod
1567 1114 1637 1172 ergo
1652 1114 1690 1157 ex

78 1209 220 1260 arsusest.
241 1203 327 1256 llam:
358 1202 392 1254 m
407 1201 499 1254 omnin
515 1213 681 1268 paeanaque
707 1199 791 1264 tardet
847 1197 945 1267 aliquo
970 1202 1022 1264 est,
1049 1200 1100 1250 aut
1115 1207 1151 1250 ex
1172 1193 1334 1250 substantia
1360 1199 1403 1248 est
1426 1199 1477 1248 aut
1491 1204 1528 1246 ex
1553 1196 1691 1260 potestate

79 1291 180 1344 buntur
195 1288 286 1360 (ibid.)
298 1287 389 1343 tndaei
407 1287 486 1342 buno
511 1285 654 1355 psalmum
682 1283 791 1339 dictum
846 1285 925 1357 ejns;
940 1298 977 1339 ex
990 1283 1163 1347 substantia,
1187 1281 1262 1338 sicut
1283 1282 1307 1337 si
1332 1280 1430 1350 Filius,
1444 1280 1494 1351 qui
1506 1280 1562 1335 ait:
1580 1280 1622 1333 iia
1645 1294 1692 1333 ore

78 1380 187 1436 ¹‚limant
202 1378 236 1433 de
250 1376 339 1445 losia,
365 1375 442 1446 quod
458 1373 537 1430 solus
562 1373 636 1429 inter
658 1370 792 1442 prolanos
846 1376 987 1430 altissimi
999 1370 1110 1443 prodici
1131 1372 1227 1442 (uncti.
1242 1369 1338 1441 xxiv),
1364 1371 1438 1426 sicut
1466 1368 1591 1439 Spiritus
1607 1368 1693 1440 quia

78 1482 101 1522 n
123 1465 226 1522 abierit
249 1465 277 1519 in
310 1462 428 1520 consilto
444 1461 610 1532 impiorum,
635 1461 684 1516 sed
707 1473 792 1516 secu·
847 1461 930 1518 Patre
945 1459 1087 1530 procedit3
1105 1472 1141 1514 ex
1159 1464 1305 1529 potestate,
1335 1457 1408 1513 sicut
1437 1455 1508 1513 illud
1523 1462 1588 1512 est:
1617 1456 1692 1510 Unus

78 1553 337 1627 ¹isse¹1¹Di³bU¹1d⁶
360 1553 486 1609 h⁰⁰²ffl
511 1555 602 1606 omnia
626 1563 793 1620 immittit
849 1559 921 1613 Dens
939 1559 1029 1624 Pater,
1045 1570 1145 1626 eoquo
1172 1557 1273 1609 onania.
1291 1557 1402 1613 Niceten
1420 1552 1563 1623 synodus:
1592 1551 1693 1609 Credi-

78 1644 294 1714 roeperatuntur
327 1643 361 1698 do
391 1641 470 1698 nullo
509 1648 674 1698 sanctorum
704 1638 792 1708 accipi
810 1654 830 1707 Β
849 1657 914 1701 mus
942 1644 971 1699 ln
997 1657 1090 1698 unum
1118 1643 1207 1698 Deum
1233 1643 1345 1698 Patrem
1369 1641 1606 1711 omnipotentem,
1632 1652 1694 1696 om·

78 1730 120 1788 risi
137 1731 252 1788 forte'in
268 1730 368 1786 tuturo
393 1728 511 1786 saeculo·
539 1729 639 1786 Melius
655 1728 745 1800 igitur
759 1727 793 1782 do
848 1734 930 1791 nium
959 1732 1116 1789 visibilium
1148 1730 1418 1801 invisibiliunmque
1441 1729 1592 1797 lactorem;
1618 1734 1647 1783 et
1664 1728 1693 1785 in

79 1820 199 1892 ligimus
224 1819 439 1889 hotniuetluia
462 1817 608 1874 salvatore
628 1822 794 1886 assumptus
849 1838 943 1880 uuum
960 1822 1223 1878 Dominumtesum
1251 1819 1408 1888 Christum,
1431 1818 1535 1876 lilium
1569 1818 1618 1874 Dei
1642 1830 1691 1873 na·
1778 1853 1780 1857 ψ

90 1931 148 1989 quo
163 1918 220 1988 lot)
245 1917 334 1971 alium
351 1914 549 1984 assumpsisse,
571 1913 660 1970 alium
684 1927 794 1969 assum·
849 1919 911 1969 tum
934 1925 971 1969 ex
996 1913 1078 1966 Patre
1105 1909 1298 1981 unigenitum,
1328 1909 1381 1965 hoc
1399 1916 1440 1965 est
1463 1922 1500 1964 ex
1528 1906 1691 1965 substantia

79 2018 108 2063 se
123 2012 279 2071 testemur;
295 2004 344 2061 sed
359 2018 417 2075 quo
446 2018 524 2060 unus
539 2009 627 2074 atque
653 2002 726 2058 idem
751 2001 794 2058 Fi·
849 2001 949 2070 Patris,
968 2001 1059 2057 Deum
1073 2014 1107 2056 ex
1130 1999 1196 2065 beo,
1216 1998 1315 2055 lumen
1330 1999 1364 2056 do
1378 1998 1496 2066 lumine,
1511 2005 1566 2054 etc.

84 2102 112 2153 et
129 2095 218 2151 Filius
230 2094 364 2150 hominis.
388 2093 462 2148 idem
480 2094 509 2147 in
533 2093 633 2147 mireari
648 2091 794 2157 breviario,
1052 2122 1055 2127 ·
1214 2087 1318 2143 xxltt.

78 2183 214 2255 iincipit:
238 2182 410 2238 Psalterium
435 2189 478 2237 est
503 2182 587 2251 quasi
611 2193 716 2252 magna
741 2180 795 2236 do-
849 2179 927 2246 Quod
939 2178 1061 2250 Spiritus
1085 2179 1192 2232 Domini
1213 2176 1355 2244 terebatur
1377 2191 1459 2245 super
1477 2190 1565 2245 aquas
1587 2173 1694 2228 intelli-

79 2280 146 2330 ralus
160 2277 203 2327 oir·
218 2276 266 2341 peti
280 2287 334 2326 non
348 2269 529 2341 oblitterata).
543 2269 665 2336 Quidam
681 2276 795 2340 putant,
992 2266 1110 2335 pendam
1126 2269 1162 2320 sit
1176 2265 1209 2320 de
1219 2266 1326 2334 Spiritu
1340 2269 1435 2319 sancto
1449 2271 1473 2318 et
1488 2278 1553 2318 non.

79 2378 100 2420 ts
118 2360 403 2419 istevirsecundum
430 2359 577 2416 hominem
592 2357 723 2415 Christus
746 2358 793 2413 Sit·
888 2365 1049 2420 Arnbrosins
1086 2363 1127 2417 De
1156 2365 1344 2428 sacramentis,
1381 2376 1503 2417 sermone
1531 2361 1561 2416 l:
1590 2359 1695 2419 Vidisti

78 2451 166 2507 tidem
194 2449 330 2507 V⁰¹11¹¹i³⁸
352 2448 419 2520 (52),
449 2448 498 2505 ⁵011
525 2447 668 2517 imperitia
683 2453 746 2513 0³13
771 2445 796 2501 si
851 2467 945 2526 aquas
964 2466 1022 2509 non
1041 2451 1127 2520 solas,
1141 2452 1225 2508 eredo
1240 2451 1399 2507 divinitatis
1414 2449 1473 2507 illic
1502 2450 1599 2519 adesse
1622 2461 1695 2519 prae·

79 2540 203 2596 ibetius
217 2538 266 2594 hic
281 2537 412 2594 Christus
426 2543 478 2603 0⁸¹·
494 2543 522 2592 θῑ
549 2536 681 2593 Christus
704 2535 796 2606 ligem
852 2541 983 2599 sentiam.
1000 2542 1122 2612 Spiritus
1136 2540 1276 2609 fuebatur
1295 2555 1378 2609 super
1404 2555 1502 2609 aquas,
1531 2537 1600 2595 dicit
1628 2539 1696 2594 Pro·

79 2628 208 2699 {uomodo
221 2627 256 2682 de
282 2625 394 2683 Christo
410 2626 536 2682 dicitur:
557 2626 588 2678 m
608 2624 664 2694 leae
691 2624 797 2679 nomint
853 2631 948 2702 pbeta.
968 2629 1173 2685 Veroooommt
1188 2629 1249 2685 cale
1263 2630 1367 2699 pemati
1381 2633 1456 2696 sont,
1480 2632 1506 2682 a
1518 2629 1622 2698 spa-iro
1641 2630 1696 2680 oris

94 2719 152 2787 ejas
166 2715 181 2771 i
197 2715 296 2788 (ibid.)
320 2714 450 2785 lienique
465 2713 608 2785 quomodo
622 2712 704 2769 alteri
720 2712 798 2784 ligno
853 2719 1008 2788 ejusomnis
1024 2720 1112 2773 uirtus
1133 2733 1224 2773 eorum
1243 2717 1328 2787 (Psoi.
1353 2718 1455 2788 xxxiii.
1475 2715 1530 2784 Qui
1552 2728 1639 2785 super
1660 2714 1698 2771 le-

79 2814 148 2874 atur,
177 2813 204 2862 θῑ
229 2804 352 2861 dicitur:
378 2806 413 2859 Et
441 2805 494 2858 itii
526 2807 658 2868 ‘adduam
694 2803 798 2868 tionum
853 2808 982 2874 rebatur,
1007 2807 1192 2877 operabatur.
1228 2806 1331 2876 accipe
1363 2805 1442 2861 aliud
1471 2803 1695 2862 testimonium:

79 2895 207 2950 lentatum
223 2897 263 2948 est
281 2908 357 2948 secus
379 2893 507 2947 aecensus
535 2907 671 2962 aquarum
696 2890 796 2961 (tota).
855 2898 914 2954 Non
927 2896 1108 2965 permanebit,
1133 2894 1235 2965 inquit,
1254 2896 1370 2965 spiritus
1383 2909 1459 2950 meus
1480 2895 1510 2948 in
1531 2891 1693 2956 bominibus,

79 2984 131 3041 nod
146 2996 358 3054 comparamus,
384 2981 481 3038 minus
493 2989 535 3039 est
562 2981 598 3037 ab
614 2995 646 3039 eo
676 2980 724 3036 oui
741 2979 796 3050 (53)
813 2994 837 3052 0
853 2987 921 3054 puin
936 2985 1059 3039 camales
1073 2983 1128 3056 (57)
1153 2989 1218 3039 sunt
1231 2982 1308 3054 (den.
1323 2982 1384 3053 tr);
1400 2998 1458 3055 quo
1482 2982 1605 3039 ostendit
1623 2983 1698 3039 heus

79 3081 147 3130 itur.
173 3072 283 3130 Videtis
298 3072 389 3143 igitur
405 3070 474 3142 quia
497 3084 585 3140 super
605 3069 717 3126 bomini
733 3082 799 3139 per·
854 3072 926 3143 quia
940 3073 1086 3130 carnalem
1100 3073 1315 3129 immunditiam
1334 3072 1428 3145 gratia
1441 3071 1599 3143 spiritualis
1618 3084 1699 3128 aver·

78 3167 202 3232 npotest
217 3159 400 3231 interpretari
416 3159 555 3229 psalmus,
583 3158 632 3215 sed
661 3157 799 3230 generali·
854 3163 887 3218 tit
910 3162 978 3232 (58).
1004 3162 1079 3218 laem
1102 3163 1132 3215 in
1158 3164 1327 3217 hexameron
1354 3160 1387 3216 dc
1407 3161 1451 3216 aie
1478 3162 1567 3232 primo
1593 3159 1655 3231 (lib.
1673 3161 1697 3216 l.

80 3250 195 3308 uolibet.
854 3264 918 3320 cap.
943 3253 970 3316 8)
986 3265 993 3305 :
1008 3253 1045 3305 Et
1067 3251 1191 3320 Spiritus
1208 3251 1314 3305 bomini
1335 3249 1476 3316 terebatur
1503 3264 1585 3320 super
1610 3264 1697 3319 aquas

339 3337 418 3394 XXl.
855 3338 926 3409 (Gen
947 3341 978 3408 t).
1009 3338 1149 3409 Spiritum
1166 3346 1305 3395 sanetum·
1320 3339 1490 3412 accipimus,
1524 3347 1556 3394 ut
1576 3338 1607 3394 in
1630 3351 1697 3394 oon·

79 3446 149 3502 lup:
181 3467 192 3496 ‹
208 3446 353 3501 Eructavit
381 3460 426 3500 cor
454 3460 542 3499 meum
566 3444 675 3500 vertum
703 3443 801 3499 pomp„
856 3428 1006 3485 stitutione
1039 3427 1140 3484 mundi
1172 3440 1259 3497 opera
1294 3427 1442 3484 trinitatis
1463 3427 1520 3499 (59)
1555 3427 1699 3495 eluceant,

98 3518 187 3588 xciv),
203 3537 213 3566 ι
227 3516 260 3570 de
281 3517 529 3584 penerationeltilit
547 3519 583 3572 ait
601 3515 799 3586 accipiendum,
856 3517 1006 3573 Praemisso
1020 3515 1097 3573 enim
1113 3515 1182 3587 qnia
1194 3517 1223 3567 in
1237 3518 1374 3585 principio
1391 3517 1457 3582 tecit
1477 3517 1552 3571 deus
1565 3516 1659 3571 cetum
1673 3521 1698 3570 et

79 3607 82 3625 '
857 3611 958 3661 terram
974 3604 1078 3677 (ibid),
1098 3604 1125 3659 id
1140 3604 1227 3660 estin
1240 3603 1352 3660 Christo
1368 3604 1412 3660 vel
1433 3618 1483 3676 per
1500 3604 1605 3661 Filium
1623 3607 1698 3663 bens

79 3696 170 3763 opinus
186 3692 215 3749 in
230 3692 339 3762 psalmo
355 3691 441 3750 xtlv
457 3707 463 3747 :
480 3694 622 3747 Eructavit
641 3707 687 3747 cor
714 3707 802 3747 meum
856 3695 931 3761 lecit,
955 3694 1027 3764 quia
1049 3697 1142 3748 omnia
1156 3708 1209 3762 per
1236 3696 1327 3761 ipsum
1349 3694 1426 3759 sacta
1451 3699 1524 3763 sunt,
1550 3702 1700 3765 supererat
1798 3749 1801 3754 .

80 3783 188 3838 bonum.
212 3780 342 3837 Psalmus
357 3781 410 3836 isto
424 3781 557 3837 initiatur
572 3780 626 3849 (54)
651 3794 720 3837 voce
749 3795 803 3851 pa·
858 3781 1006 3855 plenitudo
1026 3781 1199 3852 operationis
1215 3781 1368 3851 inspiritu‚
1391 3782 1465 3838 sicut
1485 3783 1699 3852 scriptumest:

79 3873 214 3928 iruetaoit
229 3885 274 3925 cor
292 3885 384 3924 muro
406 3869 517 3924 uerbum
536 3883 594 3925 non
617 3868 653 3925 de
681 3869 803 3940 conjun·
862 3872 947 3928 Verbo
969 3871 1082 3925 Domini
1105 3870 1164 3924 coti
1188 3871 1293 3940 firmati
1315 3873 1391 3937 sient,
1416 3878 1467 3925 etc.
1501 3869 1627 3939 Spiritus
1649 3868 1701 3926 Dei

80 3973 209 4031 orporea,
224 3959 272 4015 sed
287 3959 321 4015 do
347 3959 454 4025 corde;
475 3958 594 4029 protulit
607 3957 724 4029 aequale
748 3957 804 4014 sibi
858 3960 1095 4031 superierebatur
1113 3971 1224 4029 aquas3
1251 3957 1381 4014 ornando
1418 3957 1474 4030 (60)
1514 3957 1593 4014 enim
1623 3955 1702 4028 polos

80 4066 97 4117 t,
118 4063 169 4121 per
182 4048 259 4120 quod
274 4047 350 4104 lacta
365 4055 435 4104 sunt
448 4047 564 4114 omnia,
576 4046 636 4102 dico
651 4062 698 4114 eoo
722 4061 804 4116 opem
859 4050 922 4106 omli
938 4047 1144 4120 germinaturis
1158 4047 1243 4104 terris
1259 4047 1381 4117 pulchra
1402 4047 1522 4118 spiritus
1539 4045 1702 4117 superiere-

80 4141 106 4208 i;
121 4138 226 4209 loquor
249 4137 302 4207 ipsi
329 4135 426 4199 verbo,
455 4136 517 4206 regi
545 4135 614 4205 illio,
644 4142 673 4192 et
701 4141 806 4192 cuncta
860 4138 957 4204 batur,
978 4137 1048 4208 quia
1060 4150 1109 4207 per
1128 4136 1222 4206 ipsum
1245 4135 1390 4192 habebant
1405 4149 1547 4193 novorum
1564 4142 1701 4206 partuum

80 4235 158 4285 ntur.
176 4227 301 4282 idemne
317 4227 389 4281 Filio
401 4224 518 4295 prodipo
533 4222 595 4296 (lv,
614 4226 674 4295 (55)
691 4240 698 4279 :
723 4224 806 4280 vitu·
860 4226 973 4283 semina
985 4224 1157 4297 germinare,
1172 4223 1332 4281 secundum
1348 4225 1426 4295 qnod
1440 4223 1512 4280 dixit
1536 4223 1678 4295 Propheta
1694 4239 1701 4279 ε

80 4317 188 4385 inatus,
218 4316 269 4388 qui
295 4316 331 4371 ad
356 4314 530 4386 punitentia
559 4314 615 4384 (55)
641 4312 962 4407 immolaturDEmttte
995 4312 1125 4384 spiritam
1159 4318 1249 4382 tatum,
1274 4320 1330 4369 etc.
1366 4314 1448 4383 (Psoi.
1475 4313 1546 4383 ene)
1574 4312 1705 4384 Denique

84 4405 174 4476 ‚ipse
206 4404 339 4461 Salvator
362 4410 415 4471 est,
442 4405 529 4475 cujus
554 4402 683 4474 quotidie
719 4415 805 4459 carne
861 4404 960 4476 Syrus,
978 4402 1158 4474 quivieinus
1176 4402 1356 4471 Habronem,
1377 4403 1419 4458 sic
1446 4402 1556 4460 babet:
1581 4405 1616 4458 ut
1643 4401 1705 4472 Spi-

80 4508 116 4561 tr,
133 4507 235 4549 cruore
251 4500 395 4563 potamur,
413 4489 589 4562 pinguedine
613 4491 746 4559 saturati,
775 4489 805 4546 in
859 4498 930 4549 ritus
943 4493 1045 4548 bomini
1058 4492 1168 4560 tacebat
1183 4507 1281 4562 epuns,
1309 4491 1337 4547 id
1351 4499 1394 4549 est
1408 4491 1586 4558 vivificabat,
1613 4497 1646 4548 ut
1675 4491 1704 4547 in

98 4581 220 4638 laudum
248 4579 304 4652 (56)
330 4581 395 4650 ejus
431 4579 616 4648 erumpimus
649 4579 804 4635 dicentes:
860 4596 951 4640 noras
975 4588 1090 4653 cogeret
1108 4589 1257 4638 creaturas
1282 4589 1309 4637 et
1338 4580 1477 4638 loetusuo
1503 4581 1647 4638 animaret
1670 4579 1707 4636 ad

80 4673 101 4724 it
132 4685 178 4725 cor
205 4685 303 4738 meum,
328 4676 399 4738 ete.;
419 4667 484 4724 licet
522 4668 643 4738 quidam
671 4667 806 4738 supersit·
860 4671 959 4728 vitam.
978 4670 1048 4726 Nam
1063 4670 1149 4726 etiam
1169 4669 1308 4740 Spiritum
1325 4679 1459 4727 sanctum
1481 4669 1603 4743 legimus
1630 4683 1705 4726 crea-

80 4759 135 4831 tgis
150 4772 239 4830 quam
266 4771 342 4824 rere,
372 4771 430 4813 non
453 4757 668 4813 considerantes
692 4763 803 4813 textam
859 4767 961 4828 torem,
978 4759 1089 4816 dicente
1111 4759 1183 4816 tob:
1212 4759 1334 4829 Spiritus
1358 4759 1468 4815 ditwinus
1496 4763 1544 4830 put
1571 4760 1636 4828 terit
1663 4773 1706 4814 me

104 4862 141 4905 ex
170 4847 262 4905 Patris
302 4859 423 4918 persona
459 4846 513 4903 boc
551 4845 732 4903 arbitrantur
759 4846 803 4903 in·
859 4848 918 4919 ttae
934 4849 1048 4918 xxxin).
1065 4848 1160 4903 laarn:
1177 4847 1250 4916 Sive,
1268 4855 1300 4905 ut
1324 4849 1444 4919 quidam
1471 4849 1581 4916 volunt,
1610 4861 1705 4904 aerem

859 4937 1013 5007 accipiant,
1027 4937 1218 5007 respondeant
1233 4951 1292 5009 qna
1315 4938 1426 4994 rationo
1449 4937 1555 4994 dixerit
1572 4936 1707 5008 spiritum

80 5059 146 5118 don.
163 5077 170 5118 :
187 5061 270 5131 quod.
860 5061 907 5118 bet
921 5063 1060 5116 uirtutum
1071 5060 1188 5114 taudem.

80 5132 109 5188 ln
137 5133 200 5189 cod.
220 5134 291 5189 tlon
326 5132 432 5189 desunt
460 5131 570 5190 verba:
601 5131 670 5188 bona
696 5133 805 5204 quidem
896 5130 955 5201 (57)
970 5131 1042 5187 Mon.
1064 5130 1094 5186 in
1118 5131 1251 5203 margine
1271 5131 1368 5189 addit:
1400 5132 1512 5188 Graecus
1540 5132 1646 5190 babet:
1675 5149 1709 5189 ea

80 5217 97 5256 t.
860 5203 972 5272 Spiritu
987 5204 1079 5256 sancto
1093 5199 1192 5272 (nato.
1209 5219 1228 5268 r,
1244 5203 1299 5274 le).

81 5274 152 5331 tous.
167 5290 173 5329 :
191 5275 249 5339 oui.
899 5271 966 5344 (57⁸)
982 5274 1088 5329 Cous:
1105 5287 1213 5329 earnes.

81 5346 152 5401 tons.
169 5346 344 5400 :nuntiatum
902 5342 1043 5414 (bullion.
1060 5357 1067 5397 ε
1083 5348 1226 5398 avertitur.

81 5415 156 5473 lons.
171 5431 177 5468 :
196 5417 307 5485 patrie.
901 5413 959 5483 (59)
972 5411 1057 5469 Cous·
1073 5413 1257 5470 :divinitatis

81 5485 147 5546 hoco
161 5486 317 5546 verborum
333 5486 363 5542 in
376 5489 487 5542 ructum
498 5483 624 5544 laudum.
648 5483 733 5543 Cous.
755 5482 805 5541 ha·
903 5484 966 5555 (60)
980 5482 1054 5542 tlon.
1068 5485 1232 5554 immanem
1242 5484 1310 5543 edit.
1324 5486 1448 5555 annaio
1456 5487 1530 5560 polo.
